4048 6180
218 304 335 364 405

1401 304 1901 365 EXPLANATIO
1944 304 2023 365 IN
2067 304 2448 366 PSALMOS.

3507 313 3628 373 406

214 436 666 494 considerantes
695 434 980 491 malitiam
1010 451 1211 491 eorum
1257 452 1586 504 conversos,
1619 434 1874 492 ostendit
1900 435 1956 505 Α
1987 436 2158 491 detur
2185 440 2405 506 votum,
2435 459 2455 487 ιο
2483 437 2542 493 id
2573 442 2679 507 est,
2704 437 2832 496 laus
2856 461 2876 489 ιι
2912 439 2970 495 in
3007 460 3029 490 ο
3054 458 3309 515 superna
3337 462 3359 493 ι
3388 443 3632 502 Jerusa-

215 542 499 599 magnam
528 524 1015 598 gloriﬁcationem
1044 524 1279 581 Christi.

283 636 305 666 ι
341 614 693 671 Laetabitur.
720 637 741 666 ι
776 613 911 687 Dixi.
957 614 1288 671 conturbati
1347 617 1505 684 sunt,
1538 618 1595 671 et
1642 615 1714 670 de
1760 614 1870 671 hac

208 704 662 762 conturbatione
686 726 706 755 σ
745 703 1039 760 laetabitur
1060 727 1083 758 ι
1120 704 1314 760 omnis
1342 706 1586 777 «justus
1611 726 1632 755 ι
1664 722 1778 758 non
1809 704 1868 759 in

206 812 289 865 se,
311 796 422 851 sed
450 816 474 845 ι
498 795 560 850 in
593 794 862 864 Domino,
886 797 944 850 et
974 794 1234 868 sperabit
1263 795 1323 849 in
1356 812 1422 849 eo
1450 814 1472 844 ι
1503 792 1681 849 vitam
1714 798 1871 848 aeter-

209 902 344 941 nam
378 901 394 941 :
426 908 449 935 ι
484 888 544 941 θῖ
572 884 1026 953 laudabuntur,»
1055 883 1113 939 id
1146 888 1254 953 est,
1278 882 1604 940 laudabiles
1635 899 1872 956 appare-

208 976 357 1031 bunt
393 994 417 1024 ι
450 988 661 1032 omnes
691 973 832 1031 recti
862 974 1108 1030 corde..-

697 1098 769 1155 IN
809 1097 1156 1154 PSALMUM
1200 1097 1387 1154 LXIV.

209 1190 489 1246 Trruws.
522 1189 586 1242 In
631 1189 798 1260 ﬁnem
840 1188 1086 1260 psalmus
1119 1186 1325 1260 David.
1359 1186 1645 1243 Canticum
1688 1186 1871 1260 Aggzei

275 1268 329 1316 et
352 1258 637 1323 Ieremia,
660 1267 714 1315 et
751 1258 1069 1327 Ezechielis,
1096 1258 1163 1315 de
1200 1260 1360 1315 verbo
1385 1259 1867 1331 peregrinationis,

277 1341 330 1415 ει
446 1332 655 1415 populo
694 1332 1216 1403 transmigrationis,
1240 1348 1366 1386 cum
1404 1332 1705 1404 inciperent
1740 1346 1870 1402 pro-

272 1406 478 1476 ficisci.

282 1530 307 1571 β
338 1511 424 1566 Τθ
458 1510 686 1566 decet»
708 1508 995 1566 Jeremias
1026 1509 1392 1581 prophetavit
1434 1508 1674 1578 Judmis,
1710 1509 1867 1580 quod

209 1603 449 1674 propter
464 1604 771 1672 peccatum
791 1598 1307 1670 captivarentur,et
1323 1599 1558 1654 tandem
1576 1599 1634 1653 in
1654 1603 1869 1654 terram

210 1689 365 1744 unde
395 1687 647 1756 exirent,
670 1690 1113 1744 reverterentur.
1148 1688 1396 1760 Aggzeus
1423 1705 1556 1743 vero
1588 1705 1702 1743 non
1736 1705 1871 1760 pro-

209 1776 475 1850 phetavit
527 1774 944 1849 captivitatem,
976 1776 1079 1832 sed
1126 1776 1414 1831 successit
1459 1776 1745 1845 Jeremize,
1769 1776 1868 1849 qui

209 1870 487 1923 mortuus
516 1865 651 1933 fuit,
686 1865 829 1921 dum
873 1869 1071 1922 essent
1099 1865 1286 1921 Judaei
1326 1865 1385 1920 in
1427 1865 1782 1937 captivitate,
1816 1870 1875 1921 et

209 1955 336 2028 ipse
362 1955 620 2027 Aggreus
640 1953 1007 2026 prophetavit
1034 1953 1314 2022 reditum,
1338 1957 1396 2008 ct
1426 1953 1537 2009 fuit
1564 1952 1625 2009 in
1657 1953 1868 2025 reditu,

210 2042 310 2115 qui
334 2047 573 2099 mortuo
600 2041 1139 2100 Nabuchodonosor
1157 2042 1445 2099 successit
1466 2041 1618 2099 alius
1639 2060 1755 2113 rex,
1771 2043 1870 2115 qui

210 2130 429 2188 timens
455 2131 646 2187 Deum
668 2130 894 2187 dimisit
922 2130 1228 2204 populum.
1253 2131 1360 2187 Per
1385 2131 1539 2187 hanc
1569 2131 1871 2204 captivita-

209 2224 327 2276 tem
348 2219 771 2276 intellexerunt
790 2220 902 2294 ipsi
926 2220 1321 2292 captivitatem
1343 2219 1588 2276 humani
1621 2219 1870 2294 generis,

212 2308 270 2364 in
301 2325 428 2382 qua
459 2312 736 2365 tenentur
768 2308 829 2365 in
866 2309 1178 2382 Babylone,
1214 2309 1272 2364 id
1303 2314 1411 2377 est,
1444 2310 1504 2365 in
1535 2309 1875 2366 confusione

213 2402 621 2471 peccatorum.
636 2398 743 2454 Per
765 2399 1019 2454 reditum
1033 2415 1168 2455 vero
1190 2398 1448 2467 illorum,
1463 2399 1875 2455 intellexerunt

214 2488 477 2544 reditum
509 2491 777 2543 nostrum
801 2487 861 2543 in
892 2491 1109 2543 terram
1141 2488 1575 2561 promissionis,
1602 2489 1659 2543 id
1679 2493 1788 2554 est,
1813 2486 1873 2541 in

210 2592 540 2650 supernam
570 2576 920 2634 Jerusalem.
945 2576 1180 2634 Titulus
1220 2576 1305 2633 sic
1343 2578 1685 2650 exponitur:
1721 2575 1877 2632 Psal-

212 2684 351 2722 mus
372 2666 489 2722 iste
507 2667 779 2723 convenit
797 2666 1091 2739 propheta:
1112 2670 1170 2722 et
1185 2666 1318 2723 aliis
1339 2666 1751 2735 redeuntibus;
1774 2665 1876 2738 qui

214 2755 493 2828 psalmus
523 2759 614 2811 est
656 2755 951 2812 canticum
990 2755 1253 2812 Jeremiee
1285 2760 1343 2812 et
1369 2756 1583 2829 Aggzei,
1607 2756 1749 2828 quia
1775 2772 1876 2811 ex-

219 2844 392 2917 ponit
414 2842 589 2899 nobis
609 2842 778 2911 illud,
801 2844 956 2899 unde
986 2844 1691 2903 maximeexsultaverunt
1718 2845 1916 2922 Jerc-.

217 2933 372 2989 mins
403 2935 463 2989 et
492 2934 764 3005 Aggieus,
789 2932 910 2989 sive
950 2931 1281 3000 Zacharias,
1312 2938 1370 2990 et
1397 2934 1588 2989 cantari
1629 2934 1729 3005 qui
1771 2934 1880 2989 hoc

219 3020 593 3090 intellerunt,
617 3019 857 3088 scilicet,
888 3020 1141 3077 reditum
1162 3021 1407 3077 humani
1426 3022 1656 3095 generis
1678 3023 1749 3077 ad
1781 3040 1880 3079 su-

215 3127 468 3185 pernam
492 3108 880 3178 Hierusalem,
895 3127 928 3166 a
945 3127 1063 3182 qua
1077 3110 1449 3167 exulaverant
1468 3128 1572 3183 per
1587 3111 1761 3184 primi
1785 3129 1883 3184 pa-

216 3179 409 3258 rentis
438 3199 925 3268 inobedientiam,
944 3179 1239 3256 canticum
1271 3201 1343 3256 de
1370 3179 1563 3269 verbo,
1587 3179 1647 3256 id
1673 3179 1881 3270 est,_de
1910 3179 1955 3247 ο

216 3288 613 3347 exsultatione
641 3288 1150 3361 peregrinationis,
1175 3289 1235 3344 id
1265 3293 1373 3358 est,
1397 3290 1837 3363 peregrinorum
1863 3307 1878 3363 ;

214 3380 397 3437 verbo
427 3376 843 3434 exsultationis
874 3377 1023 3447 dico,
1050 3382 1191 3435 tunc
1222 3377 1442 3449 habito,
1462 3395 1597 3434 cum
1628 3378 1713 3434 illi
1742 3378 1880 3435 inci-

217 3472 427 3541 perent
470 3466 787 3540 proﬁcisci,
836 3466 896 3523 id
945 3471 1036 3524 est
1080 3468 1309 3537 reverti,
1333 3467 1563 3525 Christo
1608 3470 1774 3537 duce,
1808 3470 1881 3525 ad

215 3573 546 3631 supernam
567 3555 1061 3612 Hierusalem.Vel
1084 3558 1157 3613 de
1176 3557 1370 3627 verbo,
1387 3559 1542 3629 quod
1574 3557 1685 3613 fuit
1705 3574 1884 3614 causa

216 3645 737 3721 peregrinationis,
762 3663 877 3718 quo
898 3645 1170 3702 diabolus
1191 3650 1248 3701 et
1266 3647 1382 3703 Eva
1409 3647 1545 3702 Adw
1576 3664 1883 3720 persuase-

217 3741 358 3792 runt
391 3752 405 3791 ε
438 3735 771 3791 secundum
818 3734 928 3791 hoc
976 3733 1247 3790 habitum
1278 3752 1414 3791 cum
1445 3734 1528 3789 illi
1561 3735 1885 3809 inciperent

220 3823 543 3897 proﬁcisci,
570 3822 629 3878 id
659 3827 769 3892 est,
789 3824 995 3880 reverti
1025 3824 1098 3880 ad
1144 3841 1460 3896 supernam
1496 3824 1879 3881 Hierusalem.

218 3914 319 3969 Vel
341 3913 417 3969 de
447 3911 670 3985 populo
688 3912 1245 3986 transmigrationis,
1268 3912 1329 3968 id
1351 3917 1458 3983 est,
1483 3914 1583 3986 qui
1607 3913 1883 3971 transmi-

219 4006 494 4075 graverat
550 4018 586 4057 a
641 4001 1016 4073 perfectione,
1060 4002 1121 4058 in
1180 4019 1297 4074 qua
1353 4006 1583 4059 creatus
1634 4008 1779 4074 erat,
1809 4004 1883 4060 ad

220 4088 630 4163 Babyloniam;
671 4088 730 4144 id
778 4094 886 4159 est,
937 4091 1010 4146 ad
1058 4091 1462 4147 confusionem
1511 4097 1883 4165 peccatorum

220 4179 526 4236 canticum
558 4177 688 4234 dico
727 4181 868 4235 tunc
898 4178 1170 4236 habitum
1208 4180 1280 4235 de
1324 4179 1560 4252 papulo,
1592 4196 1726 4236 cum
1758 4181 1883 4252 ipse

219 4267 484 4342 populus
530 4267 817 4340 inciperet
861 4266 1173 4340 proficisci,
1205 4267 1265 4324 id
1304 4272 1412 4337 est,
1454 4270 1528 4325 ad
1578 4269 1881 4340 antiquam

222 4356 580 4430 dignitatem
612 4356 845 4411 reverti.
881 4354 1125 4412 Materia
1159 4360 1302 4412 sunt
1347 4354 1459 4428 ipsi
1509 4360 1880 4425 revertentes,

222 4446 323 4518 qui
344 4445 445 4502 hic
466 4444 813 4517 loquuntur.
829 4444 1037 4501 Modus
1058 4460 1070 4500 :
1092 4444 1155 4500 In
1174 4444 1366 4518 prima
1387 4449 1551 4518 parte
1571 4444 1683 4517 ipsi
1703 4462 1886 4501 rever-

1980 523 2117 593 lem,
2141 544 2168 577 ι»
2205 525 2304 581 ubi
2332 529 2421 581 est
2450 526 2623 599 plena
2653 528 2798 583 visio
2830 528 3011 600 pacis.

2050 614 2122 669 Et
2149 613 2288 687 quia
2309 614 2413 671 tibi
2442 616 2716 672 reddetur
2739 620 2959 685 votum,
2984 631 3121 693 ergo
3143 637 3176 675 o
3197 620 3351 677 Deus
3382 640 3403 670 ι
3427 621 3637 679 exaudi

1980 702 2300 759 orationem
2333 721 2524 761 meam
2555 729 2576 755 ι
2613 710 2677 761 υῖ
2706 706 2930 778 possim
2971 709 3043 763 ad
3095 712 3151 764 te
3201 710 3500 782 pervenire
3532 727 3546 767 :
3579 715 3638 766 et

1980 808 2218 848 necesse
2249 798 2339 849 est
2369 797 2434 849 ut
2462 794 2761 864 exaudias,
2795 796 2936 867 quia
2965 813 3081 853 non
3113 796 3251 854 solas
3282 799 3512 865 animae,
3534 788 3636 854 sed

1985 899 2010 929 ι
2042 881 2235 937 omnis
2267 900 2401 939 caro
2422 883 2495 939 ad
2528 888 2584 940 te
2605 884 2796 940 veniet
2818 904 2845 936 ιο
2873 884 2933 940 in
2956 885 3202 957 judicio.
3224 886 3327 944 Hic
3353 887 3639 962 propheta

1980 974 2179 1042 aperte
2210 972 2697 1030 resurrectionem
2729 974 3063 1031 annuntiat.

2049 1059 2121 1114 Et
2152 1076 2392 1117 necesse
2423 1066 2514 1117 est
2544 1066 2608 1117 ut
2650 1062 2953 1132 exaudias,
2974 1064 3114 1136 quia
3148 1085 3170 1115 ι
3204 1064 3379 1123 verba
3410 1064 3635 1139 iniquo-

1980 1166 2134 1218 rum,
2151 1173 2175 1203 ι
2204 1149 2261 1213 id
2286 1154 2394 1218 est,
2419 1150 2641 1207 diaboli
2664 1155 2721 1208 et
2741 1153 2889 1220 Evze,
2911 1152 3011 1225 qui
3039 1158 3457 1225 persuaserunt
3477 1156 3632 1223 Ada,

1984 1260 2006 1287 σι
2043 1238 2473 1310 praevaluerunt
2522 1256 2700 1313 super
2730 1257 2836 1297 nos
2862 1262 2884 1291 ιο
2920 1241 3061 1313 quia
3088 1258 3194 1298 nos
3238 1242 3296 1298 in
3327 1246 3633 1317 peccatum

1979 1327 2387 1385 demerserunt
2417 1352 2437 1379 α
2474 1333 2530 1387 et
2565 1352 2585 1382 ι
2616 1334 2810 1387 tamen
2838 1351 2864 1383 α
2894 1335 2957 1386 tu
2987 1354 3007 1380 ο
3038 1330 3282 1387 Domine
3309 1354 3330 1381 ιι
3365 1330 3636 1404 propitia-

1979 1416 2135 1472 beris
2166 1417 2571 1489 impietatibus
2600 1419 2819 1476 nostris
2842 1444 2864 1473 ι
2897 1420 3282 1477 condonando
3312 1437 3431 1477 eas.

2056 1527 2077 1553 ι
2116 1506 2326 1561 Beatus
2354 1524 2528 1579 quem
2552 1507 2835 1581 elegisti»
2863 1509 3002 1565 Dico
3035 1513 3096 1564 tu
3128 1508 3557 1582 propitiaberis,
3580 1514 3638 1566 et

1981 1594 2076 1651 ille
2110 1617 2132 1645 ι
2168 1596 2377 1652 beatus
2414 1622 2435 1650 υ
2474 1597 2585 1654 erit
2624 1620 2650 1652 α
2682 1615 2857 1670 quem
2907 1602 2971 1654 tu
3019 1598 3319 1671 elegisti,s
3356 1600 3414 1655 id
3462 1604 3569 1667 est,
3604 1618 3638 1655 a

1980 1701 2178 1740 massa
2200 1691 2574 1758 peccatorum
2598 1688 2908 1759 separasti,
2926 1688 3313 1744 convertenda
3331 1688 3401 1743 ad
3421 1688 3598 1744 fidem
3621 1704 3634 1744 :

1988 1793 2015 1827 ι
2043 1777 2100 1828 θῖ
2131 1774 2507 1846 assumpsisti
2542 1797 2562 1824 ιι
2589 1775 2662 1830 ad
2695 1774 3061 1847 dignitatem,
3088 1774 3215 1831 ideo
3246 1775 3476 1845 beatus,
3498 1775 3639 1847 quia

1986 1885 2009 1914 ι
2058 1861 2412 1918 inhabitabit
2467 1862 2526 1919 in
2585 1862 2751 1919 atriis
2810 1863 2947 1933 tuis,
2987 1887 3007 1912 ιι
3059 1864 3117 1919 id
3168 1867 3260 1920 est
3305 1862 3366 1919 in
3414 1862 3636 1920 cmlesti

1981 1951 2365 2018 Hierusalem,
2405 1970 2583 2024 quam
2623 1952 2769 2009 dicit
2808 1952 2975 2023 atria,
3022 1956 3259 2026 propter
3297 1952 3635 2025 amplitudi-

1982 2058 2136 2097 nem.

2051 2130 2185 2186 Ideo
2216 2147 2451 2202 quoque
2481 2130 2688 2187 beatus
2721 2154 2741 2180 ι
2777 2131 2918 2203 quia
2947 2128 3270 2203 replebitur
3298 2129 3357 2185 in
3389 2129 3580 2200 bonis,
3604 2154 3629 2184 ι

1984 2219 2039 2273 id
2063 2223 2170 2287 est,
2191 2219 2603 2291 spiritualibus
2623 2219 2795 2275 bonis
2818 2243 2837 2270 ι
2865 2220 3077 2275 domus
3098 2223 3265 2285 tuae,»
3284 2219 3343 2276 id
3364 2223 3477 2287 est,
3497 2236 3640 2293 pras-

1982 2308 2167 2364 sentis
2186 2308 2476 2376 Ecclesiae,
2493 2309 2595 2364 sed
2612 2308 2752 2382 quia
2773 2309 3057 2381 propheta
3076 2306 3348 2365 universa
3364 2308 3640 2382 intelligit

1984 2397 2054 2451 de
2104 2396 2244 2463 illis,
2278 2398 2407 2453 ideo
2455 2398 2597 2452 dicit
2628 2414 2642 2453 :
2669 2420 2697 2449 «ι
2722 2397 3082 2470 replebimur
3129 2396 3189 2453 in
3239 2397 3410 2454 bonis
3445 2417 3473 2452 ι
3500 2398 3640 2472 quia

1990 2510 2011 2535 ι
2046 2486 2333 2556 templum
2380 2490 2549 2542 tuum
2581 2507 2610 2539 ι
2642 2486 2864 2543 scilicet
2913 2488 3125 2543 domus
3176 2485 3276 2543 illa
3309 2510 3331 2538 σι
3367 2492 3637 2563 sanctum

1983 2578 2127 2643 est,»
2154 2574 2212 2628 id
2234 2580 2343 2646 est,
2369 2576 2617 2631 multam
2644 2576 2820 2632 habet
2838 2577 3233 2647 sanctitatem,
3256 2580 3315 2634 et
3332 2576 3479 2633 illud
3499 2582 3642 2634 tem-

1986 2663 2151 2737 plum
2198 2668 2288 2720 est
2322 2685 2349 2719 α
2380 2664 2648 2721 mirabile
2678 2665 2738 2720 in
2769 2665 3042 2738 azquitate
3076 2687 3099 2717 ι
3136 2666 3276 2738 quia
3322 2665 3469 2722 nulli
3501 2664 3643 2733 facit

1987 2770 2101 2809 mel
2133 2770 2318 2824 aequa.

2056 2842 2282 2906 Quibus
2313 2842 2501 2911 bonis,
2526 2847 2592 2899 ut
2620 2842 2918 2915 possimus
2950 2842 3181 2915 repleri,
3212 2864 3235 2896 ι
3271 2842 3479 2901 exaudi
3509 2860 3638 2911 nos,

1988 2931 2142 2987 Deus
2200 2930 2477 2986 salutaris
2533 2935 2797 2987 noster.»
2834 2932 2937 2988 Hie
2996 2931 3203 3005 incipit
3255 2932 3348 2989 de-
3381 2932 3665 2991 secunda.

1990 3024 2170 3092 parte.
2197 3020 2265 3074 Et
2293 3020 2439 3075 bene
2469 3023 2635 3093 potes
2665 3021 3036 3090 exaudire,tu
3067 3021 3169 3094 qui
3198 3038 3261 3077 es
3290 3040 3317 3070 ι
3345 3037 3480 3094 spes
3509 3037 3641 3077 om-

1992 3110 2156 3164 nium
2188 3109 2397 3164 ﬁnium
2443 3114 2608 3165 terra:
2634 3110 2763 3181 n,id
2812 3114 2920 3179 est,
2955 3109 3262 3167 hominum
3312 3110 3640 3184 positorum

1989 3198 2051 3254 in
2083 3198 2271 3255 solida
2302 3202 2456 3256 terra
2480 3223 2502 3250 ι
2538 3204 2595 3255 et
2622 3199 2681 3255 in
2713 3200 2860 3256 mari
2888 3199 3078 3274 longe,
3103 3221 3131 3252 ››
3156 3200 3216 3258 id
3246 3203 3336 3257 est
3366 3201 3426 3257 in
3459 3216 3642 3257 remo-

1990 3287 2238 3345 tissimis
2269 3288 2501 3345 insulis.

2060 3379 2131 3434 Et
2154 3395 2258 3451 per
2276 3377 2385 3433 hoc
2405 3394 2467 3433 es
2487 3395 2622 3451 spes
2642 3379 3014 3452 earum,quia
3035 3383 3100 3436 tu
3119 3395 3183 3436 es
3208 3402 3230 3430 κ
3255 3395 3592 3454 praeparans
3611 3402 3635 3434 ι

1991 3467 2257 3524 doctrina
2284 3470 2343 3523 et
2370 3466 2754 3541 inspiratione
2780 3493 2802 3519 ι
2826 3472 3078 3538 montes,
3106 3491 3128 3519 ι
3154 3468 3213 3524 id
3235 3473 3326 3525 est
3351 3467 3644 3542 apostolos

1999 3579 2026 3612 α
2058 3558 2116 3612 in
2147 3558 2362 3613 virtute
2391 3562 2554 3625 tua,»
2583 3557 2641 3613 id
2674 3563 2782 3628 est,
2806 3557 2867 3613 in
2890 3558 3219 3614 constantia
3248 3557 3365 3614 illis
3396 3558 3553 3625 data,
3585 3561 3647 3614 et

1990 3646 2138 3702 bene
2169 3650 2332 3718 potes
2364 3662 2707 3718 praeparare,
2731 3645 2832 3718 qui
2862 3650 2927 3702 tu
2958 3663 3021 3702 es
3058 3668 3078 3696 ι
3114 3645 3412 3702 accinctus
3442 3650 3645 3718 poten-

1991 3735 2074 3791 tia
2111 3756 2134 3785 ιο
2170 3733 2511 3803 divinitatis,
2537 3752 2666 3807 qua:
2710 3752 2824 3790 non
2874 3739 2964 3790 est
3012 3733 3181 3807 longe
3212 3752 3247 3788 a
3276 3738 3353 3802 te,
3386 3735 3489 3790 sed
3540 3727 3647 3789 tibi

1992 3823 2270 3892 adhaeret,
2301 3845 2328 3873 «
2351 3823 2453 3895 qui
2490 3846 2512 3873 ι
2549 3840 2655 3895 per
2681 3822 2813 3878 illos
2844 3827 3074 3878 montes
3108 3844 3129 3871 ι
3164 3821 3482 3877 conturbas
3513 3838 3647 3894 pro-

1992 3913 2244 3969 fundum
2271 3912 2507 3979 maris,-
2533 3910 2592 3966 id
2614 3914 2724 3982 est,
2748 3912 2848 3983 qui
2883 3914 3021 3967 sunt
3044 3910 3104 3965 in
3128 3909 3418 3983 profunda
3440 3909 3653 3967 immu-

1993 4000 2282 4057 tabilitate
2314 3999 2493 4071 hujus
2526 3999 2755 4067 mundi,
2781 4003 2838 4055 et
2869 3999 3186 4056 conturbas
3211 4020 3234 4051 ι
3267 4015 3504 4067 sonum,
3531 4021 3553 4050 ιι
3588 3998 3649 4055 id

1991 4095 2100 4160 est,
2136 4093 2412 4146 sonantes
2443 4088 2905 4146 contradictione
2932 4111 2953 4139 α
2990 4089 3280 4145 ﬂuctuum
3313 4088 3443 4165 ejus
3466 4112 3488 4140 ι
3525 4104 3651 4145 ma-

1992 4181 2095 4249 ris,
2127 4180 2185 4235 id
2218 4182 2308 4236 est
2336 4180 2688 4235 ﬂuctuantes
2719 4178 3146 4251 persecutione.

2064 4270 2203 4326 Dico
2234 4268 2521 4326 conturba
2551 4268 2959 4341 sprofondum,
2985 4267 3208 4325 scilicet
3234 4291 3255 4318 ιι
3286 4270 3491 4342 gentes
3518 4270 3650 4324 tur-

1992 4360 2291 4416 babuntur
2311 4383 2334 4413 ι
2371 4358 2444 4414 ad
2477 4356 2881 4430 pcenitentiam
2914 4380 2935 4408 ιι
2961 4360 3018 4414 θῖ
3046 4357 3340 4414 timebunt
3360 4381 3383 4410 ι
3414 4372 3648 4428 pinnam

1993 4466 2097 4522 pro
2126 4448 2379 4521 peccatis
2406 4468 2432 4501 ι
2458 4448 2558 4519 qui
2590 4446 2859 4504 habitant
2887 4447 3169 4503 terminos
3201 4466 3225 4498 ι
3252 4450 3417 4501 terrae
3447 4449 3506 4501 et
3533 4444 3646 4501 hoc

222 4540 416 4592 tentes
430 4550 569 4590 cum
587 4551 696 4590 sua
716 4533 882 4606 prius
898 4532 1279 4590 exsultatione
1296 4533 1627 4591 liberatoris
1650 4533 1882 4590 laudem
1912 4553 1963 4617 Ι)
1996 4559 2019 4587 «ι
2048 4554 2082 4592 a
2102 4535 2288 4608 signis
2311 4534 2483 4603 tnis,-
2506 4534 2564 4589 id
2588 4538 2696 4602 est,
2720 4550 2824 4606 per
2845 4532 3127 4589 miracula
3146 4535 3250 4588 tua
3271 4550 3293 4580 α
3318 4535 3379 4589 et
3398 4530 3646 4588 delecta-

225 4622 592 4680 describunt.
619 4622 685 4678 In
705 4622 968 4679 secunda
996 4626 1161 4694 parte
1191 4622 1514 4694 potentiam
1537 4622 1881 4689 reductoris,

225 4729 354 4785 qua:
387 4711 597 4784 incipit
632 4727 646 4768 :
678 4727 814 4784 spes
844 4710 1112 4767 omnium
1158 4711 1365 4766 {inium
1413 4716 1600 4767 terrae.
1637 4711 1883 4769 Intentio

225 4806 315 4857 est
350 4817 460 4857 nos
489 4801 828 4868 admonere,
852 4817 924 4856 ne
954 4801 1333 4873 desperemus
1354 4801 1425 4855 de
1447 4799 1659 4868 salute,
1683 4806 1887 4857 contra

227 4890 585 4946 sententiam
640 4888 1152 4962 philosophorum,
1201 4888 1417 4961 quibus
1465 4893 1690 4945 certum
1738 4895 1884 4958 erat,

228 4985 363 5054 post
395 4983 644 5036 mortem
674 4982 957 5035 aeternum
986 4978 1202 5035 habere
1221 4978 1577 5050 supplicium
1608 4980 1764 5051 apud
1797 4979 1885 5033 in-

227 5071 404 5126 feros.
435 5070 508 5125 Et
536 5067 650 5140 ipsi
680 5071 1052 5135 revertentes,
1085 5085 1154 5124 ex
1182 5085 1291 5124 sua
1329 5067 1653 5124 reversione
1692 5067 1883 5124 exsul-

227 5163 443 5227 tantes,
476 5158 685 5214 dicunt
719 5175 731 5214 :

304 5271 328 5298 ι
367 5248 412 5304 Ο
442 5249 599 5304 Deus
636 5272 657 5297 ι
685 5248 785 5320 qui
817 5251 1016 5304 noster
1044 5247 1380 5319 redemptor
1406 5263 1488 5313 es,
1518 5269 1538 5295 ι
1575 5251 1630 5302 ῖθ
1660 5248 1826 5302 decet
1860 5270 1881 5296 ιι

230 5353 357 5407 non.
368 5336 619 5410 lapides,
648 5354 763 5391 non
786 5336 965 5404 idola,
986 5356 1008 5386 ι
1028 5336 1285 5409 hymnus
1308 5359 1329 5386 υ
1352 5352 1464 5390 non
1490 5335 1547 5389 in
1573 5335 1884 5407 Babylone,

228 5427 288 5482 id
308 5431 401 5482 est
425 5425 487 5481 in
519 5425 867 5483 confusione
897 5429 1292 5498 peccatorum,
1321 5423 1460 5496 quia
1489 5441 1604 5478 non
1635 5428 1727 5479 est
1756 5442 1885 5497 spe-

227 5515 391 5572 ciosa
408 5514 542 5572 laus
570 5513 631 5570 in
653 5531 751 5571 ore
770 5513 1094 5589 peccatoris
1113 5513 1275 5587 (Eccl.
1296 5516 1409 5582 xv),
1425 5513 1526 5568 sed
1551 5536 1571 5562 ι
1593 5512 1653 5567 in
1676 5512 1814 5569 Sion
1834 5538 1886 5581 ι,

225 5598 289 5662 id
319 5608 428 5678 est,
457 5604 522 5665 in
552 5602 833 5680 Ecclesia,
855 5620 985 5683 quae
1014 5607 1070 5663 te
1098 5600 1441 5679 speculatur
1466 5618 1479 5661 :
1511 5623 1533 5657 α
1558 5606 1616 5663 et
1638 5602 1744 5662 tibi
1764 5604 1891 5665 red-

1994 4626 2109 4690 bis,
2131 4647 2159 4675 ››
2195 4624 2252 4679 id
2284 4627 2394 4695 est,
2421 4621 2791 4679 delectabiles
2828 4621 2933 4677 tibi
2965 4620 3144 4677 facies
3169 4640 3191 4669 ι
3226 4618 3416 4675 exitus
3445 4623 3645 4676 matu-

1993 4714 2099 4771 tini
2139 4717 2197 4769 et
2224 4728 2498 4785 vesperae,
2527 4734 2548 4761 ιο
2584 4710 2642 4766 id
2690 4713 2781 4767 est
2829 4713 3108 4766 exeuntes
3155 4710 3227 4766 de
3274 4708 3647 4779 adversitate,

1993 4802 2217 4861 scilicet
2246 4819 2361 4879 non
2394 4803 2668 4856 curantes
2695 4799 2785 4857 vel
2814 4815 3095 4873 prospera
3122 4798 3213 4857 vel
3243 4799 3504 4856 adversa.

2066 4893 2209 4948 Item
2243 4908 2344 4963 per
2372 4889 2481 4946 hoc
2510 4890 2911 4945 turbabuntur
2937 4891 3163 4962 gentes,
3185 4888 3325 4961 quia
3350 4911 3371 4938 ιι
3396 4884 3647 4959 visitasti

1998 4986 2210 5038 terram
2247 5001 2269 5031 ι
2301 4978 2385 5034 sic
2422 5002 2442 5029 α
2478 4982 2535 5034 et
2580 4977 2884 5035 inebriasti
2932 4994 3062 5033 eam
3085 5001 3108 5030 ι
3148 4976 3367 5050 Spiritu
3418 4977 3643 5040 sancto,

2002 5094 2022 5120 α
2050 5067 2454 5141 multiplicasti
2476 5066 2829 5139 locupletare
2862 5084 3048 5137 eam,»
3065 5064 3304 5132 scilicet,
3330 5059 3648 5133 locupleta-

1997 5158 2214 5213 tionem
2249 5156 2408 5213 illius
2439 5156 2644 5212 multis
2677 5154 2975 5227 ampliasti
3007 5152 3220 5208 modis.

2067 5248 2137 5303 Et
2158 5248 2305 5303 bene
2329 5244 2573 5319 potuisti
2594 5243 2900 5310 inebriare,
2919 5241 3057 5313 quia
3084 5259 3107 5287 ι
3132 5239 3352 5294 ﬂumen
3383 5237 3485 5295 Dei
3512 5262 3564 5307 ι,
3590 5236 3650 5293 id

1996 5341 2105 5404 est,
2131 5334 2532 5391 misericordia
2558 5333 2688 5403 ejus
2713 5353 2739 5382 ‹‹
2761 5333 2851 5386 θεῖ
2889 5328 3175 5400 repletum
3216 5327 3440 5400 aquis,»
3467 5328 3527 5383 id
3559 5330 3651 5401 est

1996 5426 2189 5498 donis,
2207 5442 2333 5497 quae
2354 5423 2548 5478 lavant
2568 5421 2719 5475 sicut
2739 5435 2910 5489 aqua,
2925 5421 2984 5473 et
3006 5433 3123 5472 non
3145 5420 3378 5474 tantum
3404 5417 3652 5491 inebria-

1998 5514 2094 5584 sti,
2109 5514 2210 5571 sed
2231 5512 2405 5570 etiam
2430 5531 2457 5564 ι(
2485 5508 2705 5582 parasti
2727 5505 2925 5562 cibum
2944 5505 3234 5581 illorum,»
3250 5506 3311 5563 id
3327 5510 3419 5565 est
3438 5522 3653 5582 corpus

1997 5611 2187 5666 tuum.
2222 5603 2374 5661 Bene
2405 5598 2533 5660 dico
2566 5601 2630 5657 tu
2661 5596 2903 5673 parasti,
2934 5619 2955 5647 -
2991 5596 3273 5672 quoniam
3304 5596 3652 5681 praeparatio
