4048 6180
387 328 504 389 4οἾ

805 330 1216 392 HAYMONIS
1248 330 1788 394 HALBERSTAT.
1824 328 2068 393 EPISC.
2100 330 2273 391 OPP.
2304 330 2506 392 PARS
2539 331 2584 391 Ι.
2619 366 2695 374 -
2723 331 3129 394 COMMENT.
3162 331 3361 392 BIBL.

3672 329 3792 389 408

390 479 417 512 α
449 464 578 535 ejus
610 485 634 516 ι
670 462 783 519 cibi
820 486 841 512 ι
874 469 964 519 est
993 463 1094 532 ita,
1122 486 1141 512 η
1169 463 1224 519 id
1258 470 1367 531 est,
1403 481 1505 536 per
1534 467 1590 520 te
1620 463 1810 520 solum
1842 457 2033 537 potest
2061 465 2113 531 Α
2145 463 2230 520 eis
2260 470 2483 520 certum
2505 464 2789 521 indicium
2811 481 2929 520 sua:
2960 462 3423 520 resurrectionis.
3449 463 3513 517 In
3535 463 3800 519 secunda

387 567 602 625 parari.

456 641 528 697 Et
555 643 641 711 tu,
665 640 970 708 Domine,a
1003 642 1157 698 rivos
1185 644 1314 714 ejus
1340 667 1361 692 ι»
1393 644 1673 713 ﬂuminis,
1699 644 1754 698 id
1784 648 1872 699 est
1906 661 2040 698 san-

387 736 513 787 ctos
560 730 878 803 apostolos,
911 732 1013 802 qui
1061 731 1339 788 dicuntur
1386 733 1490 788 rivi
1542 733 1825 801 ﬂuminis,
1876 733 2042 804 quia

387 820 793 877 misericordia
821 821 925 877 Dei
955 822 1166 890 ﬂuunt,
1199 827 1256 878 et
1301 822 1446 878 alios
1492 827 1722 893 portare
1769 826 2037 894 possunt,

384 908 518 966 illos
546 929 568 961 ι
595 907 839 978 inebria,
864 933 887 964 ι
915 909 973 966 id
1005 915 1114 979 est,
1139 912 1438 967 abundare
1484 911 1663 967 facias
1709 911 1878 966 donis
1911 909 2040 982 Spi-

390 998 542 1056 ritus
574 997 784 1066 sancti,
815 1019 843 1052 ι
867 999 1167 1072 genimina
1196 1001 1370 1072 ejus»
1408 1001 1690 1066 ﬂuminis,
1717 1000 1775 1054 id
1807 1003 1914 1067 est,
1938 997 2040 1070 qui

384 1092 525 1146 sunt
553 1089 814 1161 generati
846 1106 880 1145 a
911 1088 1314 1145 misericordia
1359 1091 1478 1157 Dei,
1509 1112 1530 1139 ι
1566 1088 1895 1160 multiplica
1921 1112 1940 1138 ι
1979 1089 2039 1143 in

385 1194 630 1234 numero
660 1182 719 1235 ct
745 1177 1089 1244 virtutibus,
1119 1200 1144 1230 α
1175 1179 1536 1250 germinans,
1562 1203 1584 1230 υ
1613 1179 1672 1233 id
1710 1183 1819 1245 est,
1853 1178 2040 1245 rudis,

383 1269 455 1323 de
484 1285 599 1340 quo
633 1268 746 1324 alia
784 1267 1088 1325 translatio
1126 1267 1286 1337 dicit,
1311 1269 1408 1340 qui
1451 1268 1658 1337 oritur,
1689 1290 1711 1316 «ι
1747 1266 2042 1322 laetabitur

384 1358 443 1412 in
475 1357 793 1414 stillicidiis
824 1359 952 1429 ejus
984 1381 1006 1410 ι
1045 1358 1351 1426 ﬂuminus,
1377 1357 1620 1426 scilicet,
1651 1356 1834 1428 guttis
1865 1356 2038 1411 mise-

383 1446 645 1503 ricordias
676 1446 799 1514 Dei,
826 1446 900 1502 de
931 1445 1152 1518 quibus
1177 1445 1320 1501 dicit
1347 1445 1666 1517 Apostolus
1695 1461 1750 1500 :a
1773 1445 1886 1500 Lac
1906 1444 2040 1500 dedi

380 1537 568 1592 vobus
598 1541 826 1608 potum,
861 1552 976 1591 non
1011 1551 1206 1591 eseam
1230 1535 1276 1606 (Ι
1307 1535 1428 1590 Cor.
1466 1537 1576 1602 ιιι).
1599 1554 1627 1586 ιι

459 1647 481 1675 ι
508 1623 839 1680 Benediees.
860 1643 886 1676 ι
915 1624 1062 1690 Quid
1096 1639 1198 1696 per
1227 1624 1460 1696 singula
1490 1624 1763 1679 curram?
1785 1625 1894 1689 Tu,
1929 1624 2038 1679 Do-

383 1713 561 1782 mine,
589 1733 616 1766 ι
637 1712 964 1781 benedices,
983 1731 1010 1765 ι
1037 1713 1094 1769 id
1129 1718 1238 1780 est,
1263 1713 1430 1769 dabis
1461 1712 1951 1779 benedictionem,
1983 1711 2040 1766 id

383 1806 472 1860 est
501 1802 930 1858 incrementum
957 1801 1202 1872 justitiaz
1238 1803 1296 1857 in
1331 1802 1439 1856 hac
1469 1801 1589 1857 vita
1617 1824 1636 1851 ι
1669 1818 1913 1867 coronae,
1935 1825 1955 1849 ιι
1983 1800 2039 1855 id
2071 1835 2119 1900 Β

381 1896 492 1960 est,
531 1891 726 1964 gloria:
761 1907 774 1946 :
808 1907 1033 1948 coronae
1064 1891 1218 1956 dico,
1253 1891 1308 1946 id
1341 1895 1448 1959 est,
1481 1890 1626 1963 ipsis
1676 1889 2036 1956 hominibus,

381 1981 483 2054 qui
515 1986 654 2038 sunt
681 1997 896 2036 corona
925 1979 1200 2052 acquisiti
1232 1981 1289 2034 in
1318 1980 1526 2052 gloria,
1555 2003 1577 2028 α
1605 1981 1742 2034 anni
1776 1979 2041 2052 benigni-

383 2073 500 2125 tate
542 2074 678 2134 tuaa,
707 2091 728 2118 ι
755 2068 814 2123 id
845 2073 955 2136 est,
1001 2069 1306 2139 temporis,
1340 2069 1398 2123 iu
1431 2084 1546 2138 quo
1578 2067 1849 2139 apparuit
1879 2068 2040 2122 beni-

381 2156 574 2228 gnitas
605 2159 728 2225 tua,
762 2155 1004 2224 scilicet,
1041 2157 1099 2210 in
1145 2161 1406 2227 tempore
1452 2157 1672 2228 gratim.
1705 2157 1852 2211 Cum
1902 2156 2042 2211 dicit

380 2260 678 2315 coronam,
713 2243 1007 2316 signiﬁcat
1036 2260 1134 2300 eos
1166 2261 1294 2300 esse
1325 2243 1599 2300 collectos
1630 2245 1700 2299 de
1731 2245 1890 2300 omni
1928 2246 2039 2300 cir-

380 2332 545 2389 cuitu
583 2335 749 2388 terras
779 2352 807 2385 α
838 2337 896 2388 et
945 2333 1137 2405 campi
1169 2333 1275 2400 tui,
1307 2357 1328 2383 ι
1361 2334 1417 2388 id
1467 2338 1558 2388 est
1605 2333 1688 2388 illi
1740 2334 1876 2388 boui
1908 2335 2036 2403 viri,

383 2421 485 2494 qui
533 2421 868 2480 consistunt
907 2422 966 2476 in
1000 2421 1352 2493 aequalitate,
1381 2447 1401 2470 ε
1439 2422 1821 2495 replebuntur
1867 2424 2038 2478 uber-

383 2513 500 2567 tate
536 2532 557 2561 ιι
594 2509 996 2583 spiritualium
1030 2511 1337 2567 donorum.

455 2600 528 2656 Et
553 2622 574 2650 ι
611 2600 875 2673 speciosa
905 2600 1118 2658 deserti
1148 2621 1201 2668 ι»,
1227 2601 1283 2656 id
1316 2607 1422 2669 est,
1456 2601 1725 2673 gentiles,
1743 2601 1839 2673 qui
1875 2601 2038 2673 prius

384 2694 553 2745 erant
572 2689 894 2760 desertum,
910 2691 1083 2745 modo
1108 2690 1242 2746 facti
1265 2695 1406 2745 sunt
1431 2691 1701 2762 speciosi,
1723 2710 1746 2740 ε
1770 2690 2040 2762 pingues-

384 2781 518 2832 cent
536 2798 564 2830 ι
592 2777 956 2834 abundantia
977 2779 1177 2850 gratiis
1199 2784 1293 2834 «et
1311 2778 1489 2834 colles
1512 2804 1561 2847 ι,
1587 2780 1644 2835 id
1665 2784 1775 2847 est,
1800 2779 2038 2836 altiores

384 2864 513 2934 viri,
550 2865 705 2922 sicut
750 2871 1056 2940 martyres,
1084 2891 1105 2916 ι
1161 2865 1539 2940 acoingentur
1584 2867 1973 2923 exsultatione
2006 2892 2029 2920 ι

384 2954 582 3027 gratiis
615 2955 727 3012 sibi
755 2954 997 3012 collatae.

452 3043 524 3099 Et
559 3065 587 3098 ι
615 3044 824 3101 arietes
854 3045 1050 3102 ovium
1075 3064 1130 3112 ι,
1159 3045 1216 3101 id
1248 3050 1358 3116 est,
1387 3046 1737 3113 sacerdotes,
1761 3046 2034 3101 ductores

383 3131 694 3200 ovium,vel
716 3147 953 3204 gregem
981 3157 1001 3181 ι
1030 3140 1169 3189 sunt
1201 3132 1391 3190 induti
1419 3159 1439 3184 ι
1477 3134 1878 3190 benedictione
1907 3135 2031 3203 Dei,

2153 557 2316 625 parte
2347 556 2546 609 monet
2568 570 2674 609 nos
2702 551 3027 626 intelligere
3049 568 3118 608 ea
3139 569 3264 624 qua
3295 551 3452 608 Deus
3481 551 3619 608 fecit
3647 551 3801 607 anti-

2151 643 2285 714 quis
2307 642 2594 714 patribus,
2623 643 2683 697 in
2710 658 2772 699 se
2793 642 3085 714 completa
3103 659 3253 714 esse,
3277 658 3405 713 quae
3427 641 3636 714 incipit
3661 660 3674 699 :
3698 642 3801 698 Ve-

2152 733 2271 786 nite
2293 737 2350 786 et
2364 733 2552 787 videte
2569 749 2762 804 Opera.
2780 733 2842 788 In
2865 733 3040 788 tertia
3054 736 3220 804 parte
3235 736 3433 787 monet
3453 749 3560 787 nos
3583 732 3803 804 patien-

2150 825 2240 876 ter
2258 821 2405 876 ferre
2427 821 2854 889 tribulationes,
2879 839 3029 893 quas
3044 821 3200 877 Deus
3219 820 3396 876 infert
3413 822 3486 876 ad
3507 822 3802 894 purgatio-

2151 927 2286 966 nem
2307 915 2365 966 et
2385 910 2964 982 probationem,quia
2984 910 3222 967 tandem
3245 927 3351 966 nos
3371 911 3543 966 docet
3563 911 3722 966 Deus
3743 911 3799 966 in

2151 998 2538 1070 refrigerium,
2562 1015 2690 1070 qua;
2721 999 2928 1070 incipit
2959 1015 2972 1055 ε
3001 1018 3029 1051 α
3059 999 3388 1055 Benedicite
3419 1003 3648 1072 gentes.
3674 1019 3707 1052 ι
3737 1000 3800 1056 In

2150 1091 2362 1158 quarta
2380 1092 2543 1158 parte
2567 1091 2768 1143 monet
2787 1105 2894 1144 nos
2915 1087 3179 1160 exemplo
3197 1104 3304 1143 suo
3327 1104 3455 1143 esse
3471 1103 3712 1144 securos
3732 1089 3802 1144 de

2149 1175 2540 1244 exauditione,
2581 1195 2709 1249 quae
2741 1176 2946 1249 incipit
2987 1193 3001 1232 :
3046 1177 3270 1245 Venite,
3304 1177 3522 1232 audite.
3548 1177 3802 1232 Intendit

2149 1269 2351 1336 gentes
2381 1265 2764 1337 spiritualiter
2791 1283 3056 1322 amovere
3088 1283 3121 1320 a
3151 1265 3574 1337 desperatione,
3599 1271 3659 1320 et
3690 1283 3803 1321 cer-

2109 1396 2111 1399 .
2151 1358 2242 1410 tos
2272 1355 2459 1410 facere
2490 1355 2562 1410 de
2592 1356 3036 1413 resurrectione.

2223 1443 2550 1499 Praavidens
2592 1444 2875 1516 propheta
2902 1443 3119 1500 Christi
3160 1444 3670 1516 resurrectionem,
3703 1446 3802 1500 ad-

2151 1535 2349 1586 monet
2365 1536 2569 1604 gentes
2592 1531 2728 1588 inde
2744 1531 3058 1601 exsultare,
3079 1534 3280 1590 dicens
3301 1551 3347 1590 ξε
3365 1535 3572 1590 Omnis
3587 1539 3796 1603 terra»

2151 1621 2208 1675 id
2241 1626 2330 1677 est
2342 1625 2578 1693 ,gentes
2601 1622 2671 1677 de
2701 1638 3054 1693 quacunque
3086 1627 3242 1678 terra
3277 1645 3298 1671 ε
3328 1623 3580 1694 jubilate
3611 1624 3750 1692 Deo,
3775 1647 3795 1676 ι

2152 1711 2210 1766 id
2241 1715 2354 1777 est,
2377 1715 2600 1765 tantam
2633 1709 2893 1766 lmtitiam
2939 1715 3135 1766 mente
3166 1711 3475 1784 concipite,
3510 1699 3584 1768 ad
3625 1729 3802 1784 quam

2151 1798 2588 1871 exprimendam
2611 1799 2770 1855 nulla
2787 1815 2892 1854 vox
2908 1800 3182 1867 sufﬁciat,
3197 1805 3255 1856 et
3271 1819 3293 1848 ι
3314 1799 3613 1872 psalmum
3633 1801 3803 1857 dicite

2151 1887 2373 1943 nomini
2405 1888 2533 1959 ejus
2565 1912 2584 1936 ιι
2621 1889 2767 1943 bene
2798 1889 3110 1960 operando,
3143 1894 3201 1944 et
3238 1906 3354 1944 non
3388 1893 3622 1945 tantum
3656 1890 3800 1945 bene

2150 1977 2494 2049 operamini,
2521 1977 2623 2033 sed
2651 2002 2670 2026 ι
2699 1978 2875 2033 etiam
2903 1979 3037 2034 date
3076 1978 3347 2051 gloriam,
3376 2001 3398 2030 ι
3425 1978 3483 2033 id
3537 1982 3649 2046 est,
3674 1979 3802 2034 aliis

2151 2065 2494 2122 annuntiate
2523 2083 2655 2122 eum
2690 2082 2818 2121 esse
2865 2065 3214 2138 gloriosum,
3248 2084 3363 2122 non
3410 2066 3649 2122 laudem
3679 2085 3806 2125 nos-

2149 2160 2320 2222 tram,
2347 2156 2447 2210 sed
2479 2154 2713 2211 laudem
2742 2155 2952 2228 ipsius,
2985 2159 3042 2212 et
3073 2155 3182 2212 hoc
3212 2161 3302 2212 est
3336 2173 3384 2211 ει
3421 2155 3583 2211 laudi
3617 2157 3798 2227 ejus.-

2151 2243 2311 2299 Undc
2352 2242 2664 2316 Apostolus
2699 2261 2712 2302 :
2743 2264 2770 2297 α
2801 2243 2908 2311 Qui
2937 2243 3240 2317 gloriatur,
3283 2245 3339 2298 in
3392 2243 3649 2302 Domino
3684 2243 3802 2318 glo-

2148 2333 2330 2388 rietur
2359 2333 2439 2402 (Il
2463 2335 2588 2390 Cor.
2622 2334 2701 2400 ι).
2731 2355 2753 2382 1

2219 2420 2358 2477 Dico
2387 2423 2538 2489 date,
2562 2427 2620 2476 et
2648 2421 2756 2477 hoc
2798 2439 2914 2478 non
2963 2425 3195 2478 tantum
3225 2422 3415 2491 facite,
3443 2423 3546 2479 sed
3575 2443 3598 2471 ε
3631 2423 3806 2480 dicite

2147 2511 2263 2566 Deo
2289 2534 2309 2559 υ
2334 2514 2392 2565 et
2421 2510 2531 2566 hoc
2563 2511 2752 2566 dicere
2783 2515 2890 2582 est,
2915 2511 3109 2583 corde,
3133 2528 3274 2567 voce
3303 2515 3362 2567 et
3389 2529 3563 2582 opere
3596 2529 3610 2567 :
3647 2513 3801 2568 istud

2147 2599 2371 2654 scilicet
2389 2599 2561 2654 dicite
2581 2599 2729 2655 Deo:
2756 2599 2800 2656 Ο
2827 2623 2848 2648 ο
2871 2601 3136 2668 Domine,
3155 2617 3335 2672 quam
3357 2601 3648 2656 terribilia
3669 2606 3810 2657 sunt

2145 2705 2322 2760 opera
2350 2692 2452 2743 tua
2487 2710 2509 2737 ι
2535 2688 2690 2759 quod
2721 2705 2856 2743 cum
2898 2689 3053 2746 Deus
3087 2706 3268 2758 esses,
3294 2689 3484 2746 factus
3513 2707 3578 2746 es
3603 2689 3807 2757 homo,

2146 2793 2378 2849 passus,
2410 2781 2468 2832 et
2515 2782 2804 2844 mortuus,
2836 2781 2895 2832 et
2923 2777 3312 2845 resurrexisti,
3342 2783 3402 2833 et
3451 2778 3575 2833 haec
3604 2779 3810 2835 omnia

2145 2864 2429 2923 terribilia
2458 2869 2599 2920 sunt
2642 2865 2841 2937 impiis
2876 2883 2890 2922 :
2921 2869 2997 2934 et,
3032 2884 3210 2939 quam
3255 2866 3565 2936 terribilia,
3600 2868 3661 2923 id
3692 2872 3808 2937 est,

2142 2952 2309 3010 valde
2330 2954 2636 3019 terribilia,
2659 2954 2800 3026 quia
2821 2971 2992 3011 nemo
3009 2954 3161 3012 valet
3181 2956 3316 3012 inde
3336 2957 3580 3012 modum
3601 2957 3807 3012 conci-

2144 3057 2301 3114 pere,
2323 3046 2380 3098 et
2409 3043 2677 3114 quamvis
2707 3043 2828 3099 sint
2857 3044 2940 3099 ita
2969 3044 3274 3113 terribilia,
3299 3049 3496 3101 tamen
3523 3069 3546 3094 ι
3572 3045 3806 3102 inimici

2145 3131 2286 3200 tui,-
2315 3131 2371 3187 id
2397 3135 2488 3187 est
2505 3132 2715 3201 Judcei,
2733 3153 2763 3184 ε
2789 3133 3145 3189 mentiantur
3166 3158 3189 3187 ι
3219 3135 3485 3207 negando
3505 3139 3562 3191 te
3583 3135 3806 3192 Filium

383 3219 442 3274 id
470 3223 562 3276 est
588 3196 782 3277 ornati
822 3196 1026 3278 multis
1056 3223 1392 3290 virtutibus,
1422 3247 1443 3272 ι
1479 3229 1535 3279 et
1564 3223 1803 3294 valles,»
1833 3223 1890 3278 id
1920 3196 2032 3289 est,
2061 3196 2108 3267 c
2146 3196 2269 3288 Dei,
2305 3225 2440 3287 etc.,
2478 3226 2536 3276 et
2583 3196 2749 3276 hoevc
2785 3221 2891 3277 tibi
2929 3245 2949 3271 ι
2986 3222 3058 3277 ad
3110 3196 3390 3278 honorem
3434 3227 3630 3291 tuum,
3664 3225 3808 3297 quia

384 3306 470 3362 illi
501 3308 806 3365 inferiores
833 3331 855 3360 ι
891 3311 1194 3368 abundant
1234 3312 1549 3379 frumento,
1576 3335 1599 3364 ι
1637 3313 1694 3367 id
1733 3316 1823 3368 est
1866 3311 2035 3367 bonis

385 3396 683 3469 operibus,
699 3415 729 3450 ο
755 3397 1096 3456 clamabunt
1115 3419 1141 3452 ι
1169 3400 1347 3456 etiam
1369 3401 1442 3456 ad
1465 3401 1782 3457 Dominum
1804 3417 2037 3472 semper

384 3487 443 3540 et
480 3501 597 3542 non
637 3487 1109 3558 discordantes,a
1144 3488 1360 3545 etenim
1411 3489 1698 3563 hymnum
1745 3490 1985 3545 dicent»
2017 3505 2029 3545 :

385 3574 524 3646 quia
552 3591 755 3634 omnes
784 3577 930 3634 bene
961 3579 1254 3650 operando
1285 3579 1470 3635 Deum
1499 3578 1849 3652 gloriﬁcent.

875 3720 946 3776 IN
987 3720 1336 3777 PSALMUM
1379 3721 1538 3778 LXV.

422 3807 696 3866 Trruws.
731 3810 796 3865 In
823 3810 989 3882 ﬁnem
1017 3813 1290 3867 canticum
1315 3811 1520 3883 psalmi
1546 3815 1979 3870 resurrectionis.

450 3955 472 3982 ιι
506 3933 762 3991 Jubilate
808 3935 924 3991 Deo
966 3936 1158 3992 omnis
1189 3940 1361 3991 terra.
1389 3961 1411 3990 ι
1441 3935 1709 3994 Psalmus
1749 3937 1858 3994 isto
1897 3955 2030 3996 con-

369 4021 528 4078 venit
556 4021 737 4078 David
765 4022 1080 4095 drOphetzs,
1107 4025 1209 4095 qui
1241 4031 1296 4082 et
1326 4025 1421 4082 hic
1457 4024 1736 4098 loquitur,
1763 4027 2024 4099 dirigens

365 4109 427 4164 in
459 4109 658 4179 ﬁnem,
691 4109 792 4181 qui
836 4110 1052 4167 dicitur
1100 4114 1396 4169 canticum
1445 4114 1677 4186 psalmi.
1714 4115 2025 4188 Propterea

362 4195 580 4253 dicitur
607 4196 898 4270 psalmus,
928 4198 1068 4270 quia
1099 4198 1375 4256 admonet
1406 4217 1512 4256 nos
1543 4202 1614 4256 ad
1647 4202 1861 4258 bonam
1894 4220 2025 4276 ope-

361 4282 673 4354 rationem,
705 4283 955 4355 scilicet,
986 4287 1285 4358 proposita
1325 4290 1746 4347 resurrectione
1783 4291 2020 4365 Christi,

365 4378 565 4431 monet
584 4374 733 4432 bene
753 4375 1005 4446 operari,
1019 4380 1083 4432 ut
1104 4381 1162 4432 et
1183 4393 1290 4433 nos
1311 4377 1383 4432 ad
1407 4378 1675 4435 eamdem
1690 4379 2016 4440 veniamus.

366 4459 674 4519 Canticum
714 4463 845 4521 ideo
893 4463 1128 4534 dicitur,
1162 4465 1303 4536 quia
1333 4466 1605 4538 proponit
1653 4468 1822 4526 nobis
1871 4486 2014 4540 rem,

2145 3313 2362 3379 quanto
2394 3310 2582 3382 magis
2608 3310 2679 3366 de
2709 3309 2825 3366 Deo
2849 3311 3310 3380 mentiebantur,
3333 3316 3496 3368 tanto
3528 3312 3657 3385 ipse
3685 3313 3809 3386 glo-

2144 3397 2353 3454 riosior
2391 3399 2728 3471 apparebat,
2754 3400 2894 3471 quia
2922 3417 3025 3471 per
3063 3400 3418 3472 improperia
3456 3400 3802 3458 Judieorum

2142 3487 2320 3542 crevit
2367 3503 2580 3543 nomen
2610 3487 2844 3556 Christi,
2877 3494 2935 3546 et
2972 3488 3082 3545 hoc
3113 3506 3229 3544 non
3276 3493 3507 3545 tantum
3558 3492 3803 3562 quando

2140 3576 2327 3631 virtus
2357 3577 2485 3648 ejus
2507 3593 2623 3632 non
2653 3577 2989 3649 apparebat,
3014 3579 3116 3634 sed
3145 3597 3172 3631 ι
3192 3577 3251 3632 in
3284 3577 3670 3635 multitudine
3691 3580 3805 3635 vir-

2140 3664 2284 3720 tutis
2315 3669 2452 3734 tuts,
2477 3687 2498 3714 ιι
2533 3665 2591 3721 id
2624 3670 2714 3722 est
2756 3667 2991 3738 quando
3022 3667 3209 3723 virtus
3249 3672 3351 3722 tua
3390 3667 3582 3739 potior
3610 3685 3801 3741 appa-

2139 3753 2308 3824 rebit,
2333 3754 2486 3809 sicut
2514 3753 2573 3809 in
2605 3756 3031 3811 resurrectione
3056 3761 3418 3828 negaverunt
3436 3773 3573 3812 eum
3606 3774 3802 3814 1³88οῢ

2139 3840 2374 3910 rexisse,
2389 3842 2649 3898 dicentes
2668 3861 2702 3899 a
2720 3843 3026 3917 discipulis
3047 3844 3347 3901 sublatum
3369 3862 3520 3913 esse,
3535 3851 3595 3902 et
3613 3848 3798 3904 etiam

2136 3947 2270 3986 cum
2292 3931 2553 3988 dicerent
2575 3947 2622 3988 ιιι
2654 3933 2716 3988 In
2739 3932 3058 3990 Beelzebub
3079 3934 3341 4006 principe
3362 3935 3795 3993 daemoniorum

2133 4019 2293 4091 ejicit
2323 4021 2610 4078 dwmonia
2638 4023 2790 4093 (Luc.
2824 4025 2922 4092 χι).
2951 4047 2974 4077 ι

2205 4106 2430 4164 Inimici
2464 4108 2820 4165 mentiantur
2849 4111 2919 4167 de
2941 4115 3016 4179 te,
3043 4112 3144 4168 sed
3167 4111 3292 4170 loco
3315 4130 3516 4170 eorum
3546 4135 3574 4168 ι
3594 4116 3796 4171 omnis

2131 4201 2305 4264 terra,
2326 4222 2347 4252 ι
2377 4197 2434 4254 id
2467 4202 2575 4267 est,
2599 4214 2803 4256 omnes
2854 4204 3079 4273 gentes,
3110 4221 3133 4250 ι
3167 4201 3368 4258 adoret
3397 4207 3454 4258 te
3483 4207 3541 4258 et
3573 4203 3798 4276 psallat

2130 4285 2256 4354 tibi,
2291 4310 2313 4340 ι
2345 4287 2402 4342 id
2431 4291 2538 4354 est,
2575 4288 2720 4345 bene
2759 4293 3031 4361 operetur
3061 4291 3132 4346 ad
3175 4290 3454 4348 honorem
3487 4296 3705 4350 tuum:
3739 4299 3796 4350 et

2129 4373 2259 4432 aliis
2287 4397 2313 4428 ιι
2344 4374 2639 4448 psalmum
2669 4377 2878 4446 dicat,»
2909 4378 2967 4434 id
2999 4382 3107 4446 est,
3143 4380 3416 4452 praedicet
3444 4398 3616 4437 suam
3652 4399 3792 4454 ope-

2128 4464 2433 4533 rationem,
2461 4469 2526 4521 ut
2557 4466 2649 4522 sui
2680 4465 2945 4540 exemplo
2967 4467 3064 4523 alii
3089 4474 3424 4541 eperentur,
3448 4469 3639 4526 ethoc
3672 4489 3791 4526 non

371 4549 525 4604 unde
549 4550 802 4608 maxime
825 4552 993 4610 nobis
1017 4553 1095 4608 sit
1117 4552 1811 4627 exsultandum,scilicet,
1832 4574 2019 4615 resur-
2046 4567 2095 4632 Ι)
2127 4553 2260 4622 sibi,
2291 4554 2390 4610 sed
2419 4577 2439 4604 ιι
2475 4553 2699 4609 nomini
2729 4558 2830 4611 tuo
2851 4575 2906 4626 ι,
2936 4556 2994 4612 id
3029 4561 3137 4626 est,
3162 4557 3232 4614 ad
3273 4557 3556 4614 honorem
3587 4564 3786 4615 tuum.

319 4678 324 4680 .
370 4637 686 4695 rectionem
707 4639 921 4697 Christi
945 4659 955 4698 :
977 4641 1113 4713 quia
1134 4659 1240 4698 nos
1262 4660 1495 4715 quoque
1520 4645 1707 4701 reddit
1727 4647 1797 4702 de
1822 4653 2020 4705 nostra

369 4728 794 4783 resurrectione
819 4746 1075 4786 securos.
1102 4733 1284 4797 Quam
1320 4735 1798 4791 resurrectionem
1825 4739 2022 4809 prazvi-

369 4815 516 4870 dens
537 4815 750 4873 Esdras
773 4819 1058 4890 prepheta
1078 4820 1135 4874 in
1161 4819 1380 4892 Spiritu
1404 4827 1626 4896 sancto,
1651 4825 1734 4880 sic
1759 4826 2019 4883 intitula-

366 4901 448 4961 vit
467 4903 622 4961 hunc
645 4905 962 4978 psalmum,
988 4909 1280 4965 canticum
1316 4910 1523 4982 psalmi
1548 4917 2011 4972 resurrectionis.

367 4993 427 5048 id
458 4997 566 5062 cst,
603 5011 782 5067 agens
823 4997 892 5052 de
936 4999 1378 5055 resurrectione.
1413 5001 1759 5072 Hujusmodi
1806 5004 2014 5063 titulus

367 5084 628 5152 procedit
657 5100 724 5141 ex
752 5085 943 5159 ﬁgura
975 5086 1154 5156 illius,
1181 5089 1276 5144 ubi
1301 5089 1369 5145 de
1403 5091 1737 5149 recitatione
1767 5094 2016 5166 psalmo-

367 5187 497 5225 rum
531 5174 895 5245 praecedebat
937 5177 1200 5249 psalmus
1240 5176 1299 5232 in
1333 5178 1587 5234 melodia
1637 5180 2008 5250 chordarum,

366 5275 494 5329 qua:
528 5260 797 5332 melodia,
825 5265 1194 5338 signiﬁcabat
1216 5266 1682 5325 exsultationem.
1710 5270 1833 5324 Non
1854 5272 2011 5326 enim

366 5345 696 5405 sufﬁciebat
721 5351 805 5410 eis
836 5353 958 5409 sola
981 5371 1118 5409 voce
1149 5361 1406 5420 cantare,
1430 5357 1528 5410 sed
1563 5356 2010 5414 exsultationem

362 5451 532 5492 suam
555 5437 684 5494 viva
710 5456 847 5498 voce
889 5442 1229 5513 exprimere.
1263 5443 1504 5500 Materia
1549 5448 1638 5502 est
1669 5448 2011 5504 resurrectio

360 5523 598 5581 Christi.
630 5527 876 5584 Modus:
912 5529 976 5584 In
1007 5531 1199 5600 prima
1230 5536 1392 5602 parte
1423 5549 1627 5590 omnes
1655 5540 1857 5606 gentes
1889 5553 2010 5592 mo-

365 5617 484 5685 net,
510 5615 798 5673 exsultare
823 5619 893 5671 de
916 5616 1016 5674 illa
1036 5621 1480 5691 resurrectione,
1507 5639 1634 5694 quae
1655 5625 2013 5698 praeponitur

2207 4662 2227 4691 α
2248 4642 2505 4698 Venite.»
2526 4643 2662 4699 Pars
2686 4644 2961 4700 secunda.
2984 4645 3122 4701 Dico
3146 4645 3426 4702 terribilia
3448 4653 3588 4703 sunt
3607 4665 3791 4721 opera

2129 4736 2248 4799 tua,
2274 4749 2400 4804 qua:
2433 4749 2606 4804 opera
2637 4738 2702 4789 ut
2737 4733 3098 4807 intelligetis,
3131 4756 3158 4788 υ
3187 4737 3375 4792 venite
3410 4759 3430 4787 ι
3470 4753 3573 4808 per
3602 4738 3788 4793 ﬁdem

2127 4838 2228 4877 vos
2279 4825 2480 4894 gentes
2525 4821 2814 4894 loginqua:
2867 4839 2901 4879 a
2950 4824 3083 4892 ﬁde,
3116 4843 3136 4872 α
3166 4830 3223 4881 et
3260 4825 3468 4894 videte,
3501 4849 3522 4876 ιο
3560 4827 3618 4882 id
3670 4832 3786 4892 est,

2126 4911 2430 4983 intelligite
2465 4934 2485 4960 α
2523 4928 2700 4983 opera
2746 4912 2845 4968 Dei
2890 4932 2917 4964 ι»
2967 4930 3094 4985 quae
3145 4914 3268 4985 ipse
3328 4915 3459 4971 fecit
3515 4917 3787 4989 antiquis

2124 5000 2411 5073 patribus,
2445 5001 2504 5054 in
2538 4999 2699 5058 vobis
2757 5018 2884 5058 esse
2934 5001 3221 5074 completa
3263 5021 3275 5059 :
3328 5003 3428 5076 qui
3487 5005 3644 5061 Deus
3695 5010 3788 5062 est

2130 5110 2151 5139 α
2189 5089 2465 5146 terribilis
2500 5107 2546 5146 τι»
2571 5089 2658 5146 vel
2690 5090 2791 5146 Dei
2823 5091 3113 5148 terrebilis
3141 5111 3162 5141 α
3189 5091 3246 5146 in
3279 5093 3541 5149 consiliis
3561 5114 3588 5145 ι)
3617 5094 3787 5150 habi-

2124 5180 2219 5247 tis,
2236 5183 2294 5234 et
2315 5179 2599 5250 impensis
2623 5201 2643 5227 α
2669 5197 2846 5253 super
2869 5180 3022 5238 ﬁlios
3044 5181 3407 5238 hominum»
3435 5185 3625 5256 Super
3645 5184 3782 5240 ideo

2123 5266 2282 5335 dicit,
2299 5269 2438 5338 quia
2457 5269 2528 5324 de
2556 5269 2827 5340 supernis
2847 5275 3131 5327 venerunt
3152 5271 3397 5348 consilia
3416 5271 3534 5340 illa,
3559 5272 3782 5344 quibus

2122 5355 2346 5412 liberati
2382 5362 2522 5413 sunt
2569 5357 2672 5412 ﬁlii
2708 5358 3034 5415 hominum.
3063 5360 3318 5416 Consilia
3348 5361 3460 5417 ista
3510 5362 3776 5427 fuerunt,

2122 5447 2339 5518 quibus
2371 5447 2524 5504 Deus
2569 5447 2876 5506 excwcavit
2905 5449 3159 5519 Judzeos,
3187 5454 3252 5504 ut
3281 5449 3586 5521 plenitudo
3627 5466 3778 5521 gen-

2121 5536 2272 5591 tium
2304 5536 2564 5593 intraret.

2191 5626 2334 5682 Ecce
2365 5643 2558 5698 opera.
2595 5651 2615 5678 u
2651 5627 2759 5694 Qui
2788 5647 2814 5681 »
2852 5627 3138 5686 Dominus
3174 5651 3200 5682 α
3231 5630 3516 5686 convertit
3545 5646 3708 5686 mare
3746 5654 3771 5681 ι
