4048 6180
181 367 294 427 409

1376 370 1874 434 EXPLANATIO
1916 372 1996 432 IN
2045 373 2427 436 PSALMOS.

3481 385 3598 446 410

180 499 403 557 Judaiis
433 499 805 556 venientibus
834 521 864 552 ‹‹
892 499 951 555 in
982 502 1228 570 aridam,
1265 503 1321 556 id
1354 507 1462 570 est,
1497 503 1554 556 in
1587 503 1833 558 solidam
1868 507 1918 570 Α
1949 505 2197 576 speritas
2229 506 2497 562 dissolvit
2545 509 2917 565 hominemA
2949 513 3337 570 similitudine
3365 515 3602 574 viatoris

181 593 397 645 terram
424 605 436 642 :
463 593 522 644 et
544 589 658 644 ista
671 590 970 645 conversio
988 590 1281 662 completa
1291 595 1380 647 est
1393 591 1450 646 in
1464 592 1837 663 baptismate.

179 677 556 734 Convertitur
601 676 759 732 enim
811 694 995 745 mare,
1029 678 1088 733 id
1118 682 1207 734 est
1237 679 1505 736 homines
1535 681 1740 751 amari,
1785 684 1845 736 et

180 768 536 822 ﬂuctuantes
567 767 628 821 in
663 767 1054 823 amaritudine
1087 768 1266 838 hujus
1299 771 1638 841 mundi,per
1658 787 1843 842 aquas

182 855 556 928 baptismi,in
589 856 837 924 aridam,
860 873 996 912 cum
1028 857 1221 911 omnis
1252 859 1590 914 amaritudo
1625 859 1843 931 peccati

183 944 466 1001 abluitur.
495 944 675 1001 Arida
704 948 859 1000 terra
884 944 1158 1002 restituta
1187 951 1295 1014 est,
1315 949 1554 1020 quando
1585 947 1846 1004 Ecclesia

182 1034 291 1091 fuit
320 1034 383 1089 in
416 1035 532 1090 ﬁde
563 1038 991 1106 assumpta,et«
1018 1035 1485 1107 pertransierunt
1515 1036 1574 1090 in
1602 1036 1844 1092 flumine

186 1123 678 1196 pede.-Perduxit
706 1139 804 1178 eos
835 1122 1118 1179 Dominus
1151 1125 1296 1196 pede
1326 1124 1481 1180 sicco
1515 1125 1572 1180 in
1605 1125 1847 1182 ﬂumine

181 1211 463 1268 Iordanis
508 1228 522 1266 :
557 1210 666 1266 hoc
697 1227 929 1282 quoque
958 1211 1016 1266 in
1048 1213 1321 1285 gentibus
1342 1213 1696 1285 completum
1728 1219 1840 1279 est.

189 1318 315 1372 qua:
347 1300 597 1355 ﬂuvium
634 1300 818 1373 hujus
845 1300 975 1357 vita:
1006 1307 1314 1358 transeunt
1345 1302 1656 1375 impolluta
1703 1304 1846 1360 all'e-

191 1390 405 1444 etione.
429 1391 594 1454 Quod
626 1389 792 1457 dicit,
823 1391 1530 1462 pertransibunt,respicit
1559 1393 1631 1448 ad
1664 1393 1847 1465 signi-

186 1479 459 1546 ﬁcatum,
493 1483 553 1533 et
583 1501 610 1528 α
645 1477 748 1546 ibi,
782 1500 812 1528 ιδ
843 1477 905 1533 id
935 1483 1042 1547 est,
1074 1479 1134 1534 in
1165 1479 1622 1551 operibus,sicut
1649 1481 1850 1554 imple-

185 1572 309 1622 tum
331 1571 426 1622 est
457 1566 518 1622 in
550 1565 742 1635 nobis,
776 1591 804 1617 κ
839 1566 1190 1635 lmtabimur,
1227 1591 1256 1617 η
1284 1572 1342 1624 et
1369 1569 1510 1641 quia
1538 1570 1610 1625 de
1640 1587 1846 1626 eorum

187 1673 434 1712 numero
467 1672 531 1712 se
560 1655 802 1724 sciebat,
832 1657 890 1711 in
922 1656 1140 1728 quibus
1170 1657 1291 1713 haic
1323 1658 1726 1730 implerentur,
1762 1659 1845 1715 di-

185 1746 282 1813 cit,
318 1743 698 1800 latabimur:
735 1769 761 1794 ‹‹
794 1746 853 1800 in
887 1746 1013 1818 ipso
1049 1770 1076 1794 ››
1110 1763 1222 1802 non
1256 1747 1314 1802 in
1341 1748 1531 1803 nobis.

1952 593 2047 648 hic
2077 593 2499 667 loquitur.quia
2519 598 2672 652 sicut
2692 599 2877 655 viator
2906 617 3096 673 neque
3117 607 3352 675 prepter
3371 610 3601 672 aestum,

1952 697 2141 752 neque
2171 687 2406 754 propter
2436 684 2694 756 pluviam
2743 687 2866 743 vult
2918 689 3230 752 dimittere.
3266 690 3406 763 quin
3448 694 3602 750 viam

1953 787 2119 825 suam
2154 773 2501 844 peragat,sic
2523 775 2631 830 istc
2653 777 2855 846 justus
2887 795 2992 832 nec
3023 780 3096 834 ab
3128 770 3603 842 adversitatcmec

1953 877 1988 914 a
2018 861 2402 932 prosperitate
2434 868 2625 934 potest
2654 864 2949 937 impediri.
2981 867 3124 939 quin
3155 886 3395 924 cursum
3427 887 3603 926 suum

1954 948 2233 1020 perficiat.
2283 954 2339 1004 et
2384 967 2488 1022 per
2531 953 2654 1008 hinc
2703 953 2904 1010 omnia
2956 976 2981 1000 ει
3027 957 3298 1017 eduxisti.
3333 978 3358 1003 υ
3390 958 3447 1013 id
3496 964 3602 1026 est,

1953 1037 2167 1092 educes
2199 1037 2397 1093 nosain
2429 1040 2797 1113 refrigerium
2814 1042 2908 1098 Din
2939 1059 3054 1115 quo
3077 1045 3204 1115 jam
3234 1061 3337 1117 spe
3361 1047 3600 1103 duxisti.

2026 1127 2096 1181 Et
2124 1127 2362 1183 tandem
2395 1156 2418 1180 ιι
2451 1127 2705 1185 introibo
2736 1131 2796 1186 in
2823 1132 3064 1188 domum
3088 1137 3251 1190 tuam
3282 1163 3305 1188 η
3331 1151 3445 1190 non
3479 1154 3602 1193 ma-

1956 1215 2255 1272 nufactam
2288 1244 2309 1266 α
2344 1217 2401 1273 in
2437 1218 2818 1284 holocaustis,
2848 1252 2870 1275 ιι
2903 1221 2961 1276 id
2994 1227 3083 1277 est
3131 1223 3398 1280 deferens
3444 1225 3604 1281 holo-

1955 1309 2180 1365 causta.
2214 1306 2272 1362 id
2302 1312 2389 1362 est
2421 1307 2879 1366 destructionem
2911 1310 3204 1375 vitiorum.
3237 1317 3296 1367 et
3337 1312 3417 1367 ibi
3467 1317 3606 1369 tunc

1961 1415 1983 1444 ε
2018 1395 2259 1450 reddam
2291 1395 2448 1466 tibi,»
2483 1397 2540 1452 id
2573 1397 3011 1470 est.pcrsolvam
3036 1423 3058 1448 α
3084 1404 3216 1456 vota
3249 1401 3488 1460 mea.»id
3519 1407 3608 1457 est

1956 1483 2159 1538 laudes
2191 1501 2338 1555 quas
2361 1484 2456 1540 hic
2479 1485 2585 1541 tibi
2607 1493 3132 1560 voveo.uqu¢nuvota
3167 1506 3281 1545 non
3313 1496 3453 1547 sunt
3473 1490 3612 1546 irra-

1956 1569 2389 1632 tionabilia.sed
2423 1573 3094 1644 quas-distinxerunt.»id
3119 1581 3208 1632 est
3227 1595 3363 1634 cum
3387 1578 3612 1636 ratione

1957 1657 2064 1714 tibi
2095 1658 2623 1717 obtuleruntalabia
2653 1662 3112 1726 meaninteriora.
3148 1665 3206 1720 id
3236 1669 3328 1723 est
3351 1667 3500 1724 ratio
3521 1667 3610 1724 vel

1958 1745 2115 1804 labia
2144 1748 2215 1804 ad
2250 1748 2674 1806 litteram.Cain
2708 1751 2864 1806 enim
2893 1752 3122 1812 obtulit.
3146 1755 3246 1826 qui
3278 1759 3608 1812 creaturam

253 1834 364 1890 «ιιι
390 1834 646 1906 ipso,»in
680 1849 794 1905 quo
825 1834 1062 1905 quidem
1091 1834 1407 1891 laetandum
1439 1842 1529 1892 est
1559 1839 1695 1908 quia
1721 1840 1846 1911 ipse
1874 1874 1922 1940 Β
1959 1837 2213 1893 Creatori
2262 1837 2499 1906 obtulit,
2530 1839 2630 1894 sed
2665 1855 2779 1894 non
2811 1845 2965 1895 recte
2993 1840 3280 1902 distinxit.
3328 1843 3468 1914 quia
3516 1860 3605 1899 se-

185 1928 273 1979 est
303 1947 333 1972 «
371 1922 477 1995 qui
509 1923 847 1978 dominatur
881 1948 909 1972 »
941 1925 1242 1996 omnibus,
1265 1930 1323 1980 et
1352 1925 1460 1981 hoc
1491 1950 1517 1974 «
1552 1926 1609 1982 in
1634 1929 1843 1982 virtute

185 2030 310 2080 sua,
351 2036 379 2061 η
412 2011 471 2068 id
505 2017 616 2079 est,
651 2013 904 2084 propria,
941 2036 966 2062 α
1003 2013 1061 2067 in
1089 2015 1548 2086 aiternumnquia
1573 2017 1623 2072 si
1654 2017 1845 2072 ueteri

188 2101 597 2169 dominantur,
631 2101 742 2157 hoc
772 2118 960 2172 neque
988 2107 1079 2157 est
1109 2119 1210 2173 per
1239 2119 1408 2159 suam
1440 2103 1844 2173 virtutem,sed

189 2207 289 2262 per
318 2189 450 2260 Dei,
485 2206 675 2262 neque
703 2188 763 2245 in
793 2194 1099 2264 mternum,
1114 2193 1215 2248 sed
1247 2191 1372 2264 ipse
1400 2196 1458 2250 et
1489 2193 1846 2266 propriavir—

191 2284 332 2347 tute,
369 2284 429 2336 et
451 2278 514 2332 in
545 2283 848 2335 aeternum.
1563 2279 1566 2282 ’

252 2369 321 2424 Et
351 2384 494 2423 cum
521 2365 658 2424 talis
686 2371 806 2423 tam
837 2368 1136 2434 altus,tam
1169 2376 1374 2442 potens
1405 2371 1703 2440 sit,tamen
1727 2390 1842 2428 non

183 2456 437 2528 despicit
468 2456 788 2523 suos,imo«
813 2457 965 2512 oculi
989 2460 1119 2529 ejus
1143 2459 1592 2532 respiciuntnpie
1616 2482 1645 2512 «
1667 2479 1845 2533 super

182 2546 817 2617 genteswonvertendo
848 2563 946 2602 eas
973 2548 1045 2602 ad
1081 2548 1418 2614 ﬁdem,cum
1451 2549 1639 2604 forant
1660 2551 1843 2619 justi-

185 2634 329 2690 tiam
364 2658 393 2682 κ
427 2633 532 2707 qui
570 2657 598 2682 »
631 2649 728 2690 eas
763 2656 790 2684 κ
821 2636 1841 2707 exasperant,nscilieet,Judmi,«non

186 2721 522 2778 exaltentur
551 2723 610 2778 in
639 2723 971 2796 semetipsis
1005 2747 1034 2773 κ
1067 2725 1206 2796 quia
1236 2742 1352 2781 non
1384 2724 1668 2782 haberent
1696 2727 1846 2782 exal-

184 2813 478 2868 tationem
504 2813 564 2868 in
595 2829 676 2872 se.
710 2813 812 2869 sed
844 2814 901 2868 in
933 2813 1056 2869 solo
1084 2813 1222 2870 Deo.

255 2925 284 2950 κ
320 2901 656 2957 Benedicite
685 2906 890 2973 gentes
925 2926 951 2951 η
983 2903 1121 2959 Deo.
1151 2903 1348 2960 Tertia
1394 2921 1551 2976 pars.
1584 2905 1844 2976 Cognitis

187 2988 319 3045 istis
346 2988 630 3060 operibus
659 2989 842 3049 Dei.et
867 3007 970 3062 per
996 2988 1099 3046 illa
1120 2990 1382 3046 conversi
1403 2992 1476 3046 ad
1497 2993 1843 3051 Deum.«vos

186 3082 389 3148 gentes
420 3076 804 3143 benedicite,»
823 3077 880 3134 id
912 3082 1016 3141 est.
1037 3077 1272 3134 laudate
1293 3079 1524 3136 «Deum
1556 3086 1842 3149 nostrum,“-

185 3171 246 3222 et
275 3189 303 3218 κ
333 3183 456 3224 non
482 3171 716 3223 tantum
747 3168 901 3240 apud
929 3167 1318 3240 vosipsos.sed
1349 3194 1376 3219 κ
1409 3186 1608 3226 vocem
1650 3169 1843 3228 laudis

1951 1924 2168 1997 ipsum.
2199 1927 2353 1997 quod
2387 1926 2501 1982 Deo
2528 1926 2765 1983 charius
2796 1933 2904 1994 est,
2935 1927 3244 1985 subtraxit.
3279 1929 3421 1986 Abel
3469 1947 3605 1988 vero

1953 2014 2226 2070 distincte
2256 2015 2485 2085 obtulit,
2517 2015 2616 2086 qui
2650 2016 2911 2088 seipsum
2944 2017 3106 2088 prius
3139 2017 3255 2074 Deo
3293 2024 3607 2090 praesenta-

1953 2103 2033 2158 vit
2061 2103 2214 2174 (Gen.
2243 2107 2343 2172 ιν).

2024 2193 2094 2248 Et
2124 2209 2240 2250 non
2271 2191 2463 2250 solum
2495 2193 2556 2248 in
2586 2193 2972 2266 prosperitate
2992 2193 3151 2252 labia
3173 2211 3304 2252 mea
3333 2195 3609 2252 distinxe-

1953 2284 2091 2336 runt
2113 2286 2247 2336 vota
2277 2281 2394 2339 illa.
2425 2282 2527 2336 sed
2559 2281 2734 2337 etiam
2763 2297 2791 2328 α
2811 2282 2872 2338 in
2903 2282 3279 2340 tribulatione
3309 2301 3457 2348 mea,
3489 2314 3513 2337 υ
3548 2285 3606 2341 id

1952 2373 2042 2424 est
2070 2369 2216 2424 mihi
2247 2369 2416 2425 utilia
2447 2387 2514 2426 os
2545 2387 2744 2426 meum
2775 2375 2866 2426 est
2893 2371 3155 2427 locutum
3185 2372 3432 2428 nlaudes
3455 2372 3604 2444 illas,

1952 2457 2038 2513 vel
2071 2457 2178 2514 hoc
2206 2458 2363 2530 quod
2394 2460 2662 2531 sequitur
2709 2484 2736 2515 α
2781 2459 3126 2517 holocausta
3155 2459 3495 2521 medullata.
3529 2462 3611 2518 of-

1952 2547 2134 2603 feram
2163 2546 2290 2602 tibi.
2325 2567 2348 2592 »
2384 2547 2485 2603 Vel
2519 2548 2600 2604 ita
2630 2548 3028 2604 continuatur.
3081 2549 3338 2605 Introibo
3388 2549 3447 2604 in
3501 2551 3607 2605 do-

1953 2653 2118 2690 mum
2150 2639 2313 2691 tuam
2349 2635 2408 2691 in
2441 2635 2940 2707 holocaustis.qua
2972 2636 3112 2691 dum
3143 2636 3336 2693 vixero
3367 2639 3606 2694 offeram

1951 2725 2058 2778 tibi
2089 2723 2449 2784 holocausta.
2482 2723 2541 2779 id
2571 2729 2661 2779 est
2690 2724 2983 2795 meipsum
3016 2729 3208 2780 totum
3259 2730 3606 2786 crematum.

1952 2813 2279 2868 secundum
2312 2829 2489 2884 opera
2511 2811 3093 2879 vitiosa,holocausta
3113 2811 3243 2868 dico
3264 2812 3604 2884 medullata,

1953 2902 2012 2957 id
2043 2907 2133 2957 est
2163 2901 2406 2974 pinguia
2432 2904 2491 2956 et
2519 2899 2716 2956 dalata
2744 2900 2859 2954 fide
2889 2905 2947 2955 et
2976 2898 3276 2966 cbaritate,
3310 2902 3467 2972 quod
3510 2901 3608 2956 ho-

1952 2989 2280 3046 locaustum
2311 2989 2423 3045 erit
2451 2987 2884 3061 beneplaoitum
2915 2988 3051 3046 Deo.
3102 2987 3256 3045 sicut
3305 2988 3363 3044 in
3411 2989 3603 3046 Veteri

1951 3081 2326 3135 Testamento
2358 3078 2664 3134 dicebatur
2707 3076 2935 3151 placere
2984 3076 3416 3142 holocaustum,
3445 3079 3602 3149 quod

1952 3173 2077 3224 erat
2104 3167 2319 3240 pingue
2351 3172 2409 3223 et
2437 3166 2856 3235 medullatum;
2888 3170 2948 3223 et
2977 3184 3004 3215 α
3035 3166 3144 3222 hoc
3193 3166 3436 3223 offeram
3465 3183 3602 3224 cum

185 3257 366 3326 ejus».
390 3255 640 3315 scilicet.
659 3273 779 3329 qua
803 3255 1077 3314 laudatis.
1099 3280 1127 3306 «
1155 3257 1326 3314 facite
1357 3259 1666 3315 auditam»
1685 3259 1838 3318 aliis.
1872 3241 1916 3307 (ἶ
1954 3256 2308 3319 incenso.-id
2340 3261 2432 3313 est
2459 3272 2594 3314 cum
2626 3255 2908 3314 oratione.
2939 3272 3066 3328 qua:
3098 3254 3228 3312 ideo
3265 3272 3371 3328 per
3408 3254 3604 3312 incen-

256 3346 327 3400 Et
353 3344 838 3418 debemus.quiac
863 3347 989 3418 ipse
1012 3347 1209 3419 posuit
1221 3348 1481 3406 animam
1511 3365 1702 3405 meam
1725 3351 1796 3406 ad
1814 3375 1838 3405 ι

186 3451 378 3490 veram
419 3451 451 3482 α
482 3435 666 3490 vitam
710 3460 734 3484 υ
768 3435 961 3491 dando
1007 3435 1184 3491 iidem
1222 3453 1234 3491 :
1290 3457 1315 3480 ιι
1347 3442 1406 3492 et
1455 3461 1478 3488 ι
1529 3443 1842 3511 postquam

186 3525 488 3584 convertit.
526 3544 550 3568 -
583 3541 698 3580 non
731 3524 909 3590 dedit,
961 3554 986 3578 α
1036 3542 1151 3580 non
1182 3525 1345 3582 dedit
1372 3527 1550 3598 pedes
1581 3544 1743 3585 meos
1781 3528 1841 3585 in

184 3613 640 3669 commotionem
668 3630 698 3663 ο
729 3617 795 3669 ut
823 3617 976 3670 retro
1007 3613 1378 3686 respicerem.

251 3702 547 3767 Quoniam
577 3702 841 3774 probasti
873 3719 1001 3773 nos,
1031 3702 1262 3763 deinde.
1293 3704 1462 3775 quasi
1495 3704 1708 3778 aliquis
1753 3707 1839 3763 di-

185 3795 332 3846 ceret
366 3807 379 3847 :
415 3792 613 3856 Quare
641 3791 883 3848 deberes
913 3790 1326 3848 commoveri?-
1353 3812 1377 3835 ιι
1409 3794 1687 3864 quoniam
1720 3819 1743 3843 »ι
1777 3800 1840 3852 tu

187 3900 213 3927 κ
242 3878 398 3934 Deus
428 3879 696 3951 probasti
729 3879 950 3945 nos,-id
982 3879 1266 3941 est,nobis
1298 3881 1444 3952 ipsis
1472 3886 1532 3938 et
1551 3882 1682 3939 aliis
1703 3901 1841 3955 pro-o

185 3967 352 4024 batos
383 3966 703 4024 ostendisti
740 3984 753 4021 :
786 3972 845 4022 et
876 3968 1136 4023 ostendit
1165 3969 1408 4024 modum
1457 3971 1840 4042 probationis,

183 4055 264 4110 sic
293 4055 525 4111 scilicet
553 4060 612 4111 et
643 4055 1307 4127 probasti.¢examinasti
1340 4073 1446 4113 nos
1478 4057 1727 4130 igne,nid
1752 4065 1843 4116 est

184 4137 562 4216 quacumque
595 4143 990 4208 tribulatione,
1028 4143 1118 4199 vel
1167 4143 1302 4216 igne
1349 4146 1656 4207 materiali.
1688 4148 1840 4206 sicut

186 4232 540 4291 Laurentius
569 4237 628 4289 et
657 4232 901 4295 similes.
934 4251 956 4275 α
991 4234 1147 4290 sicut
1185 4234 1581 4292 examinatum
1631 4253 1838 4310 argen-

185 4325 330 4377 tum.
369 4347 394 4371 ι

250 4435 274 4461 ι
305 4410 598 4467 Induxisti
633 4427 761 4468 nos.
795 4439 820 4467 ιο
854 4411 1123 4469 Ostendit
1152 4427 1338 4484 genus
1370 4415 1836 4479 cxaminationis.

185 4498 382 4556 dicens
419 4498 767 4555 :clnduxisti
799 4516 906 4558 nos
939 4500 998 4556 in
1029 4499 1308 4572 laqueum
1342 4519 1365 4542 »ι
1398 4500 1457 4557 id
1488 4508 1578 4558 est
1612 4504 1671 4559 in
1711 4505 1836 4560 vin-

1951 3364 2087 3403 sum
2119 3345 2486 3419 intelligitur.
2519 3345 2660 3418 quia
2689 3345 2913 3402 redolet
2953 3349 3013 3402 et
3056 3344 3246 3417 placet
3282 3344 3418 3410 Deo,
3451 3345 3604 3401 sicut

1951 3437 2280 3506 incensum,
2313 3434 2654 3490 hominibus
2685 3435 3090 3491 odorantibus.
3123 3432 3227 3490 Vel
3274 3433 3601 3490 orationem

1951 3549 1979 3576 α
2015 3525 2287 3596 arietum,
2320 3552 2344 3578 ι.
2377 3523 2436 3580 id
2466 3528 2556 3580 est
2574 3523 3001 3596 apostolorum,
3027 3521 3252 3578 scilicet
3278 3522 3360 3579 ita
3397 3523 3596 3590 orabo,

1949 3613 2104 3670 sicut
2132 3613 2399 3686 apostoli.
2428 3612 2516 3668 vel
2544 3629 2692 3685 quos
2725 3613 2899 3668 modo
2930 3612 3043 3684 ipsi
3075 3611 3440 3681 instituent,-
3469 3611 3602 3667 olfe-

1951 3720 2076 3758 ram
2109 3701 2469 3758 setiamatibi
2499 3700 2803 3772 b0V08,nid
2834 3704 2924 3756 est
2953 3700 3140 3755 bonos
3170 3699 3598 3771 praidicatores,

1949 3793 2006 3846 id
2040 3797 2130 3847 est
2157 3791 2259 3862 qui
2290 3791 2436 3845 bene
2468 3790 2831 3844 triturabunt
2857 3792 2914 3843 et
2944 3786 3208 3842 excolcnt
3256 3785 3596 3856 Ecclesiam,

1948 3879 2034 3935 sic
2063 3879 2286 3935 scilicet
2313 3876 2920 3948 olferam,deducendo
2943 3891 3043 3930 eos
3067 3873 3139 3928 ad
3169 3873 3451 3943 majorem
3473 3889 3598 3944 per-

1949 3969 2256 4023 lectionem
2289 3967 2594 4035 virtutum,
2626 3969 2683 4020 ct
2713 3964 2820 4019 hoc
2869 3962 3077 4018 faciam
3112 3977 3139 4008 α
3181 3977 3315 4016 cum
3359 3959 3540 4016 hircis
3567 3985 3596 4017 ι

1948 4057 2006 4113 id
2036 4061 2144 4128 est,
2178 4055 2372 4110 hircos
2403 4058 2460 4110 et
2490 4052 2722 4110 fcstidos
2768 4051 2828 4107 in
2877 4051 3132 4124 peccatis
3161 4053 3494 4107 convertam
3524 4051 3596 4107 ad

1947 4150 2024 4203 te.

2021 4252 2047 4278 ει
2076 4233 2301 4291 Venite.
2335 4263 2358 4286 υ
2383 4233 2522 4288 Pars
2553 4235 2784 4303 quarta.
2833 4229 3208 4288 Coutinuatio
3261 4246 3275 4285 :
3325 4230 3474 4297 Quia
3518 4230 3599 4286 ita

1947 4340 2040 4381 me
2070 4323 2254 4380 habeo
2283 4339 2384 4380 vos
2415 4321 2512 4378 alii
2539 4320 2766 4377 incitati
2798 4335 2928 4377 meo
2977 4317 3299 4392 exemplo,«
3331 4335 3536 4376 omnes
3571 4347 3594 4371 ι,

1945 4412 2187 4483 scilicet,
2218 4441 2242 4466 (ι
2274 4411 2373 4484 qui
2405 4410 2625 4466 timetis
2656 4409 2863 4480 Deum,
2895 4409 3108 4480 venite,
3131 4437 3154 4463 ιο
3188 4409 3247 4463 id
3277 4412 3368 4464 est
3397 4412 3597 4479 parate

1943 4519 2044 4558 vos
2075 4501 2148 4557 ad
2179 4498 2626 4571 intelligentiam
2661 4527 2684 4552 ιι
2715 4503 2773 4556 et
2805 4497 3023 4568 audite,
3058 4528 3080 4552 υ
3117 4496 3174 4551 id
3201 4498 3290 4552 est
3319 4494 3594 4566 intelligi-

181 4587 394 4648 cula.in
417 4593 768 4656 carceres,et
786 4588 1004 4645 iterum
1027 4588 1143 4645 alia
1164 4589 1718 4648 alllictio.«Posuisti
1743 4593 1838 4649 tri-

1958 4609 1999 4648 ;e
2031 4591 2312 4662 interiori,
2345 4607 2483 4646 aure
2529 4595 2586 4645 et
2634 4589 2682 4646 si
2735 4587 2882 4644 tales
2932 4587 3183 4657 fueritis,
3215 4602 3240 4632 ε
3286 4585 3590 4640 narrabo»

181 4675 515 4734 bulationes
538 4678 596 4732 in
621 4678 794 4734 dorso
817 4683 1016 4735 nostro
1049 4677 1145 4732 nid
1175 4683 1264 4734 est
1297 4678 1574 4751 ﬂagellati
1605 4700 1833 4746 sumus.

178 4770 231 4818 et
259 4767 414 4834 caesi,
446 4766 606 4821 sicut
637 4765 852 4823 Paulus
895 4766 1052 4838 apud
1102 4767 1421 4837 Ephesum.
1476 4769 1622 4825 Item
1672 4771 1832 4826 aliud

178 4854 423 4924 malum,
444 4855 825 4927 «imposuisti
856 4855 1124 4911 homines
1157 4873 1334 4926 super
1360 4858 1552 4928 capita
1581 4865 1781 4916 nostra
1807 4886 1830 4911 η

177 4944 272 5012 qui
327 4945 413 5000 sic
463 4943 636 5000 nobis
667 4945 1131 5002 dominarentur,
1164 4949 1227 4998 ut
1256 4945 1326 5000 de
1356 4947 1524 5003 nobis
1555 4949 1832 5020 capitales

173 5033 499 5088 sententias
527 5033 668 5088 dare
701 5037 957 5105 possent.

241 5120 313 5174 Et
333 5121 607 5193 quamvis
639 5121 760 5176 haec
792 5121 991 5178 omnia
1023 5121 1178 5177 mala
1204 5123 1373 5179 nobis
1403 5125 1830 5190 evenirent,nos

175 5212 372 5264 tamen
406 5226 646 5281 semper
678 5239 700 5263 α
729 5210 1109 5267 transivimus
1136 5241 1160 5264 ι»
1193 5213 1264 5267 ad
1299 5217 1355 5266 te
1391 5240 1413 5264 α
1443 5230 1545 5284 per
1576 5215 1771 5288 ignem
1804 5241 1827 5265 η

171 5297 599 5369 materialem,«
633 5302 690 5354 et
719 5316 960 5371 aquam»
987 5299 1126 5370 quia
1154 5299 1324 5355 multi
1355 5307 1639 5374 martyres
1661 5307 1830 5376 aquis

169 5387 468 5442 submersi
503 5392 662 5452 sunt,
693 5405 795 5443 nec
817 5392 1012 5444 tamen
1036 5389 1167 5459 igne
1189 5387 1275 5444 vel
1299 5405 1453 5460 aqua
1472 5407 1673 5447 eorum
1705 5410 1830 5448 cur-

166 5492 270 5531 sus
303 5476 924 5550 potuitimpediri.Vel
955 5477 1148 5549 ignem
1181 5494 1590 5551 quemcunque
1619 5486 1826 5538 aestum

165 5565 544 5623 adversitatis
575 5582 896 5637 possumus
927 5566 1320 5638 accipere,pcr
1350 5582 1565 5636 aquam
1595 5586 1829 5642 prospe-

162 5654 406 5713 ritatem
439 5673 453 5713 :
484 5655 627 5728 quia
656 5656 811 5712 sicut
842 5673 995 5728 aqua
1024 5653 1290 5711 dissolvit
1321 5659 1558 5721 terram,
1580 5658 1661 5716 ita
1690 5678 1822 5734 pro-

1945 4681 2112 4753 quasi
2145 4698 2266 4736 rem
2301 4697 2415 4736 non
2446 4680 2666 4749 ﬁctam,
2702 4700 2727 4727 α
2761 4681 2982 4749 quanta
3017 4676 3152 4731 fecit
3184 4675 3339 4730 Deus
3385 4673 3592 4730 anima:

1945 4787 2105 4825 111883.
2141 4785 2169 4815 ³)

2014 4861 2080 4914 Et
2123 4858 2231 4914 hoc
2281 4858 2521 4926 scilicet,
2571 4856 2702 4926 feci,
2751 4877 2774 4899 ιι
2821 4855 3066 4910 clamavi
3117 4855 3188 4910 ad
3243 4855 3435 4925 ipsum
3495 4868 3592 4907 ore

1941 4965 2071 5003 meo
2103 4969 2125 4991 »
2157 4951 2215 5003 ct
2245 4964 2358 5001 non
2393 4951 2619 5002 tantum
2655 4962 2773 5015 ore,
2821 4945 2922 5000 sed
2973 4944 3152 5000 etiam
3186 4972 3208 4996 (ι
3242 4944 3352 4997 sub
3392 4941 3590 5011 lingua

1941 5055 2094 5108 mea,
2130 5037 2186 5091 id
2217 5042 2305 5092 est
2354 5036 2410 5089 in
2461 5035 2634 5092 corde
2667 5052 2795 5090 meo
2830 5065 2851 5088 α
2885 5034 3190 5103 exsultavi,
3225 5060 3247 5083 »
3282 5032 3339 5084 id
3369 5034 3458 5084 est
3489 5046 3588 5082 cx-

1940 5127 2230 5182 sultanter
2258 5124 2524 5181 clamavi.

2015 5239 2042 5266 «
2077 5215 2474 5286 Iniquitatcm.
2509 5235 2536 5263 »
2571 5213 2826 5270 Clamavi
2860 5229 2974 5268 non
3006 5214 3237 5266 tantum
3281 5207 3454 5276 facto,
3487 5207 3586 5262 sed

1939 5306 2114 5361 etiam
2147 5305 2274 5361 sine
2306 5303 2464 5361 omni
2497 5303 2831 5374 iniquitate,
2863 5301 3040 5355 etiam
3073 5299 3130 5350 in
3164 5296 3357 5366 corde,
3390 5300 3449 5351 et
3480 5295 3587 5350 hoc

1938 5400 2028 5450 est
2059 5419 2085 5444 ‹‹
2115 5396 2162 5449 si
2199 5393 2396 5464 aspexi
2429 5390 2797 5462 iniquitatem
2829 5388 2887 5441 in
2921 5387 3116 5457 corde,
3148 5408 3175 5435 »
3193 5384 3251 5440 id
3282 5385 3445 5455 est,si
3471 5384 3588 5456 pla-

1937 5485 2059 5538 cuit
2089 5483 2233 5538 mihi
2267 5481 2546 5552 iniquitas
2580 5479 2635 5532 in
2668 5478 2840 5532 corde
2872 5500 2898 5524 ‹‹
2937 5492 3085 5546 meo,
3117 5496 3144 5527 ιο
3181 5475 3236 5530 id
3268 5478 3358 5529 est
3388 5473 3445 5528 in
3489 5492 3584 5529 vo-

1936 5573 2184 5644 luntate,
2221 5593 2249 5624 ιι
2281 5586 2394 5625 non
2425 5567 2696 5624 exaudiet
2727 5588 2754 5616 ››
2791 5581 2884 5621 me
2921 5587 2948 5619 α
2976 5564 3281 5620 Dominus.
3315 5582 3342 5614 ιι

2005 5662 2075 5718 Et
2104 5661 2243 5733 quia
2272 5657 2537 5729 clamavi,
2571 5661 2626 5713 et
2677 5655 2803 5712 sine
2853 5655 3183 5728 iniquitate,
3224 5675 3251 5709 α
3280 5659 3586 5728 propterea
