4048 6180
250 355 368 416 413

253 505 365 544 non
395 488 555 559 quod
588 487 818 559 Moyses
843 489 1068 542 tantam
1098 486 1373 543 virtutem
1407 487 1570 544 illam
1613 488 1898 559 intellige-
1927 487 1986 558 Α

251 581 335 632 ret
363 577 427 631 in
460 593 617 643 arca,
652 577 753 632 sed
785 591 889 648 per
917 575 1078 631 illam
1106 576 1402 632 Christum
1436 578 1535 632 Dei
1582 577 1901 650 significari

251 665 496 732 sciebat,
531 665 591 720 in
622 682 736 736 quo
781 663 1155 720 continentur
1191 683 1394 721 omnes
1422 667 1684 723 thesauri
1715 667 1901 722 scien-

252 755 340 810 tiae
371 761 430 810 et
461 755 786 828 sapientizc,
810 753 964 811 sicut
994 755 1051 808 in
1086 772 1220 812 arca
1249 757 1658 812 continebatur
1691 757 1900 813 tabulae

251 842 613 910 testamenti,
647 847 758 898 etc.

319 933 391 988 Et
421 931 563 1003 quia
592 930 877 987 intellexit
905 931 1084 988 David
1118 933 1354 1006 Moysen
1394 935 1463 991 de
1511 934 1740 990 Christo
1795 935 1902 990 hoc

249 1026 543 1089 cantasse,
577 1037 757 1092 agens
788 1021 857 1077 de
886 1020 1234 1078 exaltatione
1263 1025 1528 1094 ejusdem
1558 1023 1769 1080 Christi
1798 1041 1904 1097 po-

250 1110 337 1166 nit
359 1110 542 1166 verba
582 1110 787 1182 Moysi,
823 1108 1022 1166 dicens
1057 1127 1068 1166 :
1107 1132 1134 1160 α
1168 1111 1322 1168 Deus
1359 1135 1379 1162 υ
1440 1113 1539 1184 qui
1590 1113 1904 1185 aliquando

249 1199 444 1266 latuit,
465 1220 494 1249 ι(
524 1204 867 1271 exsurgat.»
905 1200 1020 1256 Hoc
1050 1216 1360 1274 exsurgere
1392 1203 1502 1258 fuit
1532 1202 1590 1258 in
1607 1203 1906 1273 omnibus,

250 1305 378 1360 quas
436 1287 712 1344 Christus
769 1288 904 1344 fecit
949 1307 983 1345 a
1027 1293 1288 1362 tempore
1342 1292 1805 1359 resurrectionis,
1849 1297 1907 1348 et

249 1377 534 1449 deinceps
565 1399 593 1426 κ
627 1381 685 1432 et
714 1376 937 1432 inimici
970 1379 1098 1450 ejus
1147 1379 1512 1452 dissipentur
1543 1403 1570 1432 »
1623 1380 1903 1449 localiter,

251 1467 408 1523 sicut
439 1466 752 1539 impletum
779 1467 948 1523 estin
981 1467 1344 1540 dispersione
1374 1470 1490 1526 Titi
1525 1474 1582 1526 et
1608 1469 1910 1542 Vespasia-

251 1555 310 1610 ni
345 1571 359 1612 :
396 1579 427 1606 α
481 1561 538 1612 et
587 1555 687 1627 qui
737 1557 985 1614 oderunt
1031 1574 1190 1627 eum,
1221 1581 1248 1607 ››
1281 1559 1338 1616 id
1389 1563 1497 1628 est,
1532 1564 1734 1616 contra
1773 1577 1906 1616 eum

252 1650 774 1717 perseveraverunt
803 1646 861 1700 in
893 1646 1044 1715 odio,
1080 1671 1105 1696 α
1142 1647 1446 1720 fugiant,»
1482 1649 1539 1704 id
1579 1655 1686 1718 est,
1721 1666 1907 1706 remo-

250 1738 506 1790 veantur
531 1757 559 1784 ‹‹
593 1751 627 1790 a
659 1733 802 1791 facie
833 1735 982 1806 ejus,
1020 1759 1048 1785 »
1077 1736 1135 1791 id
1185 1743 1294 1804 est,
1347 1755 1381 1793 a
1431 1739 1757 1810 praesentia,
1792 1756 1906 1795 non

252 1824 410 1894 quod
447 1823 682 1894 possint
703 1825 981 1880 removeri
1014 1842 1048 1880 a
1071 1827 1379 1897 praasentia
1410 1829 1538 1899 ejus
1560 1827 1660 1899 qui
1691 1829 1909 1900 ubique
1941 1861 1992 1930 Β

253 1917 370 1968 est:
407 1913 570 1968 unde
602 1913 920 1984 propheta:
959 1938 986 1964 ιι
1021 1914 1080 1970 Si
1111 1916 1464 1972 descendere
1496 1918 1568 1972 ad
1593 1917 1912 1987 infernum,

253 2001 397 2057 ades
427 2001 602 2073 (Psal.
634 2005 925 2072 cxxxvm),
955 2026 984 2052 »
1012 2005 1110 2060 sed
1146 2010 1517 2061 removentur
1547 2023 1580 2061 a
1610 2006 1752 2062 facie
1784 2008 1912 2078 ejus

253 2089 356 2162 qui
390 2107 513 2146 non
545 2090 826 2147 fruuntur
853 2092 1182 2166 cognitione
1213 2095 1418 2166 ipsius.
1453 2095 1616 2151 Unde
1647 2096 1863 2151 dicitur
1896 2113 1908 2153 :

252 2178 529 2235 Tollatur
577 2180 818 2252 impius,
851 2198 923 2237 ne
975 2182 1170 2238 videat
1209 2183 1457 2255 gloriam
1508 2183 1626 2240 Dei.
1661 2185 1790 2240 Haec
1824 2203 1912 2241 re-

253 2268 593 2323 muneratio
624 2270 742 2336 ﬁet,
777 2286 908 2324 cum
935 2271 1162 2326 dicetur
1195 2289 1206 2326 :
1242 2271 1531 2329 Discedite
1562 2291 1594 2329 a
1636 2289 1747 2343 me,
1783 2290 1913 2329 ma—

251 2356 480 2424 ledicti,
517 2358 575 2411 in
609 2358 805 2430 ignem
838 2363 1139 2414 aeternum.

329 2467 360 2494 ο(
390 2446 561 2501 Sicut
589 2447 804 2502 deﬁcit.
825 2470 852 2496 η
877 2447 976 2503 Hic
1001 2454 1277 2520 aggravat
1299 2467 1528 2522 poenam
1544 2453 1915 2524 corum,quia

253 2539 498 2590 tantum
518 2535 672 2590 valet
693 2535 908 2606 optatio
934 2539 1250 2609 propheta),
1268 2545 1552 2611 quantum
1577 2541 1910 2598 affirmatio.

255 2645 284 2673 α
318 2623 615 2680 Deﬂeiant
641 2648 668 2673 »
698 2624 874 2680 etiam
912 2648 938 2674 «
971 2627 1123 2682 sicut
1153 2628 1346 2683 deficit
1377 2629 1638 2698 fumus,»
1656 2631 1739 2686 sic
1757 2630 1912 2686 enim

252 2717 479 2768 natura
511 2713 660 2768 fumi
692 2719 803 2783 est,
838 2717 901 2768 ut
931 2720 1147 2786 quanto
1199 2717 1387 2789 magis
1435 2719 1717 2790 ascendit,
1753 2723 1912 2773 tanto

252 2803 456 2874 magis
489 2807 839 2859 evanescat:
873 2803 956 2859 sic
1005 2803 1164 2873 mali,
1207 2809 1423 2877 quanto
1469 2807 1658 2879 magis
1706 2825 1912 2864 ascen-

251 2893 412 2946 dunt
433 2891 496 2946 in
527 2896 814 2964 potestate
843 2892 1022 2965 hujus
1052 2892 1270 2961 saeculi,
1305 2899 1466 2951 tanto
1497 2896 1685 2969 magis
1717 2913 1915 2954 evane-

254 2985 440 3037 scunt
466 2998 502 3036 a
531 2981 789 3050 veritate,
821 2986 877 3038 et
909 2981 1060 3038 sicut
1089 2983 1308 3051 fumus,
1339 3001 1572 3056 semper
1591 2987 1914 3057 procedunt

253 3071 328 3126 ab
365 3071 505 3142 igne
528 3070 1120 3142 concupiscentim.Et
1152 3089 1306 3128 nunc
1329 3074 1504 3129 etiam
1534 3075 1724 3147 magis
1749 3092 1915 3148 agge-

256 3165 354 3214 rat
388 3177 624 3231 pmnam
657 3177 883 3231 eorum,
917 3177 1050 3215 enm
1084 3160 1224 3216 dicit
1256 3177 1268 3215 :
1322 3161 1475 3218 sicut
1521 3164 1652 3218 fluit
1701 3181 1834 3219 cera
1882 3181 1915 3220 a

257 3249 413 3303 faeie
445 3249 622 3320 ignis,
655 3249 740 3304 sic
770 3254 1008 3321 pereant
1039 3254 1369 3323 peccatores
1402 3270 1436 3308 a
1465 3253 1632 3321 facie,
1656 3276 1682 3301 η
1715 3253 1772 3308 id
1803 3259 1913 3324 est,

257 3354 292 3393 a
321 3336 641 3410 praesentia
676 3359 704 3388 ιι
734 3337 835 3393 Dei
870 3362 898 3386 »
927 3339 1133 3394 remoti
1169 3357 1182 3394 :
1219 3357 1333 3395 non
1365 3342 1518 3412 quod
1550 3358 1752 3398 eorum
1785 3343 1913 3398 sub

259 3426 489 3482 stantia
520 3443 762 3499 prorsus
792 3427 1181 3497 interimatur,
1213 3429 1315 3484 sed
1347 3430 1407 3485 in
1437 3430 1546 3486 hoc
1575 3432 1746 3504 perit,
1761 3433 1915 3505 quod

259 3533 294 3571 α
321 3533 466 3571 vero
501 3532 651 3585 esse,
687 3517 839 3588 quod
871 3520 960 3572 est
989 3517 1165 3587 Deus,
1201 3523 1564 3590 separantur.

330 3606 658 3677 Postquam
687 3606 939 3662 ostendit
971 3607 1111 3679 quid
1142 3606 1312 3663 malis
1343 3608 1571 3664 eveniat
1601 3609 1672 3664 de
1702 3609 1915 3666 Christi

255 3694 638 3763 exaltatione,
674 3700 910 3751 econtra
940 3696 1194 3752 ostendit
1225 3697 1362 3769 quid
1395 3698 1564 3753 bonis
1596 3699 1665 3753 de
1713 3699 1915 3755 eadem

254 3783 616 3840 exaltatione
667 3783 987 3856 contingat.
1023 3785 1440 3842 Continuatio:
1499 3811 1524 3836 ‹‹
1581 3787 1916 3844 Peccatores

256 3877 527 3945 pereant,
562 3877 620 3928 et
653 3874 804 3944 justi
857 3873 1186 3945 epulantur,
1221 3897 1248 3924 ››
1302 3875 1359 3928 id
1416 3881 1523 3943 est,
1557 3877 1913 3947 reficiantur,

255 3963 387 4035 ipso
417 3961 647 4018 scilicet
676 3962 814 4028 Deo,
849 3963 949 4034 qui
979 3963 1090 4018 erit
1137 3964 1337 4019 omnia
1365 3962 1424 4019 in
1468 3966 1763 4035 omnibus,
1799 3990 1826 4016 ιι
1861 3971 1918 4022 et

253 4049 558 4107 exsultent
588 4074 615 4100 ‹‹
650 4050 823 4123 positi
860 4074 886 4100 ››
921 4073 949 4102 ‹‹
981 4051 1040 4106 in
1073 4057 1389 4124 conspectu
1421 4053 1544 4121 Dei,
1577 4059 1635 4110 et
1681 4055 1740 4108 in
1771 4055 1914 4110 laeti-

254 4141 338 4195 tia
368 4157 484 4194 sua
518 4162 546 4188 η
578 4139 638 4194 in
672 4157 788 4212 qua
818 4139 1229 4196 delectandum
1261 4145 1370 4210 est,
1403 4142 1542 4214 quia
1585 4147 1798 4199 aeterna
1827 4149 1917 4200 est

257 4215 284 4275 ἶ(
319 4226 715 4282 delectentur.
749 4248 778 4278 »

329 4339 360 4367 α
395 4319 639 4372 Cantate
668 4316 804 4372 Deo.
841 4339 868 4366 »
894 4317 964 4373 Et
993 4319 1132 4390 quia
1149 4318 1298 4390 justi
1324 4319 1702 4376 exsultabunt
1731 4326 1788 4377 et
1811 4322 1916 4378 de-

256 4404 660 4474 lectabantur,
676 4405 803 4461 ideo
816 4422 915 4462 vos
929 4406 1026 4462 alii
1040 4430 1068 4456 ‹‹
1084 4411 1312 4464 cantate
1325 4408 1440 4465 Deo
1460 4432 1486 4458 »
1504 4410 1673 4466 corde
1687 4415 1744 4465 et
1755 4428 1890 4467 voce
1900 4455 1914 4480 ,

255 4499 312 4550 et
338 4518 368 4544 ‹‹
391 4493 572 4549 dicite
591 4493 912 4566 psalmum,
928 4517 956 4544 »
979 4496 1035 4549 id
1064 4500 1152 4551 est
1182 4496 1328 4552 bene
1350 4497 1915 4569 operamini,nomen

1421 355 1519 416 EX
1530 353 1930 418 PLANATIO
1972 354 2052 417 IN
2095 358 2456 421 PSALMOS
2469 405 2483 421 .

3538 368 3658 429 414

2089 511 2114 539 ‹‹
2147 491 2463 548 Exsultate.
2485 517 2511 541 ››
2543 495 2926 551 Cantatedico
2953 501 3010 554 et
3038 497 3291 570 psallite,
3310 504 3369 555 et
3387 516 3503 556 non
3523 516 3658 559 cum

2012 579 2268 647 tristitia,
2304 579 2422 636 imo
2454 605 2480 632 ‹‹
2515 583 2800 639 exsultat-e
2831 583 2890 639 in
2924 591 3240 657 conspectu
3271 589 3423 660 ejus,
3461 594 3487 638 i»
3510 589 3662 660 justi

2011 667 2324 741 exsultent,
2342 669 2478 724 mali
2493 675 2687 728 autem
2706 673 2805 744 qui
2821 673 3257 731 lzeduntviduas
3275 680 3331 730 et
3344 677 3659 748 orphanos,

2015 776 2042 804 «
2074 757 2474 814 turbabuntur
2501 778 2535 816 a
2566 761 2710 816 facie
2743 764 2869 832 ejus
2901 785 2927 812 »
2963 763 3064 818 Dei
3110 763 3344 835 quando
3394 765 3657 821 dicetur:

2014 867 2040 894 ‹‹
2076 845 2178 912 Ite,
2213 847 2400 918 impii,
2433 848 2494 903 in
2526 854 2809 906 zeternum
2843 851 3199 924 supplicium
3232 852 3434 924 (Matth.
3456 854 3662 925 xxv):»

2013 933 2141 1004 ejus
2172 934 2302 990 dico
2335 959 2362 985 ‹‹
2396 937 2579 1007 patris
2611 937 3029 1010 orphanorum,
3067 961 3094 988 »
3127 939 3267 1011 quia
3297 939 3423 1012 ipse
3453 944 3542 995 est
3561 957 3662 1012 pa-

2016 1027 2107 1078 ter
2136 1027 2192 1078 et
2231 1027 2514 1094 patronus
2557 1026 2976 1099 orphanorum,
3011 1027 3068 1083 id
3120 1032 3230 1095 est,
3277 1028 3661 1100 simplicium,

2015 1112 2116 1184 qui
2149 1112 2294 1168 nihil
2327 1131 2360 1168 a
2391 1131 2452 1170 se
2485 1115 2712 1171 astutiae
2734 1115 2973 1186 habent,
3000 1117 3101 1172 sed
3130 1115 3190 1171 in
3219 1115 3404 1172 solius
3433 1117 3534 1172 Dei
3556 1119 3662 1173 du-

2016 1205 2149 1257 catu
2184 1202 2466 1258 incedunt
2505 1226 2532 1253 «
2564 1209 2621 1259 et
2660 1204 2880 1276 judicis
2928 1205 3260 1273 viduarum,
3296 1227 3325 1254 ››
3364 1222 3491 1276 quze
3541 1206 3666 1279 ipse

2016 1290 2148 1347 illas
2191 1291 2250 1346 in
2302 1293 2579 1364 (equitate
2619 1293 2868 1365 judicat,
2905 1310 3033 1366 qua)
3082 1298 3222 1349 sunt
3250 1293 3458 1362 viduae,
3493 1295 3550 1350 id
3579 1299 3669 1351 est

2017 1379 2238 1450 aliquid
2270 1399 2338 1436 ex
2369 1398 2430 1436 se
2453 1382 2673 1437 habent
2701 1386 2760 1437 et
2791 1381 3054 1438 sentiunt
3093 1383 3167 1437 ad
3215 1382 3401 1438 Deum
3451 1381 3512 1438 in
3563 1399 3670 1438 sua

2019 1469 2365 1525 necessitate
2397 1469 2794 1540 clamandum,
2830 1472 2986 1527 sicut
3015 1471 3252 1543 perlecti
3281 1470 3409 1526 viri.

2091 1582 2116 1608 ‹‹
2153 1558 2306 1614 Deus
2338 1559 2395 1613 in
2430 1558 2574 1615 loco.
2598 1560 2828 1615 nAliam
2860 1560 3073 1616 Christi
3099 1560 3670 1616 commendationem

2019 1647 2202 1718 ponit.
2257 1647 2676 1703 Continuatio:
2731 1649 2859 1720 Ipse
2906 1653 2996 1703 est
3035 1649 3219 1719 judex
3250 1647 3580 1720 viduarum,
3613 1653 3670 1704 et

2019 1735 2142 1806 ipse
2173 1739 2261 1791 est
2292 1760 2318 1786 ‹‹
2355 1736 2506 1791 Deus
2532 1736 2590 1790 in
2624 1735 2747 1791 loco
2780 1740 2980 1792 sancto
3014 1753 3140 1804 suo,
3177 1760 3204 1784 ››
3239 1737 3294 1791 id
3327 1741 3434 1805 est,
3470 1737 3528 1791 in
3560 1755 3670 1793 an-

2021 1823 2164 1897 gelis
2195 1829 2252 1880 et
2281 1825 2340 1879 in
2375 1824 2506 1881 aliis
2537 1825 2758 1881 sanctis
2788 1825 2950 1894 viris,
2981 1825 3120 1896 quia
3151 1825 3293 1880 nihil
3325 1825 3501 1880 habet
3530 1826 3668 1881 obs-

2023 1913 2222 1985 taculi,
2259 1938 2285 1963 ‹‹
2319 1914 2476 1970 Deus
2510 1936 2538 1962 ››
2570 1914 2720 1981 dico,
2759 1935 2785 1963 ‹‹
2819 1914 2918 1985 qui
2957 1914 3095 1969 facit
3127 1936 3154 1961 »
3200 1913 3468 1969 homines
3519 1937 3546 1964 «
3580 1914 3668 1968 in-

2023 2003 2286 2058 habitare
2318 2003 2494 2058 unius
2545 2003 2746 2070 moris,
2783 2025 2808 2051 ››
2841 2003 2898 2057 id
2948 2007 3059 2074 est,
3103 2002 3281 2057 unius
3324 2001 3665 2070 voluntatis,

2022 2092 2343 2148 secundum
2397 2093 2571 2147 fidem
2617 2097 2674 2147 et
2723 2091 3090 2161 charitatem,
3125 2114 3152 2141 «
3198 2091 3258 2146 in
3309 2091 3504 2159 domo,
3542 2114 3563 2140 ι»
3607 2091 3666 2146 id

2021 2185 2131 2247 est,
2164 2181 2220 2235 in
2254 2181 2511 2236 Ecclesia
2538 2199 2665 2237 sua.

2091 2269 2217 2325 Alia
2247 2271 2697 2326 commendatio.
2727 2295 2753 2320 ‹‹
2789 2271 2896 2336 Qui
2935 2293 2961 2319 ››
2992 2270 3168 2326 etiam
3204 2293 3232 2320 ‹‹
3267 2271 3464 2326 educit
3510 2270 3668 2326 vinc-

2022 2364 2134 2428 tos,
2172 2382 2198 2407 ››
2230 2359 2288 2414 id
2322 2364 2429 2428 est,
2463 2359 2595 2415 illos
2628 2359 2728 2432 qui
2759 2378 2792 2415 a
2821 2360 3051 2416 diabolo
3085 2358 3296 2432 captivi
3327 2360 3672 2416 tenebantur

2023 2447 2081 2502 in
2114 2448 2360 2517 inferno,
2393 2448 2481 2504 vel
2511 2450 2768 2504 viventes
2801 2448 2961 2522 ligati
2999 2448 3250 2504 vinculis
3299 2451 3669 2521 peccatorum

2025 2563 2051 2587 «ι
2088 2539 2146 2592 in
2194 2537 2557 2607 fortitudine,
2595 2561 2622 2587 ›)
2673 2539 2730 2593 id
2781 2543 2887 2606 est,
2915 2539 2975 2593 in
3024 2538 3301 2594 violentia
3348 2555 3581 2611 magna,
3614 2543 3671 2593 et

2024 2627 2176 2681 sicut
2203 2627 2432 2682 vinctos
2464 2652 2489 2676 ‹‹
2526 2627 2800 2681 similiter
2851 2643 2949 2682 eos
2999 2625 3100 2698 qui
3151 2631 3516 2699 exasperant,
3551 2650 3579 2675 »
3611 2626 3668 2680 id

2023 2719 2131 2783 est,
2167 2719 2479 2786 provocant
2510 2716 2694 2770 Deum
2726 2716 2796 2770 ad
2831 2715 3000 2785 iram,
3021 2714 3260 2782 scilicet,
3294 2715 3669 2786 blasphemos

2023 2806 2080 2858 et
2107 2803 2484 2875 turpissimos
2515 2803 2574 2858 in
2619 2804 2897 2875 peccatis,
2928 2807 2985 2858 et
3027 2802 3204 2858 etiam
3259 2803 3473 2871 educit,
3507 2826 3533 2851 α
3565 2803 3666 2873 qui

2023 2892 2291 2948 habitant
2320 2893 2378 2946 in
2411 2891 2718 2964 sepulcris,
2759 2916 2778 2941 ιι
2815 2892 2874 2946 id
2913 2895 3020 2959 est,
3055 2891 3428 2947 consentiunt
3473 2890 3669 2962 volup-

2023 2981 2128 3038 tati
2176 2982 2390 3053 carnis,
2426 3000 2553 3054 qua:
2603 2998 2735 3037 caro
2767 2984 2854 3036 est
2901 2979 3234 3052 sepulcrum
3267 2979 3496 3047 anima},
3529 2979 3668 3051 quia

2024 3071 2104 3126 ibi
2137 3071 2333 3127 anima
2364 3071 2526 3127 carni
2571 3070 2962 3139 consentiens,
3003 3067 3304 3142 putrescit,
3338 3068 3491 3124 sicut
3533 3085 3667 3124 caro

2028 3160 2086 3215 in
2119 3160 2407 3231 sepulcro.

2103 3251 2332 3318 «Deus,
2368 3267 2502 3305 cum
2543 3249 2922 3322 egredereris.
2955 3271 2982 3297 ››
3015 3247 3118 3304 Hic
3165 3245 3369 3320 incipit
3412 3246 3671 3302 secunda

2026 3356 2161 3412 pars
2195 3355 2208 3394 :
2243 3344 2300 3394 et
2330 3339 2426 3395 hic
2455 3344 2544 3395 est
2575 3337 2924 3410 diapsalma,
2956 3337 3014 3393 id
3045 3341 3152 3405 est,
3181 3336 3388 3393 divisio
3434 3335 3667 3409 psalmi.

2025 3429 2399 3484 Continuatio
2434 3446 2447 3484 :
2499 3428 2659 3500 Dico,
2707 3431 2794 3495 tu,
2828 3427 3008 3497 Deus,
3038 3426 3291 3482 deduces
3337 3423 3491 3493 illos,
3533 3425 3672 3497 quia

2026 3519 2180 3591 quod
2229 3517 2616 3590 praeﬁgurasti
2665 3517 2725 3572 in
2777 3516 2929 3588 aliis,
2984 3515 3244 3588 comples
3288 3514 3347 3571 in
3397 3514 3588 3580 nobis,
3616 3518 3672 3568 et

2027 3613 2135 3663 hoc
2188 3611 2277 3662 est
2308 3592 2330 3661 ἶ
2369 3631 2396 3656 ‹‹
2429 3607 2603 3674 Deus,
2638 3622 2774 3661 cum
2823 3605 3201 3676 egredereris,
3237 3627 3265 3654 ››
3304 3604 3362 3658 id
3393 3608 3502 3670 est,
3537 3619 3672 3658 cum

2027 3697 2190 3770 prius
2221 3695 2483 3751 occultus
2510 3712 2689 3763 esses,
2719 3694 2971 3765 teipsum
3004 3693 3380 3748 manifestum
3413 3692 3675 3747 ostende-

2027 3803 2118 3843 res
2151 3809 2177 3835 «
2211 3785 2269 3839 in
2303 3786 2622 3855 conspectu
2650 3780 2850 3854 populi
2881 3779 2968 3835 tui
3003 3802 3030 3828 ››
3063 3778 3452 3834 illuminando
3482 3794 3580 3833 eos
3611 3777 3671 3831 in
3703 3849 3714 3853 _

2027 3881 2194 3932 nocte
2224 3890 2326 3946 per
2355 3871 2691 3927 columnam
2722 3869 2898 3941 ignis,
2930 3868 2988 3922 in
3021 3867 3114 3922 die
3146 3866 3542 3937 refrigerando
3572 3883 3671 3922 eos

2027 3981 2130 4036 per
2173 3961 2509 4018 columnam
2561 3958 2736 4014 nubis
2781 3957 2972 4030 (Exod.
3004 3973 3104 4011 xm
3134 3960 3190 4010 et
3217 3959 3356 4025 xw),
3389 3961 3447 4010 et
3477 3978 3504 4004 ‹‹
3536 3972 3671 4010 eum

2027 4075 2052 4102 «
2088 4051 2475 4124 pertransires
2507 4049 2566 4103 in
2592 4049 2821 4103 deserto
2844 4069 2872 4096 ››
2903 4046 3124 4102 ducens
3154 4061 3254 4100 eos
3284 4048 3342 4099 et
3359 4044 3672 4099 ostendens

2025 4141 2304 4212 teipsum,
2335 4139 2420 4194 eis
2451 4138 2761 4210 praebendo
2810 4137 3090 4191 ducatum
3121 4149 3353 4204 semper
3384 4156 3412 4183 ‹‹
3448 4149 3550 4203 per
3579 4149 3671 4187 eo-

2024 4229 2291 4285 lumnam
2345 4226 2520 4282 nubis
2572 4249 2600 4275 ››
2651 4229 2708 4281 et
2755 4224 2928 4297 ignis,
2963 4240 3066 4296 per
3110 4225 3301 4278 totum
3352 4221 3672 4291 desertum,

2025 4342 2053 4370 «
2087 4323 2272 4374 terrra
2300 4321 2459 4372 mota
2481 4318 2635 4380 est,»
2669 4313 2726 4368 id
2757 4317 2864 4382 est,
2891 4310 3106 4368 terreni
3127 4310 3228 4383 qui
3255 4309 3420 4383 prius
3448 4308 3673 4366 cultum

2025 4408 2126 4465 Dei
2179 4424 2294 4463 non
2344 4408 2664 4471 moverant,
2701 4402 2844 4458 moti
2895 4405 3035 4457 sunt
3083 4401 3155 4456 ad
3205 4398 3429 4455 cultum
3465 4397 3584 4466 Dei,
3619 4401 3676 4452 et
3734 4442 3737 4446 .

2023 4499 2201 4556 etiam
2252 4494 2365 4568 ipsi
2413 4493 2622 4562 Judazi,
2675 4509 2777 4564 per
2825 4513 2853 4540 «
2887 4489 3222 4546 columnam
3276 4485 3450 4558 ignis,
3486 4507 3512 4533 ››
3545 4501 3673 4556 qua:
3766 4560 3768 4564 τ

253 4585 388 4655 ejus
410 4582 798 4656 ampliando«
821 4584 1044 4640 nomini
1071 4586 1246 4657 ejus»
1271 4586 1751 4658 scilicet,Christo
1771 4589 1914 4647 Filio
1945 4606 1992 4670 ι)
2025 4587 2308 4660 pepulum
2343 4582 2518 4640 Israel
2550 4579 2921 4670 illuminavit.
2956 4577 3152 4670 Nubes
3200 4573 3446 4670 quaain-
3469 4573 3675 4670 diere-

252 4675 411 4744 ejus,
447 4689 553 4745 per
583 4689 756 4744 quem
789 4691 999 4730 nomen
1032 4675 1160 4745 ejus
1192 4677 1412 4732 mundo
1464 4677 1737 4733 innotuit.
1771 4681 1914 4734 Cum

253 4763 421 4830 dieit,
437 4760 736 4834 psalmum
769 4762 1095 4832 dicite,non
1125 4767 1359 4820 tantum
1391 4770 1590 4821 monet
1621 4767 1766 4822 bene
1789 4785 1920 4839 ope-

255 4851 398 4916 rari,
434 4850 538 4906 sed
572 4850 702 4906 aliis
736 4868 905 4906 suam
937 4854 1333 4924 operationem
1366 4853 1577 4923 dicere,
1621 4856 1678 4910 id
1713 4861 1824 4927 est,
1857 4856 1915 4911 in

253 4938 526 5011 exemplo
560 4957 902 5013 preponere,
922 4946 979 4998 et
1001 4967 1027 4993 ‹‹
1053 4943 1166 4998 iter
1191 4966 1217 4993 ‹‹
1239 4943 1414 4998 etiam
1441 4967 1466 4992 ››
1487 4943 1659 5000 facite
1685 4943 1736 4999 ei
1767 4969 1791 4994 ››
1814 4963 1919 5017 per

255 5029 416 5100 quod
450 5029 563 5084 iter
583 5030 640 5083 in
660 5048 768 5087 nos
783 5030 994 5101 veniat,
1013 5033 1336 5103 rumpendo
1359 5033 1558 5089 omnia
1588 5034 1912 5104 obstacula,

255 5118 513 5188 scilicet,
543 5118 704 5187 vitia,
742 5136 868 5191 qua:
901 5121 1084 5176 Deum
1118 5121 1413 5194 expellunt
1437 5123 1508 5178 de
1552 5122 1914 5181 habitatione

257 5211 471 5262 nostra
507 5223 519 5262 :
553 5208 605 5263 ei
640 5209 791 5275 dico,
831 5235 855 5259 ‹‹
894 5210 994 5281 qui
1030 5210 1292 5266 ascendit
1334 5229 1512 5282 super
1560 5229 1856 5286 occasum,
1889 5237 1918 5263 »

256 5297 315 5351 id
353 5303 470 5366 est,
502 5285 682 5370 Super
711 5302 982 5371 mortem,
1015 5317 1140 5372 qua:
1175 5300 1277 5356 toti
1321 5301 1541 5356 mundo
1573 5285 1918 5359 dominaba-

255 5392 381 5456 tur,
415 5391 470 5442 et
502 5386 562 5441 iri
597 5404 893 5460 occasum,
928 5393 984 5445 et
1019 5389 1077 5444 in
1111 5390 1379 5450 tenebras
1412 5389 1829 5461 praecipitabat,
1862 5397 1920 5448 et

256 5475 512 5548 dignum
546 5482 637 5533 est
666 5483 732 5534 ut
761 5478 812 5533 ei
844 5479 955 5534 iter
986 5478 1234 5548 faciatis,
1267 5478 1405 5551 quia
1435 5503 1460 5528 ‹‹
1495 5477 1579 5533 illi
1614 5501 1640 5528 »
1673 5485 1761 5535 est
1809 5480 1918 5538 hoc

256 5588 286 5613 α
325 5582 544 5621 nomen
579 5589 606 5616 n
637 5569 1023 5625 substantiale
1055 5592 1082 5619 ‹‹
1113 5569 1396 5626 Dominus
1427 5591 1454 5621 »
1490 5569 1628 5642 quia
1671 5571 1783 5644 ipsi
1815 5590 1920 5646 per

255 5670 326 5711 se
343 5654 688 5715 dominatur
703 5661 762 5716 et
779 5674 949 5718 nemo
966 5661 1156 5735 potest
1175 5658 1489 5732 nominari,
1505 5659 1620 5720 nisi
1637 5677 1740 5737 per
1758 5679 1916 5722 eum.

2027 4676 2341 4749 frigerabat
2371 4690 2490 4738 eos,
2524 4671 2792 4727 eamdem
2830 4666 3292 4722 incarnationem
3326 4661 3673 4735 designabat

2025 4767 2083 4821 in
2118 4782 2234 4836 qua
2264 4780 2468 4820 omnes
2501 4759 2701 4815 ﬁdeles
2737 4755 3102 4829 refrigerium
3136 4753 3459 4810 inveniunt.

2097 4855 2234 4911 Dico
2283 4857 2437 4907 terra
2484 4853 2644 4903 mota
2682 4851 2790 4913 est,
2818 4851 2875 4902 et
2901 4845 3009 4901 hoc
3044 4844 3200 4916 ideo,
3233 4868 3260 4895 ‹‹
3293 4842 3510 4900 etenim
3543 4837 3670 4895 εαξιί

2027 4969 2053 4994 ‹‹
2083 4941 2513 4998 distillaverunt
2541 4961 2568 4986 ››
2590 4938 2732 4991 dum
2758 4952 2975 4991 manna
3004 4934 3316 5006 pluerent«
3338 4950 3371 4986 a
3392 4928 3555 4996 facie,
3574 4927 3670 4980 nid

2024 5037 2113 5090 est
2134 5051 2166 5088 a
2194 5028 2505 5103 praesentia
2521 5051 2546 5077 ‹‹
2569 5025 2670 5081 Dei
2688 5050 2713 5075 ››
2738 5025 2877 5097 quia
2907 5025 2986 5078 ibi
3017 5025 3159 5078 dum
3195 5017 3669 5084 mannacaderet,

2025 5120 2335 5196 praesentia
2366 5117 2467 5173 Dei
2494 5115 2729 5189 cognita
2757 5115 2886 5179 fuit,
2920 5113 3019 5167 Dei
3051 5112 3179 5166 dico
3224 5134 3249 5158 ‹‹
3285 5105 3444 5162 Sinai
3479 5127 3506 5154 »
3537 5104 3673 5196 quia

2029 5192 2088 5268 in
2119 5212 2218 5267 illo
2250 5212 2444 5264 monte
2469 5208 2622 5263 Deus
2640 5204 2799 5260 dedit
2816 5203 3001 5273 legem
3020 5205 3076 5255 et
3099 5192 3565 5253 mandata.Sinai
3591 5192 3675 5246 in-

2029 5305 2379 5376 terpretatur
2407 5295 2747 5360 mandatum,
2778 5295 2834 5346 et
2865 5292 3017 5344 Deus
3049 5287 3266 5376 dicitur
3308 5284 3459 5341 Deus
3482 5299 3671 5376 man-

2029 5373 2168 5461 dati,
2205 5389 2302 5463 qui
2334 5389 2392 5443 in
2425 5383 2696 5443 omnibus
2724 5379 2840 5433 illis
2889 5377 3136 5444 habitat,
3171 5374 3272 5446 qui
3323 5373 3672 5463 mandatum

2026 5483 2144 5538 illis
2176 5460 2501 5536 observant.
2535 5475 2579 5527 A
2613 5469 2754 5526 facie
2786 5467 2887 5523 Dei
2929 5465 3092 5524 Sinai
3138 5464 3287 5532 dico,
3325 5469 3382 5519 et
3415 5486 3442 5512 ‹‹
3469 5479 3503 5517 a
3529 5460 3674 5516 faeie

2031 5595 2059 5624 «
2093 5571 2191 5628 Dei
2222 5565 2468 5633 Israel,»
2500 5561 2558 5615 id
2590 5561 2696 5626 est,
2715 5554 3018 5612 Israelitici
3044 5554 3477 5628 populi.Potest
3494 5550 3672 5607 etiam

2026 5662 2121 5722 hic
2171 5654 2330 5718 Sinai
2379 5647 2777 5712 nominativus
2833 5662 2982 5723 esse,
3043 5644 3198 5722 quod
3252 5642 3510 5705 ostendit
3563 5639 3676 5699 alia
