4048 6180
385 354 504 416 415

806 347 1210 410 I-IAYMONIS
1242 343 1774 406 HALBERSTAT.
1807 335 2052 406 EPISG.
2085 336 2259 403 OPP.
2287 339 2513 404 PARS.
2547 343 2597 404 Ι.
2630 377 2708 388 -
2738 343 3142 405 COMMENT.
3175 344 3375 404 BIBL.

3673 346 3790 403 4ῐὸ

389 484 716 551 translatio,
749 499 876 554 quae
908 479 1102 545 habet,
1137 494 1306 532 mons
1333 477 1492 532 Sina.
1526 473 1698 530 Velut
1747 475 1830 528 sic
1879 473 2035 527 dica-
2065 472 2122 539 Α
2150 475 2563 544 apparitiones.
2592 476 2998 532 Continuatio:
3034 477 3150 532 Hoc
3179 476 3343 532 dabit
3372 476 3558 542 vobis,
3591 481 3650 531 et
3683 476 3794 532 hoc

387 579 523 630 tur:
560 570 695 626 Cceli
731 566 1178 632 distillaverunt,
1213 568 1270 620 et
1303 581 1474 619 mons
1504 562 1643 618 Sina
1687 561 1859 617 etiam
1913 559 2032 613 dis-

387 660 612 726 tillavit,
646 659 704 713 id
733 660 842 722 est,
877 653 1090 709 nebula
1119 656 1178 707 et
1205 652 1435 707 fumum
1467 650 1665 707 emisit
1693 668 1726 705 a
1758 649 1902 704 facie
1934 646 2034 702 Dei

389 747 588 812 Israel,
618 746 675 799 id
707 750 818 811 est,
856 743 1091 814 quando
1142 742 1296 796 Deus
1346 741 1692 812 loquebatur
1733 737 1935 810 Moysi,
1970 739 2036 790 ut

385 838 571 908 legem
604 835 786 888 daret.

455 926 702 980 Ostensa
717 919 1188 994 figura,ostendit
1199 919 1396 990 figurae
1411 916 1856 989 completionem
1867 956 1879 968 .
1894 915 2037 970 Con-

384 1010 634 1070 tinuatio
658 1026 672 1064 :
698 1009 860 1064 Sicut
883 1031 910 1057 «
936 1007 1062 1064 cceli
1085 1004 1533 1071 distillaverunt,
1561 1027 1588 1053 ››
1621 1004 1704 1060 sic
1725 1008 1854 1068 tu,«
1881 1003 2035 1058 Deus

383 1101 663 1175 pluviam,
699 1121 726 1148 ››
753 1098 812 1153 id
843 1101 952 1162 est,
983 1095 1393 1167 Evangelicam
1427 1093 1776 1158 doctrinam,
1810 1090 2034 1163 signiti-

383 1196 575 1249 catam
628 1205 729 1261 per
775 1186 920 1241 illud
973 1201 1211 1250 manna,
1247 1182 1505 1256 pluviam
1547 1181 1676 1237 dico
1709 1204 1736 1230 ‹‹
1769 1179 2034 1236 volunta-

381 1281 552 1344 riam,
587 1301 614 1328 ››
665 1278 722 1332 id
771 1280 881 1342 est,
915 1274 1099 1348 gratis
1147 1274 1368 1338 datam,
1403 1270 1528 1326 sine
1577 1269 1772 1342 aliquo
1825 1267 2032 1324 merito

382 1367 692 1425 hominum
727 1389 754 1415 »
786 1363 1145 1437 segregabis,
1186 1385 1211 1408 ι»
1247 1362 1302 1416 id
1335 1365 1445 1425 est,
1480 1359 1832 1431 segregatim
1867 1356 2035 1412 dabis

384 1483 411 1509 ι(
446 1455 769 1514 hmrcditati
801 1459 935 1520 tum,
972 1475 1000 1501 »
1034 1452 1090 1507 id
1125 1456 1214 1508 est
1245 1447 1459 1522 populo
1487 1447 1918 1519 Israel,quibus
1947 1462 2033 1502 se-

385 1546 636 1620 paratim
669 1549 818 1600 Deus
853 1559 954 1614 per
981 1539 1353 1614 praesentiam
1387 1536 1648 1608 corporis
1682 1535 2034 1607 prmdicavit,

387 1636 550 1693 Unde
581 1633 706 1706 ipse
733 1632 922 1686 dixit:
951 1651 980 1681 «
1015 1630 1140 1685 Non
1173 1643 1306 1683 sum
1339 1625 1582 1690 missus,
1618 1623 1730 1678 nisi
1779 1623 1852 1680 ad
1903 1639 2037 1678 oves

383 1741 511 1797 quis
543 1721 844 1796 perierunt
888 1719 1100 1774 domus
1151 1713 1328 1772 Israel
1380 1712 1584 1784 (Matth.
1621 1711 1752 1783 xv);
1790 1733 1818 1761 ››
1853 1735 1880 1762 ‹‹
1917 1715 1974 1768 et
2009 1733 2036 1760 »

381 1813 484 1870 illa
511 1810 821 1869 haereditas
849 1831 876 1857 ε(
905 1806 1203 1863 infirmata
1231 1807 1321 1861 est
1343 1826 1371 1852 »
1400 1819 1526 1876 quae
1559 1800 1749 1857 noluit
1779 1800 2032 1872 recipere

380 1903 625 1959 verbum
660 1898 779 1963 Dei,
812 1899 1096 1952 excmcata
1125 1899 1216 1950 est
1246 1909 1260 1947 :
1316 1913 1345 1943 ι(
1397 1897 1460 1947 tu
1510 1906 1664 1956 vero,
1699 1889 1874 1956 Deus,
1907 1905 2030 1961 per-

383 1990 567 2048 fecisti
595 2003 724 2044 eam
760 2008 788 2035 ››
821 1983 1146 2056 supplendo
1177 1997 1305 2036 eam
1339 1981 1412 2035 de
1436 1979 1730 2051 gentibus.

455 2102 482 2129 ι(
515 2073 825 2133 Animalia.
844 2095 871 2121 ››
905 2070 1172 2127 Ostendit
1201 2069 1272 2124 de
1289 2067 1506 2139 quibus
1529 2067 1682 2122 Deus
1705 2065 2026 2138 perfecerit,

382 2166 626 2230 scilicet,
659 2163 731 2218 de
760 2159 1035 2232 gentibus
1065 2158 1268 2213 dicens
1303 2173 1316 2210 :
1355 2176 1384 2206 ι(
1413 2154 1706 2210 Animalia
1753 2160 1871 2219 tua,
1909 2177 1935 2202 ››
1966 2153 2024 2209 id

381 2259 490 2321 est,
524 2250 792 2326 gentiles,
825 2247 926 2320 qui
952 2247 1230 2303 dicuntur
1249 2243 1548 2309 animalia,
1577 2243 1718 2315 quia
1757 2242 2027 2298 indomiti

382 2347 543 2408 sunt,
576 2345 634 2395 et
663 2339 788 2409 lege
817 2340 1038 2399 carent,
1073 2358 1099 2383 α
1137 2333 1488 2388 habitabunt
1519 2333 1576 2386 in
1619 2348 1687 2386 ea
1719 2354 1745 2380 ››
1781 2331 2026 2386 haeredi-

381 2435 522 2496 tate,
553 2427 693 2501 quia
721 2443 840 2481 una
869 2440 1002 2479 eum
1034 2420 1254 2478 Judisis
1275 2421 1423 2475 fiunt
1451 2419 1663 2476 Christi
1696 2419 2025 2486 hmrcditas,

381 2516 664 2575 animalia
690 2513 1062 2576 habitabunt,
1095 2509 1290 2567 ethoc
1333 2526 1448 2564 non
1493 2525 1597 2581 per
1644 2525 1726 2574 se,
1771 2524 1875 2563 ncc
1925 2525 2029 2580 per

381 2622 550 2664 suam
585 2599 1064 2677 dignitatem,sed
1099 2624 1125 2649 «
1147 2599 1363 2671 parasti
1389 2621 1417 2647 ››
1447 2598 1696 2670 gratiam
1728 2602 1888 2652 tuam
1912 2622 1938 2646 ‹‹
1966 2597 2025 2652 in

383 2694 691 2752 dulcedine
744 2695 846 2746 tua
894 2689 1160 2763 pauperi,
1225 2712 1252 2737 ››
1313 2685 1550 2742 afflictio
1608 2691 1665 2742 et
1721 2685 2024 2751 esurienti,

384 2807 413 2838 «
445 2785 599 2840 Deus
633 2805 660 2832 η
691 2798 808 2837 non
840 2785 906 2834 ut
933 2777 1131 2834 dulcia
1160 2781 1434 2851 putarent
1471 2793 1540 2832 ea
1589 2793 1717 2848 qua:
1768 2776 2028 2832 mundus

381 2875 503 2939 dat,
525 2873 627 2929 sed
661 2889 729 2928 ea
753 2887 883 2942 qua)
913 2867 1186 2924 immittis
1215 2881 1600 2938 quaecunque.

451 2986 480 3014 ‹‹
513 2961 799 3018 Dominus
830 2957 1014 3014 dabit.
1045 2978 1074 3005 κ
1106 2955 1377 3012 Ostendit
1405 2954 1924 3027 parationes,quas
1951 2954 2030 3009 fa-

382 3052 462 3108 cit
491 3052 647 3108 Deus
679 3045 920 3123 pauperi
971 3062 1098 3102 suo.
1131 3042 1505 3100 Continuatio
1535 3058 1549 3096 :
1584 3042 1813 3098 Paravit
1853 3065 1881 3092 κ
1915 3043 2027 3099 Do-

381 3139 582 3195 minus
615 3161 642 3187 »
675 3135 916 3200 scilicet,
947 3157 974 3184 ο(
1009 3131 1172 3188 dabit
1196 3132 1461 3195 verbum,
1497 3152 1525 3179 »ο
1557 3131 1614 3185 id
1647 3135 1756 3196 est,
1778 3131 2030 3203 Evange-

381 3227 557 3282 licam
588 3199 916 3280 doctrinam
940 3245 968 3271 κ
1001 3219 1556 3292 evangelizantibus,
1592 3241 1620 3267 ››
1651 3219 1708 3273 id
1739 3224 1848 3283 est,
1880 3199 2023 3290 prie-
2061 3199 2104 3266 C

381 3313 717 3371 dicentibus
745 3310 959 3366 virtute
990 3307 1197 3374 multa,
1233 3329 1260 3356 »
1292 3307 1352 3362 id
1383 3311 1473 3362 est
1501 3323 1716 3379 magna
1752 3312 2024 3362 constan-

379 3403 480 3459 tia.
539 3400 642 3457 Vel
699 3395 1232 3470 evangelizantibus
1277 3395 1542 3460 verbum,
1591 3395 1693 3450 dat
1740 3394 2025 3452 Dominus

376 3492 658 3548 virtutem
689 3486 962 3551 multam,
994 3484 1052 3540 id
1069 3483 1699 3550 est,con{lrmationem
1730 3500 1832 3556 per
1849 3482 2024 3540 mira-

378 3578 710 3637 cula.Unde
740 3577 802 3633 in
831 3571 1142 3648 Evangelio
1177 3589 1190 3629 :
1226 3596 1254 3623 «
1289 3572 1537 3629 Domino
1568 3578 1935 3645 cooperante,
1967 3577 2026 3629 et

377 3684 706 3726 sermonem
733 3666 1139 3728 confirmante,
1174 3660 1560 3733 sequentibus
1593 3661 1798 3733 signis.
1836 3684 1863 3711 υ

449 3782 476 3809 α
514 3758 652 3814 Rex.
688 3779 716 3805 »
751 3753 1035 3810 Dominus
1073 3751 1259 3815 dabit,
1292 3749 1535 3815 scilicet,
1571 3749 1853 3805 Dominus
1905 3750 2022 3817 ille,

375 3847 474 3920 qui
507 3852 597 3902 est
625 3870 652 3896 «
688 3863 787 3901 rex
813 3843 1121 3907 virtutum,
1159 3863 1186 3890 »
1222 3841 1278 3894 id
1312 3843 1420 3905 est,
1455 3838 1820 3910 angelorum,
1850 3841 2025 3895 virtu-

372 3941 499 3992 tum
531 3935 680 4000 dico,
711 3957 738 3984 «
770 3931 986 3998 dilecti,
1023 3953 1050 3979 »
1083 3930 1141 3984 id
1164 3936 1273 3994 est,
1296 3928 1421 3994 ﬁlii,
1441 3928 1544 3983 filii
1577 3929 1706 3984 dico
1729 3953 1754 3979 ‹‹
1777 3929 1971 3984 dilecti
1996 3952 2023 3979 ››

375 4024 475 4096 qui
507 4022 774 4093 diligitur
820 4037 856 4075 a
893 4021 1031 4085 Deo,
1080 4023 1138 4074 et
1184 4023 1274 4073 est
1323 4034 1509 4073 unum
1559 4017 2021 4084 substantivum,

374 4110 534 4166 aliud
565 4107 1098 4180 adjectivum.Cum
1121 4106 1263 4161 dicit
1281 4106 1522 4163 virtutes
1544 4123 1672 4163 esse
1705 4107 1866 4162 illius
1896 4106 2021 4176 filii,

373 4197 628 4255 ostendit
657 4212 791 4251 eum
821 4211 949 4251 esse
978 4193 1261 4266 (aqualem
1283 4193 1457 4259 Patri,
1476 4199 1533 4249 et
1559 4195 1731 4250 aliam
1757 4196 2022 4268 partitio-

375 4302 510 4342 nem
540 4284 723 4358 ponit.
755 4282 1013 4339 Verbum
1045 4281 1226 4348 dabit,
1263 4304 1290 4331 ‹‹
1323 4285 1382 4336 et
1413 4303 1441 4330 ››
1473 4281 1636 4337 dabit
1664 4283 1839 4339 etiam
1872 4307 1899 4333 «
1935 4285 2022 4339 di-

376 4399 403 4426 u
435 4373 629 4431 videre
650 4371 858 4445 spolia,
894 4394 922 4420 »
951 4371 1009 4426 id
1041 4374 1150 4438 est,
1182 4369 1452 4426 homines
1484 4369 1717 4426 diabolo
1769 4377 2021 4445 ereptos,

374 4463 698 4521 ordinando
727 4478 826 4518 eos
857 4459 1103 4518 diversis
1127 4457 1456 4525 ordinibus,
1489 4457 1712 4515 scilicet
1758 4460 2023 4519 faciendo

2143 565 2233 615 est
2265 585 2289 608 ‹‹
2317 561 2372 616 Si
2409 562 2736 622 dormiatis.
2775 586 2801 612 ››
2836 564 2888 617 id
2939 567 3048 626 est,
3104 563 3420 634 quiescatis
3469 581 3504 619 a
3543 563 3794 635 strepitu

2145 649 2340 705 seaculi
2374 673 2400 699 «
2429 651 2579 706 inter
2604 652 2828 707 medios
2857 651 3064 718 cleros,
3095 651 3202 707 n'id
3227 656 3336 713 est,
3359 652 3512 707 inter
3545 653 3665 708 duo
3695 653 3796 708 Te-

2145 742 2457 804 stamenta,
2488 745 2552 794 ut
2581 740 2640 794 in
2675 741 2982 795 sententiis
3031 741 3354 796 divinitatis
3403 740 3797 806 delectemini,

2150 849 2170 876 α
2207 831 2379 881 erunt
2408 828 2573 884 vobis
2594 852 2621 877 »
2650 829 2737 882 vel
2769 830 2923 884 sicut
2953 830 3128 884 habet
3158 830 3274 884 alia
3302 829 3611 885 translatio
3634 847 3801 886 «sus-

2142 915 2351 971 tollent
2378 934 2480 972 vos
2511 935 2714 988 pinnae,
2751 940 2778 968 »
2812 918 2871 974 id
2903 923 3015 984 est,
3044 919 3312 984 virtutes,
3337 919 3558 990 quibus
3587 919 3662 974 ad
3696 933 3801 974 ea.L

2146 1002 2268 1059 lum
2299 1005 2536 1077 possitis
2566 1006 2931 1072 volare,tales
2961 1023 3090 1078 qua:
3117 1011 3258 1062 sunt
3277 1030 3306 1055 «
3329 1005 3619 1062 columba:
3641 1007 3801 1063 dear-

2144 1097 2414 1165 gentatre,
2447 1117 2474 1144 ››
2507 1095 2564 1149 id
2595 1099 2704 1161 est,
2737 1093 3028 1161 Ecclesite,
3062 1111 3190 1166 quae
3239 1095 3456 1150 dicitur
3497 1093 3794 1161 columba,

2147 1188 2382 1256 propter
2411 1183 2870 1256 simplicitatem,
2901 1184 3278 1256 deargentata
3305 1187 3548 1240 vocatur
3577 1184 3638 1239 in
3691 1183 3796 1240 hac

2144 1272 2282 1337 vita,
2317 1277 2552 1344 propter
2575 1272 2820 1327 nitorem
2853 1271 3069 1344 eloquii
3101 1295 3127 1320 ‹‹
3151 1275 3207 1326 et
3227 1272 3551 1344 posteriora
3582 1273 3735 1344 ejus,
3769 1297 3794 1322 υ

2147 1361 2200 1415 id
2237 1366 2347 1426 est,
2379 1377 2446 1415 ea
2477 1377 2604 1432 qum
2637 1365 2839 1417 sancta
2870 1360 3126 1417 Ecclesia
3154 1362 3446 1432 exspectat
3476 1367 3612 1434 post
3645 1361 3795 1416 hanc

2145 1449 2522 1516 vitam,crunt
2543 1473 2570 1499 ‹‹
2597 1449 2655 1504 in
2680 1448 2898 1522 pallore
2929 1450 3114 1516 auri,»
3147 1451 3204 1506 id
3236 1454 3344 1516 est,
3377 1450 3598 1507 similia
3631 1468 3794 1518 auro,

2146 1539 2287 1609 quia
2306 1538 2460 1594 sicut
2479 1555 2688 1594 anrum
2709 1537 3020 1610 pretiosius
3051 1543 3140 1596 est
3163 1540 3392 1596 cunctis
3415 1539 3698 1606 metallis,
3720 1539 3799 1596 ita

2145 1642 2216 1681 ea
2236 1642 2364 1698 qua:
2386 1625 2572 1682 sancti
2600 1627 2659 1680 in
2691 1627 2890 1681 futura
2919 1627 3036 1682 vita
3067 1626 3800 1700 suscipient.Aliatransla-

2146 1714 2227 1771 tio
2259 1714 2435 1771 habet
2471 1714 2531 1770 in
2580 1714 2767 1771 virore
2814 1715 2962 1781 auri,
2999 1714 3134 1782 alia,
3167 1716 3226 1771 in
3257 1717 3472 1788 specie,
3505 1717 3610 1774 sed
3645 1717 3798 1774 idem

2147 1807 2255 1868 est,
2293 1804 2422 1874 ejus
2469 1802 2726 1859 ecclesiae
2775 1804 2924 1868 dico,
2959 1804 3261 1861 existentis
3293 1828 3322 1855 κ
3355 1805 3516 1862 dorsi
3547 1806 3735 1872 oneri,
3770 1828 3796 1855 ι»

2143 1893 2199 1948 id
2223 1897 2331 1957 est,
2365 1892 2684 1956 oneriferm,
2710 1892 2846 1964 quia
2877 1893 2988 1948 fert
3012 1908 3209 1959 onera,
3234 1894 3291 1949 id
3322 1898 3431 1960 est,
3464 1895 3797 1966 depressio-

2140 1999 2242 2036 nes
2273 1982 2450 2052 hujus
2477 1980 2743 2036 vitzs.Per
2762 1981 2948 2037 cleros
2970 1981 3100 2038 ideo
3133 1983 3391 2039 divinam
3424 1983 3793 2058 Scripturam

2138 2069 2544 2141 intelligimus,
2581 2070 2718 2140 quia
2749 2069 2935 2125 cleros
2967 2071 3180 2135 Grmce,
3215 2089 3343 2126 sors
3378 2071 3621 2128 Latine:
3653 2073 3790 2128 divi-

2139 2175 2272 2213 nam
2306 2162 2501 2212 autem
2533 2158 2896 2230 Scripturam
2928 2158 3090 2213 nullo
3123 2159 3382 2216 humano
3410 2161 3656 2216 arbitrio
3690 2161 3788 2215 ha-

2138 2246 2506 2311 buimus,sed
2529 2245 2654 2301 sola
2675 2251 2851 2311 sorte,
2879 2247 2934 2301 id
2961 2252 3069 2312 est,
3092 2247 3218 2302 sola
3247 2248 3348 2304 Dei
3378 2247 3665 2306 electione
3696 2250 3788 2306 ha-

2138 2335 2396 2390 buimus.

2209 2447 2236 2473 ‹‹
2271 2423 2420 2478 Dum
2452 2423 2734 2478 discernit
2761 2423 3071 2481 cmlostis.»
3104 2425 3270 2481 Ponit
3298 2426 3443 2483 alias
3477 2429 3790 2500 apparitio-

2137 2529 2260 2568 nes.
2296 2511 2424 2567 Haec
2449 2512 2614 2567 dabit
2641 2511 2806 2568 vobis
2837 2513 3140 2580 Dominus,
3172 2519 3229 2570 et
3258 2539 3285 2565 «
3320 2516 3484 2582 dum,
3522 2539 3551 2565 ››
3585 2517 3644 2572 id
3679 2521 3786 2582 est,

2135 2601 2294 2673 quia,
2326 2599 2599 2666 cmlestis,
2650 2601 2706 2655 id
2759 2606 2868 2666 est,
2929 2602 3216 2669 Christus,
3263 2629 3290 2654 ‹‹
3326 2605 3632 2672 discernit,
3670 2629 3698 2654 »
3731 2607 3789 2661 id

2135 2689 2510 2761 cst,disponit
2539 2714 2564 2739 «
2593 2706 2779 2762 reges,
2807 2714 2833 2739 »
2868 2691 2924 2746 id
2955 2696 3064 2756 est,
3099 2697 3334 2748 sanctos
3364 2693 3660 2765 prmlatos,
3688 2694 3793 2766 qui

2135 2779 2282 2836 bene
2324 2783 2531 2850 regant
2560 2783 2616 2833 et
2647 2778 2872 2850 seipsos
2903 2785 2961 2836 et
2989 2779 3156 2836 alios.
3191 2804 3220 2830 «
3255 2782 3444 2853 Super
3473 2797 3605 2838 eam
3643 2806 3670 2832 ››
3703 2801 3798 2840 co-

2135 2867 2422 2934 lumbam,
2469 2866 2527 2922 id
2568 2871 2677 2933 est,
2727 2867 3044 2925 Ecclesiam
3093 2893 3120 2920 κ
3153 2869 3591 2927 dealbabuntur
3625 2894 3654 2921 »
3704 2871 3796 2928 illi

2136 2957 2237 3029 qui
2261 2961 2402 3012 sunt
2449 2955 2708 3012 Ecclesia
2736 2955 2984 3013 interius
3012 2957 3072 3013 in
3104 2958 3302 3014 anima
3330 2960 3584 3016 candore
3614 2960 3799 3017 virtu-

2136 3050 2284 3111 tum,
2317 3068 2345 3095 κ
2372 3044 2558 3110 nive,»
2581 3045 2638 3100 id
2671 3050 2779 3110 est,
2804 3044 2937 3118 plus
2969 3062 3146 3118 quam
3178 3047 3278 3102 nix
3308 3046 3441 3105 alba
3470 3047 3566 3104 sit.
3602 3049 3798 3106 Habet

2137 3134 2252 3191 alia
2280 3132 2582 3190 translatio
2615 3156 2642 3183 κ
2679 3149 2856 3205 super
2882 3133 3096 3190 nivem.
3122 3157 3150 3183 »
3182 3133 3290 3190 Ubi
3323 3136 3467 3192 dicit
3494 3152 3678 3210 super
3709 3138 3798 3194 ni-

2133 3221 2548 3288 vem,ostendit
2567 3238 2695 3277 esse
2708 3221 3137 3278 dealbationem
3153 3223 3312 3280 illam
3335 3225 3794 3298 incorporalem,

2135 3311 2568 3367 dealbabuntur
2597 3309 2727 3365 dico
2762 3332 2789 3359 ‹‹
2826 3309 2884 3365 in
2917 3309 3174 3377 Selmon,
3198 3335 3226 3359 η
3257 3311 3314 3367 id
3342 3317 3432 3369 est
3459 3312 3518 3368 in
3553 3315 3794 3383 umbra,

2134 3399 2376 3466 scilicet,
2411 3397 2471 3454 in
2501 3398 2752 3466 Christo,
2784 3397 2884 3470 qui
2908 3403 2996 3455 est
3026 3399 3196 3456 nobis
3226 3401 3439 3457 umbra
3466 3407 3526 3457 et
3555 3402 3796 3476 refrige-

2135 3488 2289 3544 rium
2321 3492 2525 3544 contra
2551 3491 2728 3543 aastus
2773 3487 2952 3560 hujus
3009 3488 3228 3545 saiouli.
3262 3489 3496 3547 Selmon
3530 3507 3798 3563 namque

2135 3577 2347 3633 umbra
2395 3577 2838 3648 interpretatur.
2880 3577 3092 3650 Incipit
3131 3577 3203 3634 de
3256 3578 3429 3635 tertia
3465 3584 3654 3653 parte.
3679 3581 3795 3648 Qui

2135 3663 2454 3732 Selmon,id
2478 3664 2693 3736 est,qui
2725 3663 2991 3721 Christus
3019 3690 3045 3716 ‹‹
3074 3671 3165 3723 est
3195 3684 3366 3724 mons
3395 3668 3520 3735 Dei,
3553 3685 3731 3725 mons
3767 3692 3795 3720 ι»

2134 3755 2265 3811 dico
2298 3779 2324 3804 ‹‹
2362 3752 2642 3826 pinguis»
2674 3753 2745 3809 de
2773 3769 2890 3826 quo
2922 3753 3088 3808 ﬂuxit
3117 3755 3312 3811 omnis
3343 3756 3674 3828 spiritualis
3693 3757 3799 3813 do-

2133 3845 2325 3899 ctrina
2354 3861 2470 3915 qua
2495 3841 2704 3897 animai
2732 3841 2932 3898 fideles
2954 3841 3420 3914 impinguantur.

2207 3933 2374 3988 Mons
2401 3932 2554 3997 dico,
2587 3935 2644 3986 et
2671 3931 2797 4003 ipse
2826 3931 2983 3986 idem
3005 3931 3275 3989 Christus
3307 3937 3396 3990 est
3423 3957 3452 3983 ‹‹
3473 3950 3647 3990 mons
3664 3951 3799 3991 coa-

2133 4021 2370 4095 gulatus
2386 4044 2412 4069 ››
2426 4020 2751 4076 secundum
2774 4019 2907 4076 illos
2928 4037 3075 4092 quos
3105 4019 3253 4078 lacte
3284 4023 3678 4088 nutrit,ctiam
3701 4030 3798 4079 est

2135 4137 2161 4163 ι(
2197 4127 2368 4166 mons
2397 4108 2633 4182 pinguis
2665 4132 2692 4157 ››
2725 4110 3048 4164 secundum
3081 4109 3396 4183 sapientes,
3419 4127 3570 4184 quos
3596 4112 3797 4168 solido

2133 4201 2262 4256 cibo
2293 4198 2499 4264 reficit,
2532 4202 2589 4253 et
2647 4198 2930 4253 convertit
2979 4214 3040 4253 se
3091 4199 3376 4272 propheta
3422 4201 3493 4256 ad
3543 4199 3699 4268 illos,
3741 4205 3799 4257 et

2133 4287 2610 4361 quandoquidem
2669 4286 2936 4343 Christus
2993 4285 3127 4342 talis
3175 4304 3345 4345 mons
3375 4293 3484 4356 est,
3515 4304 3657 4362 ergo
3685 4307 3798 4348 vos

2132 4376 2320 4435 Judaei
2352 4401 2378 4427 ‹‹
2415 4381 2482 4431 ut
2513 4376 2654 4448 quid
2687 4374 3071 4447 suspicamini
3107 4399 3128 4424 ι
3163 4392 3266 4432 vos
3296 4375 3519 4449 aliquid
3550 4394 3685 4434 esse
3720 4379 3797 4435 ad

2133 4465 2630 4538 comparationem
2648 4463 2820 4519 istius
2845 4463 3060 4520 montis
3091 4487 3113 4516 σ
3135 4470 3368 4520 montes
3385 4465 3796 4538 coagulatosn,

375 4553 521 4609 alios
549 4551 852 4624 episcopos
882 4554 940 4606 et
967 4553 1193 4614 caetera,
1230 4551 1294 4602 ut
1325 4547 1526 4602 Petrus
1555 4552 1612 4602 et
1641 4548 1760 4616 alii,
1785 4557 2021 4610 sanctos
2053 4562 2098 4626 ι)
2134 4555 2263 4611 illos
2296 4570 2541 4624 magnos
2564 4553 2759 4608 viros?
2795 4554 2866 4608 Et
2903 4552 2997 4608 hic
3034 4553 3407 4625 reprehendit
3427 4553 3559 4611 illos
3579 4557 3688 4626 qui
3712 4557 3799 4610 di-

377 4641 593 4698 multos
637 4640 831 4695 taliter
880 4639 1315 4702 ordinaverunt,
1349 4636 1604 4692 dividam
1653 4638 1782 4693 dico
1835 4643 2020 4714 spolia

377 4754 404 4780 «
437 4727 648 4801 speciei
681 4728 912 4793 domus,
948 4750 975 4776 »
1008 4727 1064 4781 id
1095 4731 1204 4792 est,
1225 4726 1297 4781 ad
1329 4725 1762 4797 speciositatem
1787 4729 2018 4798 domus,

375 4819 433 4873 id
466 4822 574 4885 est,
607 4815 873 4872 Ecclesize
906 4815 1028 4882 Dei,
1062 4816 1198 4887 quia
1231 4813 1344 4870 nisi
1378 4815 1591 4870 domus
1615 4817 1717 4872 Dei
1746 4826 1902 4876 esset
1932 4823 2020 4876 di-

373 4908 518 4975 visa,
552 4923 666 4962 non
699 4910 853 4961 esset
885 4903 1148 4976 pulchra,
1186 4920 1288 4959 nec
1319 4904 1495 4959 etiam
1527 4910 1681 4961 esset
1712 4912 2023 4981 corpus,de

375 4997 513 5069 quib
527 5014 594 5052 us
619 4994 887 5050 Christus
917 4992 1130 5047 dixitzu
1154 4993 1298 5048 Cum
1332 4993 1498 5049 fortis
1521 5001 1784 5052 armatus
1807 5000 2021 5055 atrium

377 5103 550 5141 suum
585 5083 860 5148 custodit,
895 5083 952 5137 in
987 5098 1126 5152 pace
1159 5086 1298 5138 sunt
1328 5082 1526 5137 omnia
1555 5101 1682 5154 qua:
1716 5087 1974 5156 possidet
2006 5106 2018 5144 :

378 5173 428 5227 si
457 5179 650 5229 autem
685 5172 888 5227 fortior
917 5169 1017 5226 illo
1049 5170 1708 5241 supervenerit,scilicet
1731 5173 2022 5245 Christus,

379 5261 568 5315 aufert
597 5265 653 5315 et
682 5259 889 5314 dividit
917 5257 1189 5313 universa
1227 5255 1414 5328 spolia
1464 5257 1592 5327 ejus
1620 5258 1796 5326 (Joan.
1831 5267 1908 5328 χι)
1945 5280 1956 5317 :
1995 5287 2022 5310 η

381 5347 534 5402 sicut
565 5348 696 5402 fecit
726 5347 1012 5410 Christus,
1047 5345 1145 5418 qui
1198 5348 1489 5400 armatum
1543 5345 1771 5410 fortem,
1808 5347 1863 5402 id
1911 5356 2021 5416 est,

381 5433 702 5501 diabolum,
735 5435 1049 5506 superavit,
1079 5439 1136 5489 et
1165 5435 1293 5505 ejus
1319 5433 1508 5506 spolia
1530 5433 2026 5502 abstulit,scilicet

383 5521 673 5578 homines.

456 5633 483 5662 «
517 5609 578 5668 Si
608 5610 911 5668 dormiatis
939 5611 1092 5666 inter
1122 5611 1366 5667 medios.
1404 5634 1432 5661 ››
1475 5611 1643 5670 Ponit
1689 5614 1827 5672 item
1879 5616 2026 5676 alias

2130 4643 2340 4698 cebant
2366 4664 2386 4689 α
2413 4639 2712 4694 Christum
2746 4639 3035 4695 Joannem
3067 4657 3197 4696 esse
3220 4642 3662 4714 Baptistam,vel
3693 4644 3799 4700 He-

2131 4730 2291 4794 liam,
2323 4733 2432 4782 etc.
2471 4750 2492 4776 ι
2529 4728 2744 4799 (Matth.
2783 4743 2877 4794 Ix;
2911 4727 3074 4783 Marc.
3108 4732 3213 4798 v1.)

2207 4819 2346 4872 Item
2370 4815 2800 4872 commendatio
2832 4814 3068 4872 Christi.
3095 4817 3223 4888 Ipse
3254 4817 3430 4874 etiam
3465 4823 3800 4876 est-mons

2132 4909 2190 4962 in
2225 4923 2339 4977 quo
2372 4904 2801 4977 beneplacitum
2850 4908 2940 4960 est
2986 4905 3100 4960 Deo
3131 4905 3416 4969 habitare,
3452 4931 3480 4957 ››
3516 4907 3596 4962 ita
3630 4909 3798 4980 quod

2138 5020 2159 5044 α
2189 4995 2246 5050 in
2274 5012 2340 5049 eo
2369 5016 2388 5042 ι
2425 4994 2495 5047 de
2528 5011 2642 5064 quo
2673 4993 3015 5064 Apostolus:
3057 4996 3232 5050 «Erat
3261 4996 3413 5052 Deus
3435 4995 3494 5050 in
3528 4996 3798 5062 Christo,

2135 5084 2422 5139 mundum
2455 5081 2564 5136 sibi
2595 5081 2978 5138 reconcilians
3000 5084 3071 5155 (II
3101 5085 3221 5140 Cor.
3253 5087 3364 5156 v),»
3397 5086 3526 5141 dico
3559 5085 3802 5142 habitat

2133 5174 2192 5228 in
2216 5188 2304 5238 eo,
2329 5191 2348 5218 α
2366 5171 2583 5226 etenim
2607 5170 2891 5226 Dominus
2914 5171 3203 5228 habitabit
3233 5173 3292 5227 in
3326 5174 3543 5228 finem»
3562 5175 3801 5229 habita-

2132 5261 2308 5317 tionis
2339 5259 2579 5325 scilicet,
2621 5259 2702 5314 ita
2731 5261 2888 5330 quod
2922 5259 3055 5331 plus
3106 5278 3219 5316 non
3269 5261 3455 5332 possit
3494 5261 3797 5319 habitare.

2207 5351 2518 5420 Postquam
2552 5348 2808 5403 ostendit
2839 5347 3208 5403 altitudinem
3259 5349 3495 5413 Christi,
3527 5350 3802 5405 ostendit

2135 5438 2272 5510 quid
2326 5437 2457 5492 inde
2508 5435 2806 5508 proveniat
2854 5435 3144 5492 Ecclesia.
3201 5437 3620 5493 Continuatio:
3674 5438 3802 5495 Iste

2099 5593 2101 5596 η
2136 5544 2304 5582 mons
2325 5530 2415 5581 est
2443 5523 2600 5591 talis,
2617 5529 2675 5580 et
2695 5523 2790 5578 alii
2817 5524 2916 5596 qui
2949 5525 3307 5596 putabantur
3325 5529 3558 5583 montes
3570 5543 3802 5600 coagu—

2135 5615 2258 5684 lati,
2291 5619 2432 5672 sunt
2467 5636 2487 5664 α
2518 5629 2727 5671 currus
2761 5611 2862 5670 Dei
2899 5636 2921 5664 ιι
2957 5618 3258 5687 portantes
3287 5631 3444 5684 cum,
3478 5631 3626 5690 quos
3657 5615 3805 5690 ipse
