4080 6180
282 342 396 402 417

1458 339 1564 400 EX
1574 337 1966 400 PLANATIO
2008 336 2088 401 IN
2135 338 2519 404 PSALMOS.

3575 352 3691 415 418

287 473 451 548 regit,
473 471 629 530 sicut
648 472 839 528 bonus
862 472 1068 545 auriga
1087 488 1572 540 currum,currus
1593 469 1765 526 dico«
1792 469 1938 525 mul-
1965 469 2021 538 Α
2049 469 2178 542 piti,
2211 471 2294 528 sic
2325 472 2705 546 cogitationes
2734 476 2940 545 menti,
2972 477 3134 556 bonae
3163 482 3360 536 autem
3393 479 3692 556 cogitatio-

288 562 466 636 tiplex
495 562 697 617 decem
747 560 1013 617 millibus
1047 584 1073 610 ››
1101 560 1333 633 populis
1367 578 1378 615 :
1415 578 1516 632 per
1554 561 1788 615 finitum
1829 577 1936 614 nu-

287 667 513 708 merum
538 649 922 722 intelligimus
945 649 1262 717 inﬁnitum,
1288 654 1345 704 et
1363 648 1462 705 illa
1489 671 1514 700 ‹‹
1538 649 1724 704 millia
1747 671 1773 698 ››
1797 653 1940 704 sunt

289 763 316 790 ‹‹
347 739 674 794 Ῐᾶξιᾶῐὶῒίυῐῐι
710 760 737 786 ››
768 737 921 806 ideo,
944 738 1084 809 quia
1105 761 1131 786 ‹‹
1169 738 1453 793 Dominus
1488 762 1513 785 ››
1537 742 1628 793 est
1651 761 1679 787 ‹‹
1709 739 1767 792 in
1799 737 1884 792 eis
1912 760 1936 784 ››

287 831 382 902 qui
431 828 721 884 Dominus
769 831 859 883 est
889 852 914 875 α
950 827 1008 882 in
1042 827 1202 894 Sina,
1230 850 1257 875 »
1289 827 1346 882 id
1395 832 1504 896 est,
1530 828 1586 881 in
1637 828 1934 881 mandato.

288 920 390 976 Per
419 918 529 973 hoc
561 920 748 983 notat,
772 916 926 988 quod
962 915 1246 971 Dominus
1268 919 1356 971 est
1387 915 1504 971 illis
1528 917 1624 988 qui
1650 934 1756 970 sua
1779 933 1938 971 man-

287 1011 420 1064 data
438 1005 909 1078 custodiunt,qui
930 1005 1106 1061 etiam
1131 1005 1415 1061 Dominus
1436 1010 1565 1061 est«
1583 1006 1640 1060 in
1665 1009 1868 1060 sancto
1886 1028 1933 1058 ››.

288 1098 340 1152 id
373 1101 484 1164 est,
518 1096 578 1151 in
629 1094 882 1164 Christo,
915 1099 973 1149 et
1021 1111 1124 1166 per
1152 1094 1263 1149 hoc
1293 1098 1458 1149 notat
1502 1095 1657 1165 quod
1709 1093 1842 1166 ipsi,
1877 1093 1935 1147 in

286 1186 503 1259 quibus
532 1184 781 1255 habitat,
814 1183 933 1238 sint
962 1184 1291 1238 conformes
1319 1182 1570 1238 Christo.

355 1277 426 1330 Et
457 1292 559 1346 per
579 1273 688 1328 hoc
709 1277 848 1327 sunt
878 1271 972 1327 isti
1005 1271 1142 1326 facti
1164 1289 1371 1326 currus
1393 1271 1514 1340 Dei,
1541 1271 1680 1343 quia
1701 1275 1761 1325 tu
1786 1272 1938 1326 Deus

287 1390 311 1414 «
337 1361 657 1420 ascendisti
691 1361 749 1416 in
781 1359 968 1416 altum
1000 1382 1027 1410 »
1053 1360 1124 1415 ad
1156 1359 1412 1415 litteram
1436 1383 1462 1409 ‹‹
1499 1359 1722 1430 empisti
1756 1358 1936 1431 capti-

281 1453 583 1518 vitatem,»
625 1450 684 1506 id
725 1453 833 1518 est,
869 1467 903 1504 a
932 1448 1148 1505 diaboli
1195 1448 1420 1521 laqueis
1469 1453 1600 1504 tuos
1648 1447 1935 1520 eripuisti,

283 1543 384 1616 qui
443 1541 516 1595 ad
576 1538 1011 1612 expressionem
1060 1537 1367 1610 captivitas
1414 1537 1784 1609 appellantur
1824 1553 1837 1591 :
1882 1540 1941 1592 et

283 1655 310 1681 «
346 1628 679 1701 accepisti»
710 1645 745 1684 a
774 1627 890 1684 Deo
924 1650 951 1676 ‹‹
984 1627 1137 1682 dona
1181 1626 1241 1682 in
1287 1626 1649 1693 hominibus,
1678 1649 1705 1676 »
1737 1627 1794 1681 id
1827 1629 1936 1694 est,

281 1718 557 1775 homines
614 1717 790 1785 dona,
823 1715 976 1771 sicut
1021 1715 1283 1771 dicitur:
1331 1715 1435 1771 Hic
1493 1714 1667 1771 homo
1717 1714 1942 1787 accepit

281 1809 440 1863 dona
473 1806 531 1862 in
563 1804 791 1878 cyphis,
826 1805 882 1859 id
915 1809 1022 1872 est,
1057 1804 1276 1876 cyphos
1305 1805 1546 1876 accepit.

353 1897 426 1952 Et
452 1910 588 1952 vere
617 1891 894 1965 accepisti
926 1892 1194 1949 homines
1226 1894 1399 1962 dona,
1433 1892 1570 1964 quia
1615 1893 1790 1948 etiam
1825 1909 1939 1947 non

281 1986 590 2043 credentes
612 2007 639 2033 κ
672 1982 892 2039 etenim
926 1998 1039 2038 non
1083 1982 1385 2038 credentes
1413 2004 1440 2031 ν
1473 1981 1745 2054 accepisti
1768 2003 1794 2030 «
1830 1981 1940 2037 Do-

282 2073 515 2130 minum
573 2071 760 2129 Deum
812 2069 1142 2128 inhabitare
1193 2093 1219 2119 n
1266 2071 1325 2126 in
1375 2069 1740 2137 hominibus,
1789 2069 1944 2126 sicut

277 2161 556 2237 gentiles,
582 2160 684 2234 qui
707 2159 892 2218 Deum
922 2158 1076 2216 inter
1096 2159 1368 2216 homines
1389 2159 1656 2214 habitare
1679 2175 1794 2215 non
1827 2175 1944 2215 cre-

279 2253 524 2309 debent.

349 2341 426 2396 Et
455 2338 599 2412 quia
617 2342 842 2395 tantam
866 2335 1330 2394 misericordiam
1354 2335 1514 2392 dedit
1544 2336 1786 2404 mundo,
1811 2336 1940 2392 ideo

277 2430 412 2502 ipse
442 2452 472 2478 α
504 2425 791 2484 Dominus
822 2449 849 2476 »
880 2426 956 2482 sit
990 2447 1018 2476 η
1057 2424 1422 2492 benedictus,
1465 2446 1492 2475 »
1547 2423 1604 2480 id
1652 2429 1760 2493 est,
1809 2421 1940 2480 lau-

278 2520 482 2587 datus,
516 2542 544 2567 α
577 2517 671 2574 die
707 2541 733 2566 η
765 2515 1066 2573 nominato
1099 2539 1127 2566 ‹‹
1177 2513 1435 2588 quotidie
1468 2537 1517 2580 υ,
1550 2514 1606 2570 id
1651 2518 1758 2582 est,
1794 2515 1940 2571 assi-

276 2609 419 2675 due,
451 2612 512 2664 et
550 2607 719 2680 quasi
769 2605 982 2678 aliquis
1034 2605 1251 2660 diceret
1282 2622 1294 2659 :
1330 2605 1518 2671 Quare
1567 2603 1890 2660 benedictis
1915 2603 1942 2659 ?

277 2697 428 2771 quia
464 2696 586 2752 scio
632 2695 787 2769 quod
839 2695 964 2767 ipse
1015 2693 1359 2759 ascendens,
1410 2710 1517 2748 nos
1567 2709 1800 2765 quoque
1849 2710 1941 2748 as-

277 2786 533 2843 cendere
581 2785 721 2841 facit
772 2801 784 2840 :
838 2788 894 2839 et
938 2783 1048 2838 hoc
1095 2786 1184 2838 est
1216 2805 1244 2831 «
1280 2798 1626 2854 prosperum
1675 2781 1805 2849 iter,
1833 2805 1861 2831 ››
1883 2781 1942 2836 id

277 2880 397 2947 est,
426 2875 554 2931 sine
603 2873 1042 2946 impedimento,
1078 2871 1322 2938 scilicet,
1357 2888 1429 2927 ne
1460 2870 1690 2944 possint
1735 2871 1941 2927 mundi

278 2963 593 3020 obstacula
632 2961 916 3034 impedire
965 2977 1094 3028 nos,
1129 2983 1156 3010 ‹‹
1193 2959 1366 3017 faciet
1413 2959 1583 3015 nobis
1629 2959 1784 3016 Deus
1815 2981 1843 3009 »
1874 2960 1945 3016 de

277 3070 401 3126 quo
434 3067 754 3125 possumus
787 3066 914 3106 esse
959 3048 1182 3116 securi;
1218 3048 1276 3103 in
1308 3048 1418 3103 hoc
1467 3047 1623 3105 enim
1673 3047 1944 3120 praesenti

276 3142 381 3197 dat
417 3141 587 3196 nobis
637 3137 1008 3206 salvationcs,
1044 3136 1268 3194 scilicet
1313 3135 1690 3193 remissiones
1739 3153 1942 3210 pecca-

274 3236 502 3297 torum,
554 3234 613 3285 et
659 3228 768 3284 hoc
816 3231 926 3299 est,
961 3249 989 3277 α
1042 3225 1391 3282 salutarium
1446 3231 1781 3282 nostrorum
1825 3249 1852 3276 ››
1885 3205 2016 3282 etC

276 3319 435 3376 alias
461 3335 702 3392 quoque
733 3315 1107 3382 salvationes,
1137 3313 1358 3372 scilicet
1380 3313 1699 3386 justitiam,
1723 3321 1834 3372 etc.

346 3409 486 3480 Ipse
546 3406 724 3463 etiam
781 3410 872 3461 est
903 3428 930 3455 ‹‹
973 3405 1129 3461 Deus
1185 3408 1404 3471 noster,
1443 3425 1469 3452 »
1503 3403 1561 3459 id
1613 3408 1704 3460 est
1748 3409 1946 3460 noster

275 3502 533 3564 creator,
565 3500 625 3551 et
653 3500 743 3551 est
777 3493 952 3550 etiam
989 3517 1016 3543 ‹‹
1049 3493 1205 3549 Deus
1243 3491 1434 3549 salvos
1475 3492 1774 3548 faciendi»
1807 3495 1948 3566 quia

276 3604 396 3642 non
435 3589 669 3640 tantum
701 3583 760 3638 in
793 3582 902 3637 hac
923 3582 1043 3638 vita
1076 3581 1285 3652 salvat,
1307 3580 1408 3636 sed
1434 3580 1608 3636 etiam
1640 3581 1699 3636 in
1731 3587 1947 3639 mtcrna

273 3672 710 3748 glorificatione
767 3670 1036 3728 ealvabit.
1098 3671 1203 3726 Hic
1265 3669 1472 3740 incipit
1521 3675 1733 3741 quarta
1785 3689 1941 3743 pars.

274 3761 661 3820 Continuatio
691 3778 703 3816 :
739 3762 810 3816 Et
854 3775 927 3816 ne
963 3757 1182 3830 aliquis
1218 3759 1457 3814 diceret.
1492 3759 1580 3814 Tu
1611 3757 1757 3815 dicis
1787 3761 1943 3832 quod

274 3853 404 3926 ipse
441 3851 522 3908 sit
551 3851 709 3908 Deus
751 3849 944 3906 salvos
977 3848 1249 3919 faciendi,
1283 3849 1383 3904 sed
1434 3847 1545 3903 hoc
1577 3865 1808 3921 quoque
1836 3866 1943 3922 po-

277 3946 397 3999 test
430 3957 585 4008 esse,
619 3956 754 3996 cum
798 3939 924 4011 ipse
973 3936 1149 3993 fuerit
1197 3940 1486 4006 mortuus,
1521 3942 1578 3992 et
1627 3937 1718 3992 sui
1767 3939 1943 3994 etiam

277 4031 638 4087 moriantur.
674 4027 997 4099 Respondit
1035 4043 1047 4082 :
1099 4027 1251 4082 Bene
1298 4025 1428 4081 dico
1481 4025 1636 4097 quod
1686 4026 1810 4098 ipse
1857 4032 1946 4083 est

272 4120 436 4176 Deus
467 4117 664 4174 salvos
693 4116 966 4185 faciendi,
995 4115 1138 4188 quia
1158 4114 1331 4171 istius
1353 4138 1379 4164 «
1409 4114 1644 4170 Domini
1666 4115 1942 4171 Domini»

271 4213 362 4265 est
391 4233 422 4258 «
461 4207 657 4263 exitus
707 4205 916 4262 mortis
951 4228 1000 4273 υ,
1025 4204 1083 4259 id
1133 4208 1242 4272 est,
1277 4220 1617 4276 exsurgens,
1652 4203 1825 4260 exivit
1872 4206 1944 4261 de

271 4302 488 4365 morte,
524 4301 585 4352 et
611 4311 816 4351 omnes
850 4311 990 4350 suos
1033 4293 1244 4349 educet
1294 4293 1363 4348 de
1413 4295 1599 4348 morte
1647 4310 1780 4348 cum
1831 4294 1936 4349 D0-

273 4385 421 4441 mini
456 4385 552 4442 bis
583 4383 773 4456 ponit,
806 4400 907 4455 per
947 4399 1132 4437 unum
1179 4382 1380 4448 fixum,
1417 4381 1474 4435 id
1522 4384 1630 4446 est,
1664 4381 1941 4437 substan-

267 4473 407 4530 tiale
461 4471 827 4545 accipimus,
889 4488 992 4544 per
1060 4469 1218 4526 aliud
1287 4469 1624 4526 exercitium
1696 4470 1939 4526 dominii

2047 577 2151 615 nes
2183 545 2472 618 adornant
2502 568 2780 631 mentem,
2814 545 3346 640 malae'deturpant.

2116 649 2271 704 Dixit
2301 652 2585 707 Dominus
2628 670 2641 708 :
2687 655 2980 720 Quosdam
3030 658 3373 732 confringet,
3405 664 3692 734 quosdam

2045 738 2116 793 ad
2159 756 2222 793 se
2271 746 2583 809 convertet,
2616 744 2698 798 ita
2727 746 2881 816 quod
2943 745 3088 801 alios
3148 746 3320 803 faciet
3365 755 3688 823 martyres:

2047 827 2192 882 alios
2240 845 2373 884 vero
2424 830 2595 886 faciet
2641 833 3067 905 praedicatores,
3097 839 3155 891 et
3199 839 3272 892 ad
3323 837 3431 893 hoc
3480 841 3690 896 conﬁr-

2045 919 2352 986 mandum,
2388 919 2612 975 inducit
2641 922 2957 978 Dominum
2989 924 3071 980 sic
3096 942 3143 980 :«
3169 925 3325 982 Dixit
3354 928 3638 985 Dominus
3663 953 3690 980 ››

2045 1022 2150 1077 ego
2182 1029 2210 1056 «
2245 1011 2576 1063 convertam
2611 1032 2636 1057 ››
2670 1010 2741 1065 ad
2782 1027 2874 1066 me
2913 1011 3142 1083 aliquos
3174 1035 3201 1065 «
3233 1030 3300 1070 ex
3331 1017 3540 1086 Basan,
3572 1041 3600 1068 »
3632 1020 3690 1075 id

2045 1099 2155 1162 est,
2178 1111 2247 1150 ex
2272 1097 2634 1166 confusione,
2667 1098 2753 1153 vel
2785 1116 2852 1154 ex
2892 1101 3196 1158 ariditate:
3222 1105 3408 1160 Basan
3439 1123 3694 1180 namque

2045 1183 2310 1240 confusio
2338 1185 2426 1241 vel
2459 1186 2702 1243 ariditas
2740 1187 3178 1260 interpretatur.
3211 1194 3505 1258 Quosdam
3535 1198 3692 1253 enim

2046 1272 2147 1345 qui
2178 1271 2340 1344 prius
2370 1280 2538 1330 erant
2567 1275 2795 1331 confusi
2826 1276 2886 1330 in
2917 1277 3193 1348 peccatis,
3216 1279 3304 1335 vel
3336 1281 3393 1336 in
3428 1283 3696 1342 ariditate

2038 1362 2307 1433 justitize,
2333 1363 2614 1418 convertit
2643 1365 2714 1420 ad
2765 1381 2827 1420 se
2874 1365 3033 1422 Deus
3059 1385 3070 1422 :
3101 1371 3160 1422 et
3206 1368 3384 1425 etiam
3409 1391 3436 1420 »
3461 1388 3694 1428 conver-

2047 1454 2229 1505 tam»
2273 1452 2345 1506 ad
2407 1469 2499 1507 me
2548 1454 2834 1524 quosdam
2883 1455 3198 1513 existentes
3229 1480 3258 1508 «
3301 1457 3361 1514 in
3410 1461 3696 1532 profundo

2048 1540 2249 1607 maris,
2279 1563 2305 1588 ››
2339 1539 2395 1594 id
2427 1541 2606 1601 estin
2640 1543 2928 1614 profundo
2958 1545 3258 1602 vitiorum.
3331 1591 3343 1600 .

2119 1651 2147 1678 ‹‹
2188 1627 2260 1684 Ut
2316 1629 2621 1703 intigatur,
2664 1654 2693 1681 »
2733 1632 2872 1688 dicit
2923 1635 3225 1706 propheta.
3276 1637 3695 1697 Continuatio:

2047 1718 2157 1785 Tu,
2192 1719 2366 1786 Deus,
2399 1725 2698 1777 convertes
2729 1738 2848 1789 eos,
2882 1727 2940 1778 et
2987 1722 3069 1778 ita
3115 1730 3545 1795 convertentur,
3570 1752 3598 1778 «
3631 1732 3701 1786 ut

2052 1822 2156 1879 pes
2185 1811 2344 1875 tuus,
2369 1829 2398 1858 »
2435 1808 2493 1864 id
2524 1814 2614 1865 est
2645 1811 2905 1866 conversi
2945 1812 3017 1866 ad
3061 1815 3140 1880 te,
3163 1812 3264 1884 qui
3295 1818 3351 1869 te
3375 1819 3610 1886 portant
3636 1816 3698 1873 in

2052 1911 2135 1965 se,
2170 1895 2271 1968 qui
2303 1911 2404 1968 pes
2436 1897 2599 1970 prius
2647 1898 3046 1972 intingebatur
3075 1900 3134 1956 in
3162 1900 3470 1960 dilectione
3518 1905 3699 1978 hujus

2049 1986 2179 2040 vita:
2210 1986 2384 2042 modo
2416 2009 2445 2036 «
2480 1987 2805 2059 intingatur
2842 1987 2902 2044 in
2933 1989 3241 2062 sanguine,
3261 2013 3288 2040 η
3315 1991 3373 2047 id
3405 1996 3494 2049 est
3521 1994 3699 2051 duca-

2050 2077 2147 2129 tur
2177 2073 2355 2130 ctiam
2385 2092 2572 2148 usque
2612 2077 2684 2133 ad
2733 2077 3077 2134 effusionem
3125 2078 3452 2152 sanguinis,
3483 2087 3541 2137 et
3571 2106 3600 2133 ‹‹
3631 2101 3701 2140 ex

2051 2161 2308 2220 inimicis
2331 2185 2358 2214 η
2383 2163 2502 2220 tuis
2533 2164 2634 2220 flat
2657 2163 2906 2238 «lingua
2929 2182 3142 2222 canum
3165 2170 3422 2237 tuorum,
3447 2191 3476 2218 κ
3498 2169 3554 2225 id
3587 2175 3698 2241 est,

2051 2251 2196 2306 fiant
2226 2251 2430 2324 Optimi
2464 2252 2893 2326 praedicatores,
2915 2259 2973 2311 et
3002 2255 3149 2311 bene
3178 2254 3478 2325 latrantes,
3513 2263 3571 2315 et
3599 2261 3700 2318 Dei

2049 2338 2370 2397 Ecclesium
2411 2341 2806 2411 defendentes,
2842 2343 2996 2400 sicut
3039 2359 3212 2401 canes
3241 2345 3396 2403 circa
3435 2348 3702 2406 domino-

2051 2444 2184 2485 rum
2216 2444 2459 2486 suorum
2489 2430 2696 2488 domos
2725 2430 2988 2504 vigilant,
3024 2436 3080 2488 et
3109 2433 3218 2490 hoc
3267 2451 3383 2492 non
3431 2440 3706 2510 procedet

2055 2537 2083 2567 α
2116 2518 2188 2573 ab
2221 2538 2247 2567 υ
2281 2516 2388 2585 eis,
2420 2518 2522 2575 sed
2564 2534 2598 2575 a
2641 2521 2698 2576 te
2727 2543 2755 2570 «
2789 2521 2937 2594 ipso.
2966 2541 2992 2570 ι)
3014 2519 3142 2578 Alia
3187 2523 3346 2580 enim
3395 2525 3704 2584 translatio

2052 2605 2228 2662 habet
2258 2607 2463 2680 teipse.
2487 2607 2589 2664 Vel
2623 2625 2813 2665 sermo
2853 2614 3044 2682 potest
3080 2611 3193 2667 dici
3224 2628 3538 2672 conversus
3568 2616 3652 2672 sic
3685 2634 3698 2673 :

2052 2694 2341 2752 Dominus
2372 2702 2686 2767 convertet,
2719 2703 2777 2754 et
2825 2703 2887 2753 tu
2937 2699 3150 2771 popule
3197 2700 3278 2756 ita
3325 2703 3699 2773 converteris,

2054 2789 2120 2839 ut
2149 2801 2253 2857 pes
2281 2790 2442 2857 tuus,
2467 2787 2522 2842 id
2551 2789 2641 2842 est
2668 2786 2893 2843 affectio
2915 2791 3019 2843 tua
3048 2787 3373 2862 intingatur
3392 2791 3450 2846 in
3472 2794 3706 2866 sangui-

2052 2890 2209 2946 nem,
2244 2874 2302 2930 id
2335 2878 2424 2931 est
2452 2892 2637 2947 prona
2682 2875 2760 2931 sit
2797 2875 2869 2930 ad
2911 2876 3256 2933 effusionem
3287 2880 3616 2952 sanguinis,
3647 2886 3705 2938 et

2052 2979 2120 3019 ex
2149 2961 2406 3019 inimicis
2434 2963 2536 3019 Dei
2582 2964 2686 3019 ﬁat
2715 2963 2919 3037 lingua
2969 2980 3182 3020 canum
3232 2969 3491 3035 tuorum,
3523 2967 3583 3024 id
3616 2973 3707 3025 est

2053 3056 2423 3124 peccatorum
2463 3057 2722 3123 tuorum,
2756 3053 2996 3122 scilicet,
3031 3054 3130 3126 qui
3176 3059 3316 3112 sunt
3346 3056 3416 3112 de
3446 3061 3617 3130 gente
3646 3063 3705 3114 et

2053 3141 2123 3197 de
2155 3143 2448 3198 consortio
2479 3146 2601 3213 tuo,
2636 3149 2692 3198 et
2722 3143 2832 3199 hoc
2871 3160 2988 3199 non
3019 3161 3054 3200 a
3083 3147 3157 3212 te,
3190 3145 3293 3200 sed
3324 3146 3398 3201 ab
3427 3145 3556 3219 ipso
3586 3147 3702 3204 Deo

2053 3231 2184 3286 erit.

2125 3342 2152 3369 ‹‹
2176 3319 2462 3376 Viderunt
2490 3320 2814 3393 ingressus.
2843 3343 2871 3370 »
2895 3321 3001 3377 Pes
3032 3321 3292 3394 tingetur
3311 3322 3371 3376 in
3395 3324 3700 3396 sanguine,

2053 3407 2259 3482 lingua
2288 3426 2502 3464 canum
2552 3414 2790 3465 tuorum
2829 3410 2928 3465 fiet
2957 3425 3026 3465 ex
3056 3409 3413 3478 inimicis,et
3458 3411 3569 3468 hoc
3618 3416 3704 3468 to-

2054 3501 2181 3553 tum
2208 3515 2310 3571 per
2331 3499 2440 3554 hoc
2471 3500 2592 3566 fiet,
2609 3499 2768 3570 quia,
2793 3516 2825 3554 o
2851 3521 2877 3549 «
2901 3499 3113 3566 Deus,»
3135 3498 3220 3554 illi
3243 3499 3342 3572 qui
3367 3505 3709 3557 convertun-

2053 3590 2169 3655 tur,
2195 3610 2222 3637 ‹‹
2247 3588 2522 3643 viderunt
2569 3587 2874 3661 ingressus
2903 3591 3056 3656 tuos,
3085 3609 3112 3636 »
3135 3587 3194 3642 id
3225 3592 3315 3644 est
3360 3605 3536 3661 opera
3581 3594 3703 3658 tua,

2054 3693 2182 3748 qua}
2214 3677 2273 3732 in
2321 3678 2544 3732 mundo
2574 3682 2846 3748 operatus
2877 3692 2960 3731 es.
2983 3675 3086 3731 Vel
3118 3675 3204 3731 tui
3243 3677 3546 3751 ingressus
3575 3678 3705 3735 ideo

2053 3765 2214 3834 dicit,
2239 3765 2381 3838 quia
2420 3766 2574 3821 Deus
2622 3764 2787 3837 prius
2819 3763 3046 3819 alienus
3079 3768 3204 3819 erat
3253 3781 3289 3820 a
3335 3767 3577 3835 mundo,
3601 3769 3703 3824 sed

2054 3872 2157 3927 per
2185 3853 2647 3910 misericordiam
2671 3869 2842 3909 suam
2872 3851 3174 3924 ingressus
3194 3856 3285 3908 est
3306 3852 3363 3907 in
3388 3855 3700 3923 mundum,

2053 3948 2111 4000 et
2141 3947 2204 3999 ut
2233 3942 2584 3998 determinet
2612 3941 2914 4014 ingressus
2941 3939 3074 3995 illos
3101 3956 3229 3996 esse
3259 3940 3494 4008 Christi,
3519 3941 3699 4000 dicit:

2054 4057 2082 4083 «
2108 4033 2414 4105 Ingressus
2446 4029 2546 4086 Dei
2578 4029 2712 4099 mei,
2737 4027 2890 4102 regis
2922 4028 3059 4098 mei,
3084 4029 3184 4102 qui
3223 4032 3314 4085 est
3349 4029 3408 4085 in
3441 4034 3698 4100 sancto,»

2053 4121 2111 4176 id
2159 4125 2248 4176 est
2294 4119 2394 4192 qui
2446 4118 2675 4174 habitat
2725 4118 2784 4172 in
2826 4117 3121 4174 dominico
3172 4117 3431 4190 homine,
3481 4118 3706 4177 scilicet

2051 4209 2300 4277 Christo,
2322 4214 2379 4264 et
2407 4208 2502 4263 hic
2533 4208 2731 4279 aperte
2759 4205 3223 4262 incarnationem
3256 4207 3537 4265 insinuat.

2123 4322 2151 4348 ‹‹
2193 4299 2619 4354 Praevenerunt.
2647 4318 2674 4345 ››
2708 4296 2813 4350 Per
2859 4294 2970 4350 hoc
3017 4301 3514 4366 converterentur,
3566 4300 3704 4371 quia

2049 4387 2319 4445 viderunt
2341 4387 2644 4458 ingressus
2664 4385 2786 4452 Dei,
2806 4388 2864 4440 et
2883 4401 2986 4457 per
3007 4384 3118 4441 hoc
3140 4385 3482 4457 etiam,quia
3499 4410 3526 4436 «
3550 4387 3706 4457 prin-

2051 4477 2267 4548 cipes.»
2291 4475 2348 4530 id
2379 4481 2468 4530 est
2497 4473 2765 4546 apostoli,
2790 4472 2890 4544 qui
2922 4477 3060 4528 sunt
3089 4473 3385 4545 principes
3415 4473 3473 4526 in
3507 4474 3701 4530 Eccle-

269 4563 663 4636 designamus
725 4566 1005 4632 tanquam
1056 4560 1105 4615 si
1158 4559 1403 4625 diceret,
1460 4558 1691 4614 Domini
1751 4559 1939 4614 domi-
1969 4572 2018 4639 ι)
2050 4565 2158 4632 sia,
2185 4589 2210 4614 α
2246 4567 2648 4637 ρι-ωνεῃθινυηι
2682 4579 2850 4623 »cos,
2888 4561 3028 4633 quia
3075 4560 3240 4632 prius
3286 4561 3608 4629 credentes,
3638 4580 3701 4620 se

270 4652 496 4708 nantis.

339 4765 367 4791 α
403 4740 853 4796 Verumtamen.
893 4762 920 4787 ››
950 4739 1066 4794 Iste
1092 4742 1180 4794 est
1222 4735 1376 4792 Deus
1418 4735 1609 4792 salvos
1647 4735 1933 4804 faciendi;

263 4854 291 4879 ιι
325 4834 747 4887 verumtamen
784 4851 812 4878 ››
843 4827 953 4885 iste
1001 4849 1028 4878 «
1074 4827 1228 4883 Deus
1279 4824 1683 4896 confringet,»
1717 4825 1774 4880 id
1824 4832 1932 4895 est,

269 4918 636 4975 annihilabit
659 4940 684 4967 ‹‹
717 4917 926 4990 capita,
950 4939 977 4965 ››
1002 4917 1060 4971 id
1086 4922 1194 4983 est,
1222 4919 1464 4982 mentes,
1489 4913 1576 4970 vel
1615 4915 1934 4972 erectiones

268 5031 296 5056 α
329 5007 719 5063 inimicorum
749 5022 991 5062 suorum
1019 5028 1045 5053 ››
1077 5009 1134 5060 et
1163 5003 1340 5060 etiam
1371 5002 1695 5076 codfringet
1716 5028 1742 5053 ‹‹
1768 5005 1934 5064 verti-

267 5112 398 5151 cem
447 5094 674 5168 capilli,
700 5119 727 5142 ››
750 5094 807 5149 id
857 5091 1396 5162 est,extollentiam
1449 5096 1506 5147 et
1553 5091 1932 5150 elevationem

266 5183 727 5255 cogitationum,
757 5182 980 5239 scilicet
1009 5181 1394 5254 cogitationes
1424 5179 1929 5253 philosolihorum,

260 5275 320 5325 et
360 5271 695 5343 profundas
742 5270 1064 5327 sententias
1112 5287 1337 5338 eorum,
1380 5273 1437 5324 et
1482 5274 1700 5325 sectam
1751 5271 1930 5327 hmre-

256 5359 544 5428 ticorum,
577 5361 652 5415 de
702 5360 919 5432 quibus
965 5359 1342 5415 elevabantur
1387 5361 1443 5413 et
1492 5359 1927 5430 superbiebant,

253 5448 545 5503 verticem
578 5449 710 5503 dico
742 5472 766 5498 «
805 5448 1366 5521 perambulantium,
1402 5469 1426 5493 ››
1459 5444 1516 5499 id
1550 5450 1638 5500 est
1668 5464 1927 5517 perseve-

251 5536 530 5592 rantium
567 5560 594 5585 ι(
626 5536 686 5591 in
717 5537 946 5593 delictis
976 5536 1121 5593 suis.
1157 5561 1182 5585 η
1218 5537 1324 5591 Per
1353 5531 1594 5604 capillos
1626 5533 1752 5591 ideo
1781 5540 1931 5611 cogi-

253 5625 528 5682 tationes
561 5625 905 5698 accipimus,
932 5625 1073 5698 quia
1102 5625 1254 5681 sicut
1285 5619 1478 5694 capilli
1512 5620 1808 5680 adherent
1841 5643 1930 5682 ca-

2048 4653 2180 4711 aliis
2210 4653 2344 4708 ﬁdei
2375 4656 2432 4707 et
2461 4654 2622 4707 bona:
2655 4650 3009 4722 operationis
3041 4647 3308 4720 exempla
3330 4649 3702 4719 dederunt,et

2045 4743 2154 4798 hoc
2177 4759 2292 4799 non
2316 4741 2445 4808 soli,
2462 4764 2488 4791 ‹‹
2519 4740 2619 4796 sed
2643 4737 2998 4810 conjuncti,»
3022 4737 3079 4792 id
3102 4741 3192 4793 est
3211 4737 3473 4794 comitati
3495 4738 3700 4795 multis

2049 4854 2076 4883 ι(
2107 4830 2516 4904 psallentibus,
2544 4852 2570 4878 »
2595 4829 2650 4882 id
2683 4833 2772 4882 est
2801 4827 2948 4882 bene
2995 4827 3067 4882 ad
3118 4825 3400 4884 honorem
3431 4827 3532 4884 Dei
3563 4844 3697 4899 ope-

2045 4920 2342 4987 rantibus;
2367 4921 2516 4974 etne
2541 4916 2722 4988 aliqui
2745 4917 3069 4983 crederent,
3092 4918 3247 4989 quod
3282 4915 3422 4972 solis
3442 4914 3580 4969 viris
3601 4917 3698 4970 da-

2044 5014 2205 5072 retur
2233 5007 2420 5081 gloria
2450 5006 2568 5073 illa,
2603 5006 2688 5062 sic
2729 5005 2968 5078 quidam
3021 5006 3274 5061 haeretici
3323 5007 3692 5076 putaverunt,

2043 5099 2228 5167 addit,
2253 5100 2426 5152 erunt
2446 5095 2622 5151 etiam
2651 5093 2734 5149 illi
2758 5094 3050 5167 principes
3077 5119 3103 5144 ‹‹
3130 5095 3189 5148 in
3214 5091 3697 5162 mediojuvencu-

2043 5188 2288 5255 larum,-
2321 5186 2378 5241 id
2411 5189 2520 5252 est,
2548 5183 2887 5251 mulierum,
2910 5200 3056 5254 quas
3080 5183 3207 5237 ideo
3229 5177 3578 5252 juvenculas
3604 5197 3697 5236 vo-

2041 5282 2153 5345 cat,
2170 5276 2310 5348 quia
2331 5293 2364 5330 a
2384 5277 2669 5329 vetustate
2699 5271 2917 5342 peccati
2939 5270 3288 5324 innovantur
3311 5284 3414 5339 per
3441 5267 3693 5340 gratiam

2041 5366 2163 5421 Dei.
2187 5365 2287 5419 Vel
2322 5381 2422 5435 per
2443 5359 2789 5433 juvenculas
2810 5374 3126 5429 possumus
3156 5356 3415 5429 accipere
3435 5373 3695 5412 commu-

2042 5457 2192 5512 niter
2236 5453 2546 5517 Ecclesiae,
2579 5448 2718 5518 quia
2765 5464 2867 5517 per
2917 5446 3166 5518 gratiam
3198 5445 3297 5501 Dei
3343 5462 3377 5500 a
3405 5450 3692 5503 vetustate

2041 5543 2261 5618 peccati
2296 5543 2648 5595 innovantur
2674 5553 2685 5590 :
2704 5533 3156 5606 juvcncularum
3188 5536 3318 5591 dico
3343 5559 3368 5583 ‹‹
3396 5536 3689 5608 tympani-

2040 5633 2317 5690 striarum
2341 5650 2370 5678 »
2404 5627 2503 5698 qui
2538 5623 2940 5697 tympanizant
2972 5624 3086 5680 Deo
3136 5642 3238 5698 per
3280 5624 3687 5682 mortificatio-
