4048 6180
377 337 498 401 419

741 400 746 405 .
790 333 1203 398 HAYMONIS
1234 330 1784 396 HALBERSTAT.
1817 321 2062 390 EPISG.
2095 323 2270 389 OPP.
2306 329 2510 393 PARS
2542 331 2590 393 Ι.
2622 366 2700 376 -
2731 330 3144 394 COMMENT.
3167 329 3364 393 BIBL.
3403 299 3410 308 ⁸

3668 325 3786 392 420

378 487 514 528 nem
545 469 761 540 carnis,
793 472 852 526 et
880 470 1020 526 sunt
1049 466 1202 526 sicut
1232 465 1455 523 corium
1499 467 1866 522 mortuorum
1897 459 2022 519 ani-
2051 455 2109 528 Α
2136 462 2476 533 arundines,
2501 464 2744 533 scilicet,
2774 464 2926 521 inter
2955 463 3201 522 mobiles
3231 463 3523 533 homines,
3549 461 3653 537 qui
3675 463 3790 520 cito

381 559 884 704 mili‘dnécclesiis.
911 667 938 694 »
967 643 1178 717 Incipit
1205 661 1340 716 pars
1361 644 1587 717 quinia.
1611 641 1986 699 Continuatio
2010 659 2022 696 :

381 735 679 810 Principes
737 737 1162 807 praevenerunt,
1196 737 1255 788 et
1303 737 1509 790 caetera
1563 733 1717 788 bona
1762 731 1944 799 dedit,
1972 733 2030 786 et

377 829 613 898 propter
653 824 776 880 haec
805 823 1006 880 omnia
1034 841 1136 878 vos
1178 823 1379 878 fideles
1407 846 1435 872 «
1469 822 1789 877 benedicite
1819 821 1936 876 Deo
1967 819 2026 874 in

375 913 651 972 Ecclesiis
685 935 713 963 »
750 913 846 968 ubi
899 917 990 969 est
1038 912 1203 968 locus
1249 910 1697 978 benedictionis,
1739 909 1880 982 quia
1927 907 2026 982 qui

374 1007 537 1060 extra
582 1001 905 1059 Ecclesium
961 1006 1121 1068 sunt,
1168 1002 1352 1056 Deum
1403 1001 1579 1074 digne
1625 999 1866 1055 laudare
1912 1015 2027 1054 non

374 1095 645 1166 possunt,
661 1091 778 1148 Deo
801 1091 932 1146 dico
955 1115 983 1140 ‹‹
1012 1089 1258 1144 Domino
1282 1113 1308 1141 »
1335 1089 1473 1162 quia
1493 1087 1647 1144 Deus
1667 1091 1724 1144 et
1743 1087 2028 1143 Dominus

375 1185 484 1253 est,
516 1179 842 1237 benedicite
872 1179 1000 1234 dico
1025 1202 1051 1228 ‹‹
1087 1179 1158 1234 de
1202 1179 1482 1245 fontibus,
1515 1200 1541 1226 »
1564 1177 1620 1232 id
1658 1181 1768 1242 est,
1795 1180 2030 1248 propter

375 1271 586 1338 fontes,
614 1269 856 1336 scilicet,
892 1271 1129 1340 propter
1175 1271 1412 1324 sanctos
1451 1267 1766 1340 apostolos,
1789 1265 1890 1340 qui
1922 1280 2030 1320 nos

377 1355 666 1432 spirituali
691 1356 960 1413 doctrina
978 1357 1248 1412 reficiunt
1269 1374 1282 1411 :
1307 1357 1566 1412 fontibus
1589 1356 1717 1412 dico
1739 1378 1767 1405 «
1791 1353 2028 1421 Israel,»

375 1447 434 1503 id
483 1449 592 1514 est,
638 1445 1090 1519 procedentibus
1141 1463 1209 1502 ex
1255 1447 1476 1514 Judaea,
1508 1445 1597 1501 vel
1647 1445 1706 1501 in
1755 1443 2030 1500 Ecclesiis

376 1535 590 1611 potatis
623 1535 694 1591 de
727 1535 990 1590 fontibus
1024 1534 1220 1590 Israel.

451 1647 478 1676 ‹‹
499 1623 604 1680 Ibi.
633 1646 660 1674 »
683 1625 835 1680 Bene
865 1623 995 1680 dico
1045 1627 1280 1696 propter
1326 1625 1535 1691 fontes,
1561 1623 1700 1697 quia
1721 1647 1748 1674 ‹‹
1782 1623 1882 1692 ibi,
1911 1645 1938 1672 »
1968 1622 2026 1678 id

377 1717 487 1781 est,
514 1713 574 1768 in
604 1711 886 1782 Ecclesia,
919 1717 1060 1768 sunt
1090 1713 1300 1782 fontes,
1331 1713 1572 1782 scilicet,
1597 1712 1813 1770 Paulus
1841 1717 1899 1769 et
1927 1712 2026 1769 alii

375 1800 736 1899 apostolici:
776 1801 888 1899 hoc
917 1805 1028 1899 est,
1049 1823 1086 1899 ξ(
1113 1800 1194 1899 ibi
1227 1801 1556 1899 Benjamin,
1585 1802 1706 1899 n-id
1738 1806 1847 1899 est,
1881 1803 2026 1858 Pau-
2057 1833 2107 1899 Β

374 1893 490 1960 lus,
509 1889 611 1964 qui
641 1889 752 1946 fuit
771 1889 842 1946 de
863 1889 1022 1947 tribu
1049 1891 1376 1963 Benjamin,
1400 1891 1458 1947 id
1481 1896 1592 1962 est,
1616 1891 1675 1946 in
1698 1891 2026 1948 adolesceno

368 1979 458 2038 tia
486 1993 800 2036 conversus
820 1977 956 2050 (Act.
981 1981 1082 2049 Ix).
1104 1979 1208 2036 Vel
1241 2003 1270 2031 «
1304 1979 1778 2037 adolescentulus
1806 1999 1833 2034 ι
1870 1979 2028 2036 scili-

377 2073 488 2139 cet,
511 2065 780 2141 deposita
809 2070 1099 2124 vetustate
1127 2065 1294 2141 legis,
1327 2067 1388 2123 in
1424 2066 1652 2124 Christo
1693 2067 2028 2136 innovatus,

377 2161 436 2216 et
481 2158 591 2214 hoc
636 2158 746 2230 est,
773 2177 801 2208 «
832 2156 892 2212 in
939 2156 1154 2214 mentis
1199 2173 1460 2226 excessu,
1489 2179 1517 2208 »
1549 2157 1606 2214 id
1657 2161 1766 2228 est,
1797 2157 2026 2226 timore,

377 2246 518 2321 quia
564 2263 668 2320 per
715 2244 987 2302 timorem
1017 2262 1332 2304 conversus
1363 2245 1493 2303 fuit.
1527 2247 1678 2304 Nota
1707 2247 1855 2304 duos
1902 2262 2030 2304 esse

377 2351 670 2394 excessus.
689 2333 854 2392 Unus
880 2351 1154 2392 excessus
1183 2339 1292 2408 est,
1318 2336 1556 2408 quando
1579 2336 1842 2392 humana
1861 2353 2028 2393 mens

373 2423 740 2483 transcendit
781 2439 972 2497 usque
1003 2425 1075 2480 ad
1118 2424 1315 2498 ipsum
1347 2425 1554 2494 Deum,
1578 2425 1700 2482 haec
1730 2426 2030 2482 mundana

377 2514 735 2589 praeteriens.
768 2513 933 2571 Unde
959 2512 1175 2570 Paulus
1199 2529 1210 2570 :
1239 2533 1260 2562 ε
1286 2513 1416 2571 Sive
1448 2513 1782 2571 excedimus
1814 2519 2026 2583 mente,

377 2605 495 2660 Deo
522 2601 858 2660 excedimus
881 2603 956 2671 (ΙΙ
975 2601 1096 2658 Cor.
1119 2603 1237 2672 v),»
1257 2607 1315 2658 et
1344 2603 1416 2658 de
1443 2602 1760 2676 hoczetiam
1790 2619 2030 2660 excessu

380 2705 698 2764 possumus
728 2693 785 2745 et
813 2688 908 2746 hic
939 2689 1150 2759 dicere,
1185 2693 1244 2746 et
1275 2690 1490 2748 Paulus
1520 2691 1631 2747 fuit
1659 2696 1862 2764 raptus
1889 2715 1909 2741 «
1937 2709 2032 2748 us-

381 2797 494 2854 que
523 2780 596 2836 ad
623 2777 863 2835 tertium
895 2778 1106 2836 coelum
1143 2779 1216 2849 (ll
1235 2780 1354 2836 Cor.
1378 2783 1536 2851 xu)»
1562 2781 1727 2838 Alius
1757 2798 2030 2839 excessus

380 2874 490 2941 est,
515 2869 748 2943 quando
769 2868 946 2925 homo
967 2886 1070 2952 per
1089 2869 1362 2926 timorem
1393 2873 1553 2927 extra
1584 2889 1646 2928 se
1676 2872 1920 2945 rapitur.

451 2957 748 3032 Principes
778 2961 836 3014 et
865 2958 1048 3016 duces
1095 2974 1300 3016 eorum
1345 2959 1447 3032 qui
1492 2963 1633 3016 sunt
1660 2960 1720 3016 in
1752 2961 2028 3032 Ecclesia,

379 3051 522 3106 sunt
549 3070 578 3098 ‹‹
611 3047 906 3120 principes
953 3047 1129 3116 Juda,
1154 3071 1176 3101 ι
1207 3047 1266 3103 id
1297 3052 1405 3118 est,
1439 3049 1684 3122 apostoli
1731 3049 1918 3106 sancti
1961 3051 2033 3106 de

377 3136 538 3194 tribu
575 3137 748 3205 Juda,
773 3159 802 3187 «
836 3135 1130 3210 principes
1169 3137 1448 3205 Zabulon,
1482 3141 1540 3193 et
1576 3137 1868 3210 principes
1902 3161 1930 3187 ››
1961 3141 2032 3196 de

379 3225 540 3283 tribu
565 3249 593 3276 «
617 3224 972 3298 Nephtalim,
997 3226 1178 3282 duces
1198 3230 1337 3281 sunt
1359 3243 1621 3295 eorum,»
1639 3229 1695 3282 et
1715 3227 1844 3283 ideo
1865 3227 2031 3300 ponit

379 3315 488 3372 has
527 3318 781 3388 quatuor
808 3315 1018 3383 tribus,
1037 3314 1174 3387 quia
1204 3315 1276 3370 de
1313 3314 1406 3370 his
1435 3315 1674 3370 fuerunt
1704 3315 1825 3371 nati
1865 3334 2033 3389 apos-

379 3403 504 3460 toli.
537 3403 843 3477 Benjamin
894 3403 1312 3476 interpretatur
1357 3403 1508 3474 ﬁlius
1561 3403 1770 3462 dextrw
1799 3424 1818 3460 :
1851 3406 2034 3463 Judas

378 3495 674 3567 conﬁtens:
701 3492 960 3550 Zabulon
991 3492 1405 3548 tabernaculum
1432 3493 1776 3564 fortitudinis
1798 3514 1818 3549 :
1841 3495 2034 3568 Neph-

377 3581 608 3654 thalim,
644 3582 892 3640 latitudo.
925 3581 1055 3637 Haec
1087 3580 1590 3654 interpretationes
1624 3601 1738 3638 non
1769 3589 1910 3641 sunt
1939 3585 2034 3641 hic

379 3671 741 3730 necessariae.

456 3781 480 3810 ι
512 3760 746 3818 Manda.
773 3779 802 3809 »
833 3758 904 3814 Et
942 3775 1046 3832 per
1089 3757 1235 3816 istos
1285 3759 1433 3818 tales
1466 3783 1493 3813 «
1526 3763 1800 3832 manda,»
1832 3763 1888 3818 id
1923 3767 2031 3834 est,

377 3849 615 3906 notiﬁca
641 3871 662 3899 α
697 3846 971 3904 virtutem
1014 3851 1199 3918 tuam,
1228 3871 1250 3898 ιν
1287 3848 1347 3904 id
1376 3854 1486 3922 est,
1517 3850 1838 3922 potentiam
1869 3856 2032 3908 tuam

363 3955 481 4011 "per
509 3937 822 4008 mundum,
846 3940 904 3994 et
931 3953 1034 4010 per
1055 3937 1203 3994 istos
1229 3959 1257 3989 ‹‹
1279 3939 1563 3996 confirma
1587 3939 1697 3996 hoc
1719 3941 1872 4014 quod
1897 3958 2032 4014 ope-

375 4029 540 4082 ratus
568 4027 627 4081 et
657 4023 718 4081 in
749 4023 971 4082 nobis»
996 4027 1174 4082 fidem
1199 4031 1256 4084 et
1281 4027 1645 4098 charitatem,
1671 4033 1726 4086 et
1748 4030 2032 4104 Spiritum

375 4115 670 4182 sanctum,
690 4113 1025 4187 incipiendo
1057 4137 1078 4165 α
1115 4132 1150 4171 a
1175 4116 1395 4189 templo
1424 4120 1585 4187 tuo,»
1607 4117 1666 4174 id
1697 4123 1804 4192 est,
1833 4138 1868 4177 a
1897 4137 2032 4176 san-

375 4199 490 4256 ctis
515 4199 656 4272 tuis,
685 4203 746 4258 in
776 4202 995 4275 quibus
1025 4207 1090 4258 tu
1123 4203 1376 4274 habitas,
1408 4224 1430 4254 or
1464 4207 1621 4277 quod
1651 4211 1740 4263 est
1768 4208 2036 4266 Hierusa-

374 4287 493 4346 lem
517 4305 566 4346 »:
599 4291 739 4364 quia
759 4291 818 4347 in
843 4291 1207 4348 Hierusalem
1232 4291 1488 4364 Spiritus
1510 4299 1752 4353 sanctus
1773 4298 2033 4369 primum

375 4379 656 4452 apostolis
688 4380 800 4437 fuit
829 4381 1026 4450 datus,
1055 4384 1114 4437 et
1143 4381 1353 4438 deinde
1384 4398 1488 4455 per
1518 4383 1678 4456 ipsos
1705 4389 1763 4442 et
1791 4403 1896 4458 per
1923 4387 2031 4442 mi-

375 4467 594 4526 nistros
623 4486 828 4527 eorum
867 4471 1040 4526 datus
1089 4475 1181 4528 est
1211 4470 1343 4527 aliis
1390 4471 1751 4531 hominibus.
1785 4476 1855 4531 Et
1901 4493 2033 4533 vere

2136 556 2386 626 possunt
2404 554 2619 612 moveri
2641 573 2675 611 a
2694 553 3012 628 proposito,
3025 553 3174 610 tales
3190 553 3348 610 enim
3364 552 3794 628 aggrediuntur

2137 641 2412 711 haeretici,
2448 661 2563 700 non
2613 644 2902 717 perfectos
2931 643 3106 701 viros.
3139 643 3239 700 Vel
3290 642 3444 700 feras
3475 635 3791 701 arundinis

2136 731 2297 798 dicit,
2323 732 2462 805 quia
2491 733 2645 790 sicut
2669 734 2988 790 arundines
3016 733 3077 790 in
3102 732 3419 807 paludibus
3439 736 3790 802 nascuntur,

2137 820 2218 876 ita
2247 821 2501 879 haeretici
2544 823 2603 879 in
2657 823 2958 896 paludosis
3007 821 3315 880 sententiis
3357 825 3690 878 versantur.
3725 823 3794 878 Et

2138 927 2376 968 necesse
2419 917 2509 969 est
2547 918 2612 969 ut
2649 913 2933 986 increpes,
2961 913 3102 984 quia
3121 936 3150 963 ‹‹
3183 911 3556 984 congregatio
3594 913 3793 966 tauro-

2138 1017 2324 1070 rum,»
2355 1001 2410 1057 id
2435 1006 2544 1070 cst,
2568 1002 2995 1070 haereticorum,
3019 1003 3121 1074 qui
3145 1004 3286 1056 sunt
3307 999 3581 1056 cervicosi
3617 1000 3790 1073 tauri,

2139 1093 2228 1144 est
2257 1114 2286 1139 «
2317 1089 2377 1146 in
2407 1090 2599 1147 vaccis
2631 1091 3003 1165 populorum,
3033 1112 3060 1140 »
3084 1090 3143 1146 id
3169 1093 3278 1159 est,
3311 1089 3372 1144 in
3422 1087 3663 1162 populis
3694 1089 3791 1162 qui

2138 1177 2252 1233 cito
2281 1183 2612 1252 sequuntur
2640 1181 2796 1254 quod
2837 1179 3108 1246 audiunt,
3139 1183 3207 1235 ut
3232 1195 3417 1234 vacem
3461 1181 3790 1246 taurorum,

2139 1268 2508 1340 congregatio
2539 1268 2668 1326 dico
2709 1271 2779 1324 ad
2819 1269 2930 1325 hoc
2977 1268 3146 1338 facta,
3172 1289 3200 1320 ‹‹
3230 1271 3298 1324 ut
3326 1266 3646 1324 excludant
3672 1283 3790 1336 eos,

2139 1356 2238 1428 qui
2270 1358 2494 1430 probati
2519 1361 2660 1414 sunt
2679 1362 2939 1432 argento,
2969 1381 2995 1407 ››
3021 1358 3077 1414 id
3110 1362 3218 1429 est,
3243 1357 3439 1413 divino
3464 1355 3701 1430 eloquio
3722 1359 3791 1414 ab

2138 1445 2258 1502 illis
2289 1464 2437 1522 quos
2467 1447 2692 1504 vocavit
2716 1465 2944 1515 vaccas,
2967 1445 3207 1516 scilicet,
3241 1451 3307 1502 ut
3337 1445 3580 1516 faciant,
3604 1463 3680 1502 ne
3713 1444 3793 1501 illi

2137 1535 2441 1592 inferiores
2464 1540 2789 1610 sequantur
2806 1538 3082 1610 probatos
3110 1536 3283 1593 viros.
3307 1534 3410 1592 Vel
3438 1558 3459 1585 ι
3495 1539 3562 1591 ut
3593 1533 3792 1590 exclu-

2139 1625 2301 1692 dant,
2325 1648 2352 1677 »
2377 1625 2436 1682 id
2470 1630 2578 1694 est,
2611 1625 2874 1682 dividant
2903 1644 2936 1682 a
2964 1641 3027 1682 se
3078 1643 3177 1682 eos
3225 1625 3324 1698 qui
3371 1623 3607 1697 probati
3657 1627 3794 1680 sunt

2138 1718 2407 1788 argento;
2441 1732 2576 1772 cum
2621 1719 2815 1772 autem
2863 1715 3132 1772 dividunt
3173 1731 3238 1771 se
3281 1711 3539 1770 haeretici
3569 1712 3646 1769 ab
3687 1711 3791 1785 eis,

2139 1804 2518 1861 manifestant
2545 1822 2646 1862 eos
2674 1821 2802 1862 esse
2831 1805 3039 1873 bonos,
3062 1821 3097 1860 a
3125 1804 3342 1876 quibus
3386 1819 3450 1859 se
3490 1805 3787 1875 separant.

2137 1893 2300 1951 Unde
2328 1894 2643 1967 Apostolus
2665 1909 2721 1952 :«
2739 1895 2986 1952 Necesse
3015 1897 3105 1950 est
3131 1898 3198 1949 ut
3236 1891 3475 1950 veniant
3513 1891 3788 1961 hmreses,

2136 1987 2204 2038 ut
2233 1982 2333 2056 qui
2364 1984 2593 2056 probati
2625 1989 2782 2053 sunt,
2817 1982 3113 2040 manifesti
3143 1982 3288 2038 flant
3314 1982 3365 2052 (ι
3392 1979 3514 2038 Cor.
3548 1980 3652 2054 xx).
3679 2003 3707 2032 η

2207 2072 2519 2145 Increpati,
2543 2095 2572 2123 α
2605 2072 2874 2147 dissipa»
2911 2087 2983 2129 ne
3013 2069 3360 2128 conveniant
3387 2069 3448 2126 in
3477 2086 3666 2127 unam
3696 2086 3792 2128 vo-

2136 2159 2422 2218 luntatem
2454 2185 2483 2212 «
2516 2165 2740 2235 gentes,
2761 2183 2788 2212 »
2818 2160 2878 2217 id
2909 2164 3018 2230 est,
3047 2159 3370 2230 haareticos,
3393 2183 3423 2210 α
3455 2158 3559 2233 qui
3589 2158 3794 2217 volunt

2144 2269 2166 2300 ι
2200 2249 2370 2320 bella,
2397 2273 2426 2300 »
2450 2251 2507 2307 id
2539 2255 2648 2320 est,
2679 2249 2868 2325 litigia
2896 2254 3098 2307 contra
3125 2249 3350 2320 ﬁdeles,
3373 2253 3433 2306 et
3461 2262 3596 2306 vere
3629 2249 3796 2307 dissi-

2137 2339 2324 2413 pabis,
2359 2340 2498 2413 quia
2533 2361 2562 2395 α
2588 2339 2822 2398 venient
2877 2339 3050 2414 legati
3108 2355 3178 2396 ex
3231 2339 3498 2413 Egypto,
3528 2361 3557 2388 η
3591 2339 3652 2394 id
3684 2342 3792 2408 est,

2138 2427 2318 2502 aliqui
2353 2432 2765 2486 convertentur
2793 2445 2862 2485 ex
2889 2427 3223 2503 ignorantia
3252 2431 3586 2502 peccantes.
3618 2427 3796 2502 λεδ-γ-

2138 2522 2276 2592 ptus
2307 2518 2462 2574 enim
2503 2517 2740 2577 tenebrae
2781 2519 3218 2592 interpretatur,
3251 2531 3356 2592 per
3383 2517 3536 2590 quod
3571 2515 3800 2573 intelli-

2137 2611 2358 2682 guntur
2385 2606 2726 2682 ignoranter
2755 2611 3083 2680 peccantes,
3106 2607 3208 2664 sed
3228 2607 3407 2663 etiam
3437 2605 3592 2678 nigri
3613 2605 3806 2679 gravi-

2138 2697 2250 2752 bus
2280 2696 2533 2770 peccatis
2564 2701 3056 2764 converterentur,
3091 2701 3149 2752 et
3187 2696 3296 2752 hoc
3341 2701 3432 2752 est
3465 2711 3478 2752 :
3509 2719 3540 2746 «
3569 2694 3801 2752 Ethio-

2139 2812 2168 2840 «
2200 2787 2370 2860 pia,»
2406 2785 2462 2842 id
2513 2791 2622 2854 est,
2674 2787 2826 2860 nigri
2876 2786 2934 2842 in
2985 2784 3260 2858 peccatis.
3294 2784 3590 2858 Ethiopia
3637 2784 3802 2842 enim

2137 2876 2361 2950 nigredo
2409 2877 2845 2950 interpretatur,
2878 2875 3142 2948 )Ethiops
3189 2877 3348 2948 niger
3376 2892 3394 2930 :
3420 2895 3450 2926 «
3481 2874 3805 2948 praeveniet

2139 2991 2167 3018 ‹‹
2203 2983 2414 3023 manus
2437 2965 2562 3038 ejus
2581 2987 2610 3017 »
2639 2964 2888 3038 Egypti,
2907 2964 2966 3020 id
2989 2968 3098 3033 est,
3122 2964 3470 3038 indignitate
3491 2963 3806 3037 superabit

2139 3055 2504 3129 operationes
2553 3054 2780 3127 {Egypti
2816 3069 2885 3108 :«
2917 3053 3054 3122 Deo,
3085 3075 3104 3103 η
3141 3053 3201 3108 id
3248 3057 3358 3123 est,
3391 3052 3465 3109 ad
3509 3052 3802 3109 honorem

2140 3145 2266 3216 Dei,
2289 3149 2526 3218 propter
2555 3143 2664 3200 hoc
2704 3143 2845 3199 dicit
2883 3143 3212 3216 praeveniet,
3247 3142 3385 3215 quia
3413 3146 3638 3215 quanto
3669 3159 3803 3199 ma-

2133 3234 2366 3307 joribus
2396 3232 2650 3306 peccatis
2683 3231 2896 3304 aliquis
2938 3230 3236 3288 involutus
3262 3235 3370 3298 est,
3405 3235 3572 3288 tanto
3603 3231 3804 3306 magis

2143 3323 2432 3396 pmnitens
2463 3321 2708 3394 dignum
2731 3321 2988 3376 fructum
3012 3319 3150 3377 facit
3176 3320 3314 3376 Deo.
3335 3319 3465 3376 Alia
3483 3317 3803 3376 translatio

2142 3411 2320 3467 habet
2345 3427 2358 3466 :
2389 3409 2684 3482 JEthiopia
2711 3408 3013 3466 festinabit
3052 3425 3264 3465 manus
3295 3411 3434 3466 dare
3461 3407 3604 3478 Deo,
3627 3411 3687 3463 et
3721 3407 3807 3464 di-

2143 3499 2297 3554 citur
2315 3514 2384 3554 ex
2403 3497 2808 3570 similitudine,
2827 3496 2965 3570 quia
2985 3497 3139 3554 sicut
3159 3497 3372 3571 aliquis
3391 3497 3582 3553 victus
3606 3497 3808 3553 tendit

2143 3604 2357 3644 manus
2389 3605 2527 3643 suas
2575 3585 2800 3655 victori,
2842 3586 2926 3643 sic
2974 3585 3282 3660 (Ethiopia,
3310 3586 3368 3642 id
3400 3589 3509 3653 est,
3549 3585 3710 3659 nigri
3746 3585 3806 3641 in

2141 3675 2420 3750 peccatis,
2443 3679 2859 3748 cognoscentes
2881 3691 2944 3731 se
2964 3691 3092 3732 esse
3110 3675 3314 3744 victos,
3331 3675 3557 3732 dabunt
3582 3690 3809 3730 manus

2142 3783 2282 3823 suas
2312 3765 2428 3821 Deo
2471 3763 2694 3833 victori,
2730 3780 2857 3821 suo.
2890 3763 2994 3820 Vel
3039 3763 3332 3838 [Ethiopia
3362 3763 3650 3832 convicta,
3683 3762 3809 3820 Deo

2141 3853 2452 3929 praeveniet
2480 3869 2716 3922 manus,
2748 3853 2806 3908 id
2855 3855 2964 3922 est,
2995 3852 3284 3911 vindictas
3313 3851 3436 3910 Dei.
3469 3853 3628 3910 Bene
3657 3850 3813 3908 dicit

2141 3943 2472 4017 prmveniet,
2495 3942 2634 4016 quia
2663 3941 2827 4016 prius
2857 3943 3114 4011 credent,
3149 3958 3328 4016 quam
3357 3941 3512 3999 Deus
3537 3939 3813 4014 vindicet

2142 4050 2206 4090 se
2235 4035 2305 4090 de
2337 4032 2441 4090 eis.

2213 4123 2359 4190 Quia
2387 4122 2469 4180 ita
2497 4123 2908 4180 convertentur
2934 4122 3006 4177 ad
3037 4120 3244 4189 Deum,
3266 4119 3397 4177 ideo
3424 4140 3446 4170 ι
3471 4134 3656 4194 regna
3684 4123 3810 4176 ter-

2142 4231 2238 4282 rae,
2260 4212 2320 4269 id
2353 4216 2461 4282 est,
2494 4210 2763 4269 homines
2793 4211 2864 4267 de
2907 4210 3068 4266 omni
3119 4209 3354 4283 regione
3401 4213 3566 4267 terra:
3595 4233 3618 4260 ι
3655 4225 3810 4266 can-

2141 4306 2261 4358 tate
2289 4302 2407 4358 Deo
2436 4320 2465 4356 ι
2499 4317 2636 4358 voce
2683 4305 2740 4356 et
2787 4301 2983 4371 corde,
3013 4303 3071 4356 et
3103 4320 3131 4350 «
3172 4299 3406 4372 psallite
3441 4323 3462 4350 ι
3499 4299 3585 4356 illi
3625 4321 3656 4356 ι
3685 4303 3811 4360 Do-

2142 4391 2302 4448 mino
2339 4414 2360 4441 ι
2397 4391 2552 4448 bona
2579 4388 2935 4463 operatione.

2155 4527 2158 4531 ,
2212 4479 2446 4536 Psallite
2474 4479 2612 4536 Deo.
2637 4478 2849 4551 Incipit
2868 4481 3031 4534 sexta
3052 4494 3208 4551 pars.
3235 4477 3477 4552 Propter
3504 4479 3618 4536 hoc
3652 4481 3814 4556 psal-

373 4558 777 4630 confirmabis,
806 4560 944 4634 quia
974 4577 1079 4634 per
1107 4561 1216 4618 hoc
1250 4584 1278 4612 ‹‹
1311 4578 1498 4634 reges,
1526 4587 1548 4613 ι»
1575 4563 1632 4620 id
1663 4569 1772 4634 est,
1805 4566 2032 4639 seipsos
2059 4575 2108 4641 D
2138 4571 2262 4640 lite,
2290 4573 2347 4626 et
2389 4567 2564 4625 etiam
2613 4570 2852 4640 propter
2879 4567 3014 4636 hoc,
3043 4566 3185 4638 quia
3231 4567 3359 4640 ipse
3403 4567 3568 4624 dabit
3597 4587 3808 4628 vocem

372 4647 523 4704 bene
551 4651 840 4721 regentes,
859 4673 888 4700 ‹‹
912 4650 1165 4707 oii‘erent
1194 4649 1298 4706 tibi
1331 4669 1596 4722 munera,
1615 4676 1642 4703 »
1664 4653 1721 4709 id
1745 4659 1854 4728 est,
1877 4657 2029 4730 seip-

373 4753 471 4792 sos
491 4739 549 4791 et
568 4735 735 4794 alios.
755 4737 884 4794 Alia
901 4729 1212 4796 translatio
1235 4739 1400 4813 ponit
1431 4741 1540 4798 hoc
1571 4744 1682 4799 sub
1711 4729 2028 4816 optatione,

371 4825 694 4882 oii‘erantur
724 4843 988 4884 munera.
1016 4827 1120 4886 Vel
1151 4829 1304 4885 sicut
1335 4829 1453 4887 alia
1482 4830 1676 4888 littera
1704 4833 1898 4903 habet,
1921 4835 2031 4890 vir-

369 4913 483 4970 tuti
515 4917 651 4987 tues,
675 4917 1001 4972 secundum
1024 4918 1179 4990 quod
1209 4917 1292 4974 ita
1321 4919 1585 4976 dicemus
1612 4937 1624 4976 :
1650 4923 1718 4976 Et
1747 4922 1886 4995 quia
1916 4923 2028 4981 hu-

363 5003 629 5075 jusmodi
681 5008 822 5061 sunt
869 5004 928 5060 in
976 5005 1253 5076 Ecclesia,
1279 5025 1382 5080 per
1421 5027 1568 5081 quos
1608 5014 1800 5082 potest
1828 5014 2029 5086 perlici

371 5092 529 5164 quod
579 5093 830 5168 cmpisti,
858 5111 996 5168 ergo
1033 5095 1273 5164 manda,
1295 5096 1351 5152 id
1393 5101 1502 5167 est,
1536 5100 1780 5174 praecipe
1827 5103 2028 5160 virtuti

371 5184 507 5251 tuae,
531 5180 590 5237 id
620 5187 728 5252 est,
763 5182 883 5240 filio
919 5187 1043 5254 tuo,
1068 5188 1125 5240 et
1153 5201 1258 5258 per
1287 5201 1447 5257 eum,
1469 5191 1527 5242 et
1577 5205 1681 5260 per
1722 5189 2030 5250 ministros

370 5274 506 5327 tuos
529 5292 557 5322 «
589 5273 876 5329 confirma
902 5273 1012 5330 hoc
1040 5273 1198 5346 quod
1229 5278 1506 5348 operatus
1534 5292 1598 5332 es
1627 5275 1688 5332 in
1719 5279 1909 5336 nobis.
1933 5303 1962 5332 »

443 5381 470 5408 ‹‹
506 5359 748 5433 Increpa
776 5361 930 5418 feras
972 5361 1302 5419 arundinis.
1330 5386 1358 5413 »
1381 5364 1452 5420 Et
1480 5367 1547 5420 ut
1574 5366 1894 5424 oii‘erantur
1924 5369 2032 5428 tibi

373 5460 620 5504 munera
649 5449 958 5523 «increpa,
986 5474 1014 5502 ››
1038 5452 1096 5508 id
1129 5457 1239 5522 est,
1263 5453 1542 5510 convince
1567 5475 1596 5507 «
1616 5455 1823 5530 feras,»
1851 5458 1910 5516 id
1943 5465 2035 5518 est

370 5533 801 5610 haereticos,qui
821 5538 1049 5596 laniant
1068 5541 1390 5598 Ecclesiam
1406 5542 1530 5614 Dei,
1547 5544 1702 5602 sicut
1718 5547 1836 5604 fere
1857 5567 2027 5608 oves:

373 5622 528 5680 feras
560 5621 688 5681 dico
712 5648 739 5675 α
773 5628 1102 5698 arundinis,
1131 5652 1160 5680 »
1191 5630 1250 5688 id
1281 5634 1390 5701 est,
1425 5640 1836 5696 conservantes
1881 5637 2034 5699 inter

2139 4659 2374 4715 virtutis
2403 4657 2528 4714 voci
2561 4673 2701 4726 suae,
2729 4675 2762 4711 α
2781 4655 3012 4729 psallite
3042 4655 3180 4726 Deo,
3203 4656 3305 4729 qui
3327 4657 3593 4714 ascendit
3623 4676 3814 4733 super

2141 4747 2351 4806 coelum
2378 4747 2507 4804 cceli
2527 4769 2548 4798 ι
2572 4746 2645 4803 ad
2677 4743 2952 4802 litteram.
2974 4744 3078 4801 Vel
3109 4762 3172 4802 se
3203 4763 3306 4818 per
3336 4762 3691 4818 supremum
3713 4767 3810 4806 or—

2139 4839 2336 4896 dinem
2369 4835 2732 4910 angelorum,
2757 4857 2778 4886 a
2805 4836 2877 4892 ad
2911 4835 3196 4892 orientem
3222 4858 3245 4888 ι
3270 4835 3411 4908 quia
3439 4835 3499 4890 in
3529 4835 3814 4894 orientali

2137 4932 2324 5002 parte,
2359 4927 2430 4982 ad
2461 4925 2736 4994 litteram,
2757 4925 2897 4998 quia
2927 4925 2986 4980 in
3011 4928 3210 4982 monte
3229 4923 3457 4996 Oliveti,
3481 4923 3584 4998 qui
3617 4930 3716 4983 est
3749 4927 3812 4982 in

2138 5015 2405 5072 orientali
2436 5017 2622 5088 parte.
2653 5013 3017 5070 Hierusalem
3066 5017 3191 5071 erat
3219 5012 3508 5071 Dominus
3560 5016 3813 5087 quando

2139 5104 2426 5174 ascendit,
2457 5107 2515 5160 et
2541 5102 2688 5160 illud
2739 5103 2958 5160 factum
2989 5102 3206 5160 Christi
3253 5102 3364 5159 hoc
3413 5102 3582 5160 nobis
3615 5104 3813 5178 signi-

2137 5193 2352 5262 ﬁcavit,
2385 5192 2541 5266 quod
2598 5192 2724 5265 ipse
2779 5197 2936 5251 esset
2989 5207 3161 5249 verus
3191 5192 3409 5262 oriens,
3443 5192 3545 5266 qui
3603 5197 3812 5252 totum

2141 5283 2430 5342 mundum
2487 5280 2870 5339 illuminaret.
2932 5280 3061 5338 Alia
3107 5279 3418 5340 translatio
3469 5281 3671 5352 habet,
3730 5283 3812 5340 ab

2141 5374 2380 5432 oriente.

2219 5485 2246 5518 α
2277 5464 2422 5520 Ecce
2451 5461 2638 5518 dabit.
2675 5483 2704 5510 »
2736 5461 2869 5520 Ideo
2909 5461 3040 5517 dico
3079 5459 3332 5534 psallite,
3367 5461 3506 5534 quia
3539 5484 3561 5512 ε
3597 5477 3743 5518 ecce
3775 5481 3806 5515 ι

2141 5553 2310 5626 quasi
2339 5552 2400 5608 in
2442 5550 2913 5608 manifestatione
2951 5549 3238 5608 Dominus
3273 5550 3383 5607 iste
3413 5574 3442 5600 ‹‹
3477 5549 3640 5608 dabit
3669 5551 3814 5610 voci

2143 5659 2261 5702 suae
2285 5662 2315 5698 υ
2350 5659 2478 5714 quae
2505 5641 2568 5698 in
2598 5639 2708 5700 hoc
2739 5641 2961 5698 mundo
2989 5639 3234 5699 humilis
3263 5639 3376 5698 fuit
3407 5655 3658 5698 «vocem
3692 5641 3819 5700 vir-
