4080 6180
462 291 584 353 423

793 295 1238 361 --ΗΑΥΜΟΝΙὸ
1284 297 1827 387 ΗΑΒΒΕΗβΤΑΤ.
1872 296 2094 382 ΕΡΙειΟ

2211 296 2337 358 νΡΡ.
2383 297 2586 360 PARS
2629 298 2677 359 Ι.
2724 332 2801 342 —
2843 297 3251 362 COMMENT.
3296 298 3499 361 BlBL.

3737 300 3846 362 424

462 434 572 497 est,
595 447 796 504 poenas
826 429 1143 497 solvebam,
1165 448 1269 504 pro
1300 429 1392 488 his
1427 454 1453 481 ‹‹
1480 448 1606 504 quas
1635 449 1750 488 non
1781 431 1968 504 rapui,
1994 454 2022 481 η
2044 432 2102 487 id
2219 431 2314 487 nio
2337 431 2594 488 animam
2613 449 2805 488 meam
2829 455 2857 482 «
2880 435 2937 488 et
2953 433 3120 505 posui
3139 432 3551 490 vestimentum
3573 451 3767 491 meum
3781 436 3850 492 ci-

461 524 571 586 est,
604 538 707 593 pro
736 519 1009 592 peccatis.
1041 536 1167 592 quae
1198 538 1313 576 non
1347 520 1686 593 perpetravi.

534 633 562 660 «
597 610 770 665 Deus.
794 632 819 658 ››
841 609 1053 681 Incipit
1073 611 1144 666 de
1166 611 1424 665 secunda
1444 615 1627 683 parte.
1645 612 1795 666 Bene
1816 611 2109 683 dico,quia

461 724 488 749 ‹‹
513 705 577 754 tu
601 699 754 754 Deus
777 699 892 754 scis
923 699 1315 771 insipientiam
1351 716 1562 764 meam,
1596 702 1652 754 et
1682 697 1893 755 delicta
1921 717 2051 754 mea
2075 717 2108 754 a

459 791 513 843 te
545 804 659 842 non
691 791 830 842 sunt
859 789 1220 851 abscondita,
1259 811 1284 837 ››
1315 788 1373 842 id
1406 793 1513 854 est,
1546 789 1662 844 scis
1707 805 1799 844 me
1835 788 1954 843 haec
1986 788 2106 860 pati

459 893 572 931 non
607 879 842 948 propter
861 885 931 932 ‘ea
961 895 1087 949 quas
1118 894 1222 949 ego
1254 877 1521 933 fecissem
1554 895 1656 950 per
1683 877 2103 949 insipientiam,

459 965 515 1020 id
547 970 635 1021 est
663 984 766 1039 per
796 966 1208 1037 ignorantiam,
1241 967 1326 1023 vel
1368 971 1602 1038 propter
1650 966 1848 1037 aliqua
1892 966 2105 1022 delicta

455 1069 605 1120 mea,
635 1055 735 1109 sed
771 1059 1004 1127 propter
1033 1060 1271 1127 peccata
1299 1073 1584 1111 meorum.

525 1144 595 1198 Et
610 1142 748 1215 quia
769 1161 884 1198 non
906 1161 974 1199 ex
991 1161 1120 1199 mea
1141 1144 1312 1217 culpa
1333 1144 1734 1217 patior,ideo,o
1757 1145 2100 1201 «Domine.»

453 1233 538 1288 illi
561 1256 588 1282 «
614 1231 714 1305 qui
739 1236 1076 1305 exspectant
1107 1237 1180 1299 te,
1207 1255 1233 1282 ››
1258 1233 1316 1288 id
1339 1238 1427 1289 est
1448 1233 1531 1288 illi
1552 1234 1650 1306 qui
1687 1235 2022 1289 detinentur
2042 1235 2100 1289 in

453 1322 816 1394 inferno,qui
847 1326 1185 1394 exspectant
1214 1323 1380 1378 educi
1413 1338 1515 1394 per
1546 1339 1637 1378 me
1669 1346 1696 1372 «
1723 1339 1835 1378 non
1859 1324 2100 1380 erubes-

452 1416 607 1478 cant,
629 1433 657 1461 »
685 1411 744 1467 id
777 1415 865 1467 est
894 1427 1010 1466 non
1036 1410 1391 1467 frustrentur
1419 1435 1447 1461 «
1471 1411 1530 1466 in
1554 1428 1646 1467 me
1669 1435 1697 1460 ››
1723 1412 1824 1467 sed
1846 1413 2103 1468 habeant

450 1500 856 1556 liberationem
889 1501 947 1556 in
981 1518 1289 1573 me,quam
1316 1503 1744 1573 exspectant,et
1778 1499 2098 1568 obtineant,

451 1595 513 1647 tu
546 1590 676 1645 dico
707 1613 735 1641 «
769 1591 925 1646 Deus
954 1590 1262 1655 virtutum,
1293 1613 1320 1639 ››
1357 1590 1415 1645 id
1445 1595 1535 1646 est
1565 1590 1928 1663 angelorum,
1961 1590 2102 1663 quia

450 1684 674 1736 certum
707 1684 796 1735 est
825 1680 981 1751 quod
1013 1680 1160 1735 bene
1189 1679 1403 1751 poteris
1437 1681 1643 1736 facere.

2214 520 2474 587 licium,»
2497 521 3041 588 scilicet,tristitiam
3065 521 3314 588 ostendi,
3342 523 3560 580 faciens
3581 541 3672 580 me
3694 524 3848 580 simi-

2214 609 2328 665 lem
2359 610 2476 666 illis
2508 611 2605 684 qui
2651 611 2978 667 vestiuntur
3021 611 3230 677 cilicio,
3260 612 3500 678 scilicet,
3527 613 3850 685 pmnitenti-

2215 701 2347 756 bus.
2382 701 2693 772 Nunquam
2727 707 2920 756 tamen
2971 700 3184 773 legitur
3232 701 3628 766 historialiter,
3672 703 3850 759 cilicio

2218 790 2528 845 Dominum
2555 790 2734 846 fuisse
2757 791 3051 856 indutum,
3073 792 3170 846 sed
3199 792 3507 863 semperin
3537 790 3776 847 tristitia
3795 811 3850 848 se

2213 879 2440 945 habuit,
2475 884 2532 934 et
2566 897 2868 951 nunquam
2901 880 3048 946 risit,
3081 904 3107 928 ‹‹
3143 884 3201 935 et
3229 880 3418 935 factus
3462 897 3595 935 sum
3636 880 3754 936 illis
3797 882 3847 936 in

2213 969 2574 1040 parabolam,
2601 992 2627 1019 ››
2651 969 2706 1022 id
2736 974 2843 1033 est,
2869 970 2938 1024 de
2969 987 3084 1041 quo
3109 973 3288 1025 totam
3315 969 3654 1041 parabolam
3690 988 3849 1026 suam

2214 1056 2488 1113 facerent.
2514 1057 2636 1124 Vel,
2663 1058 2718 1113 in
2745 1057 3175 1130 parabolam,id
3199 1062 3288 1113 est
3312 1059 3367 1112 in
3384 1058 3846 1122 similitudinem,

2212 1147 2349 1218 quia
2379 1164 2481 1219 per
2511 1147 2954 1204 similitudinem
2993 1146 3105 1202 mei
3127 1147 3260 1203 aliis
3286 1147 3733 1202 maledicebant.
3757 1148 3848 1204 Vel

2210 1235 2439 1291 loculus
2463 1238 2530 1296 in
2563 1237 2919 1309 parabolam,
2942 1237 3184 1302 scilicet,
3220 1254 3332 1291 non
3357 1236 3603 1307 loquens
3624 1236 3712 1292 eis
3741 1236 3853 1292 alta

2210 1325 2534 1380 secundum
2567 1324 2916 1397 sapientiam
2951 1342 3164 1390 meam,
3198 1325 3298 1380 sed
3333 1325 3392 1379 in
3446 1323 3849 1388 similitudine,

2211 1416 2274 1469 ut
2305 1413 2514 1470 melius
2547 1413 2958 1488 intelligerent.

2283 1503 2427 1558 Item
2457 1503 3050 1574 exsequitur,dicens,
3072 1503 3157 1558 illi
3191 1503 3364 1560 etiam
3392 1527 3418 1553 ‹‹
3445 1502 3543 1576 qui
3577 1504 3856 1560 sedebant

2207 1591 2268 1646 in
2295 1597 2528 1665 porta,»
2548 1591 2604 1648 id
2628 1598 2718 1649 est
2741 1593 2799 1648 in
2822 1593 3096 1666 compito,
3123 1593 3222 1649 ubi
3246 1593 3411 1648 multi
3436 1593 3856 1649 conveniebant

2209 1703 2238 1732 «
2261 1680 2651 1753 loquebantur
2679 1683 2986 1738 adversum
3018 1698 3132 1748 me,
3160 1704 3187 1732 »
3219 1681 3380 1738 etilli
3404 1706 3432 1732 α
3456 1682 3554 1755 qui
3579 1682 3856 1739 bibebant

520 1771 591 1826 Et
611 1771 784 1826 etiam
816 1768 900 1824 illi
923 1792 952 1819 ‹‹
977 1769 1074 1841 qui
1101 1774 1370 1842 quierunt
1393 1773 1469 1835 te,
1497 1792 1524 1819 η
1548 1768 1606 1826 id
1630 1773 1738 1836 est,
1762 1768 2100 1842 intelligunt
2131 1799 2180 1864 Β
2207 1771 2431 1837 vinum,
2459 1793 2487 1821 η
2519 1771 2577 1826 id
2609 1775 2698 1827 est
2725 1771 2972 1828 convivae
2994 1771 3587 1844 quicunque,scilicct
3606 1773 3855 1844 quicun-

447 1864 506 1916 te
538 1876 666 1916 esse
694 1858 754 1914 in
805 1875 919 1923 me,
953 1858 1036 1914 illi
1087 1859 1218 1915 dico
1245 1881 1274 1910 α
1308 1857 1505 1925 Israel,
1540 1880 1568 1907 κ
1601 1859 1657 1914 id
1698 1863 1806 1925 est,
1835 1858 2100 1914 videntes
2132 1857 2175 1864 ”
2209 1876 2320 1933 que
2352 1860 2410 1916 in
2439 1860 2531 1916 his
2561 1860 2938 1917 saacularibus
2979 1859 3351 1930 delectantes,
3376 1884 3404 1911 ‹‹
3437 1860 3772 1935 psallebant
3800 1862 3854 1918 in

448 1949 654 2013 Deum,
671 1949 808 2020 quia
829 1948 942 2003 nisi
973 1952 1172 2003 essent
1199 1947 1464 2004 videntes
1488 1947 1694 2012 Deum,
1719 1947 1951 2004 credere
1982 1963 2098 2003 non

447 2042 706 2111 possent,
721 2037 876 2108 quod
900 2035 1051 2091 Deus
1079 2039 1232 2091 esset
1251 2034 1312 2092 in
1343 2039 1462 2090 tam
1486 2034 1700 2092 aiilioto
1731 2034 1988 2101 homine.
2012 2033 2096 2091 illi

445 2125 594 2181 tales
615 2147 644 2174 «
659 2139 774 2178 non
794 2123 1288 2188 confundantur,»
1302 2123 1358 2178 id
1373 2127 1462 2179 est
1478 2139 1580 2195 pro
1603 2123 1692 2179 sui
1721 2123 2098 2180 frustratione

447 2210 677 2268 confusi
708 2228 822 2266 non
856 2209 974 2266 sint
1005 2233 1034 2262 «
1066 2227 1243 2282 super
1272 2227 1385 2277 me,
1423 2233 1450 2261 η
1484 2211 1542 2266 id
1564 2215 1653 2268 est
1682 2211 1753 2268 de
1784 2226 1897 2268 me.

519 2299 658 2354 Dico
679 2315 795 2354 non
817 2298 1271 2364 confundantur,
1295 2315 1400 2354 nec
1423 2299 1637 2354 debent
1651 2299 2097 2372 confundi,qu0-

448 2387 606 2445 niam
629 2386 826 2460 passio
857 2404 987 2443 mea
1018 2385 1198 2459 digna
1223 2391 1330 2453 est,
1354 2403 1470 2459 qua
1500 2387 1884 2455 redimantur,
1900 2392 1956 2444 et
1985 2389 2095 2444 hoc

447 2481 536 2535 est
559 2493 571 2533 :
601 2500 630 2528 ‹‹
654 2474 930 2549 quoniam
953 2477 1188 2548 propter
1207 2478 1264 2532 te
1293 2475 1551 2533 sustinui
1572 2476 2008 2548 opprobrium,»
2031 2482 2097 2533 ut

446 2583 582 2623 cum
614 2565 872 2622 dicerent
906 2582 916 2621 :
952 2587 980 2615 ‹‹
1015 2563 1380 2620 Πωωοῐιὶωῑι
1412 2564 1594 2621 habes
1624 2563 1798 2637 (Joan.
1833 2565 1954 2638 vn),
1981 2588 2008 2614 ››
2039 2569 2097 2621 et

449 2655 687 2721 similia,
719 2658 777 2710 et
805 2653 982 2710 etiam
1013 2678 1040 2704 α
1075 2653 1340 2711 confusio
1376 2676 1402 2703 »
1436 2655 1590 2710 facta
1620 2654 1690 2709 de
1730 2653 1993 2728 colaphis
2041 2658 2098 2711 et

447 2743 641 2818 sputis
657 2767 684 2794 «
711 2743 939 2817 operuit
955 2743 1162 2799 faciem
1188 2759 1444 2809 meam,»
1471 2743 1528 2799 id
1559 2746 1646 2800 est
1667 2758 1734 2799 ex
1755 2744 1910 2799 omni
1937 2749 2098 2816 parte

447 2833 834 2890 circumdedit
863 2847 955 2889 me
987 2849 1000 2888 :
1033 2831 1212 2888 veluti
1244 2848 1379 2888 cum
1428 2832 1690 2888 dicerent
1720 2848 1732 2887 :
1760 2832 2100 2905 PrOphetiza

446 2923 638 2989 nobis,
662 2921 912 2989 Christe,
935 2922 1068 2995 quis
1097 2926 1156 2978 te
1184 2920 1514 2995 percussit?
1543 2919 1747 2992 (Matth.
1779 2939 1938 2990 xxvx;
1964 2923 2093 2978 Luc.

444 3031 587 3081 xm;
618 3013 782 3069 Marc.
815 3011 991 3084 xxxv.)

517 3101 867 3172 Exsequitur
904 3099 1275 3172 passionem:
1303 3124 1329 3150 ‹‹
1355 3101 1679 3155 Extraneus
1722 3099 1911 3156 factus
1961 3117 2092 3155 sum

446 3187 724 3243 fratribus
741 3187 908 3252 meis,
932 3209 959 3235 »
980 3186 1038 3242 id
1060 3186 1438 3259 est,cognatis
1460 3189 1783 3242 secundum
1810 3204 2045 3243 carnem
2075 3204 2087 3242 :
2122 3167 2166 3234 C

445 3299 474 3326 ‹‹
499 3279 556 3330 et
578 3296 604 3324 η
622 3274 798 3331 etiam
817 3297 845 3324 ‹‹
871 3274 1008 3330 filiis
1031 3274 1237 3330 matris
1259 3291 1455 3340 meae,»
1479 3275 1537 3330 id
1555 3280 1975 3350 est,synagogaa
1994 3277 2092 3349 qui

446 3379 676 3419 mecum
698 3362 756 3418 in
780 3379 1078 3436 synagoga
1097 3362 1284 3435 legem
1307 3363 1702 3428 audierunt,in
1722 3381 1838 3436 qua
1855 3371 2094 3436 possent

445 3466 795 3524 cognoscere
819 3467 912 3506 me
933 3467 1059 3507 esse
1081 3451 1442 3523 promissum
1469 3452 1933 3524 Redemptorem,
1958 3472 2090 3509 sum

445 3541 636 3596 factus
665 3563 693 3590 «
718 3538 1060 3613 peregrinus
1085 3561 1112 3589 »
1145 3539 1312 3612 quasi
1341 3539 1600 3613 ignotus,
1626 3541 1792 3613 quasi
1822 3560 1934 3597 non
1959 3561 2091 3615 pos-

445 3645 569 3686 sem
601 3629 814 3685 morari
839 3629 993 3701 apud
1028 3628 1278 3694 eos,nisi
1306 3646 1424 3684 una
1447 3632 1613 3685 nocte
1650 3632 2094 3703 tantum.Syna-

442 3733 594 3791 goga
623 3717 840 3773 dicitur
870 3721 1058 3773 mater
1075 3716 1432 3782 Judmorum,
1449 3717 1588 3790 quia
1607 3719 1910 3791 praceptis
1937 3725 2089 3776 vete-

443 3807 524 3864 ris
555 3807 700 3881 legis
729 3807 1007 3880 pascebat
1037 3822 1156 3862 eos.

513 3897 583 3952 Et
610 3895 740 3951 ideo
779 3896 971 3952 factus
1001 3911 1134 3951 sum
1165 3896 1528 3968 peregrinus,
1562 3919 1588 3945 «
1622 3898 1898 3969 quoniam
1932 3899 2092 3956 zelus

442 3985 658 4038 domus
687 3988 800 4038 tuas
836 4006 864 4033 »
895 4001 928 4039 a
958 4001 1076 4056 qua
1102 3985 1386 4055 ejeceram
1417 3985 1735 4042 vendentes
1757 3991 1814 4042 et
1832 3992 2092 4044 ementes

442 4070 646 4142 (Matth.
682 4088 772 4126 xxx
802 4089 814 4139 ;
852 4073 978 4126 Luc.
1013 4073 1148 4140 xxx),
1183 4096 1210 4123 «
1245 4073 1498 4130 comedit
1530 4092 1642 4140 me,
1669 4097 1697 4124 »
1731 4075 1788 4130 id
1819 4077 2094 4143 est,ussit

443 4175 537 4214 me
563 4157 831 4225 interius,
853 4163 912 4214 et
931 4158 1025 4214 hic
1056 4163 1294 4216 notatur
1333 4161 1590 4217 maxima
1615 4165 1840 4220 affectio
1879 4165 2088 4238 ipsius,

442 4247 582 4318 quia
608 4247 732 4318 ipse
753 4247 925 4318 ejecit
953 4251 1145 4310 eos,et
1173 4248 1459 4320 indignati
1505 4266 1643 4321 erga
1681 4267 1838 4319 eum,
1864 4255 2091 4310 machi-

443 4335 564 4391 nati
625 4338 765 4390 sunt
808 4334 860 4391 ei
910 4339 1180 4402 mortem,
1212 4359 1238 4385 α
1272 4341 1329 4391 et
1377 4337 1688 4409 opprobria
1718 4361 1744 4387 η
1777 4357 1979 4397 eorum
2029 4344 2088 4398 in

443 4425 672 4480 deserto
732 4427 786 4480 to
839 4422 1191 4479 tentantium
1245 4423 1427 4495 (Marc.
1462 4442 1508 4492 ις
1541 4427 1696 4481 Joan.
1728 4431 1790 4495 ιι)
1830 4433 1887 4484 et
1937 4431 2092 4488 idola

2207 1965 2322 2016 me,
2360 1971 2386 1999 η
2414 1949 2470 2005 id
2503 1953 2591 2006 est
2615 1950 2961 2006 deridebant
2991 1966 3103 2006 me.

2278 2061 2306 2088 α
2331 2039 2450 2112 Ego
2470 2053 2602 2096 vero
2625 2039 2947 2096 orationem
2971 2054 3182 2096 meam.
3200 2059 3228 2089 η
3253 2040 3390 2096 Pars
3409 2043 3638 2114 quarta,
3654 2039 3715 2096 in
3737 2057 3858 2114 qua

2205 2125 2474 2183 Christus
2521 2127 2798 2195 ostendit,
2823 2127 3113 2200 quomodo
3144 2127 3296 2184 inter
3339 2127 3746 2186 tribulationes
3800 2148 3858 2188 se

2204 2215 2495 2282 habuerit,
2515 2215 2738 2273 scilicet
2760 2217 2914 2290 quod
2945 2233 3048 2290 pro
3080 2235 3323 2274 suorum
3358 2217 3699 2275 liberatione
3724 2237 3857 2275 ora-

2202 2306 2303 2360 vit.
2329 2304 2699 2362 Continuatio
2733 2324 2746 2362 :
2782 2329 2811 2356 α
2846 2305 2935 2362 llli
2967 2305 3026 2362 in
3061 2323 3153 2363 me
3172 2306 3519 2378 psallebant,
3543 2330 3572 2358 ‹‹
3597 2324 3702 2380 ego
3718 2326 3858 2365 vero

2203 2393 2524 2450 orationem
2549 2410 2739 2450 meam
2763 2395 2944 2452 direxi
2966 2396 3038 2451 ad
3059 2395 3385 2460 te,Domine
3401 2418 3428 2445 η
3452 2395 3654 2453 dicens
3683 2414 3694 2452 :
3721 2413 3860 2452 ecce

2205 2505 2233 2533 «
2265 2485 2497 2555 tempus
2529 2482 2900 2555 beneplaciti,
2920 2489 3086 2540 Deus.
3119 2507 3146 2533 ι)
3181 2483 3531 2556 Beneplaciti
3559 2485 3710 2549 dico,
3734 2503 3858 2542 non

2204 2571 2262 2626 in
2290 2571 2515 2627 meritis
2563 2571 2892 2637 hominum,
2918 2574 3018 2628 sed
3051 2596 3077 2623 «
3113 2573 3173 2629 in
3205 2572 3582 2629 multitudine
3631 2574 3864 2631 miseri-

2205 2661 2412 2716 cordia:
2445 2665 2576 2726 tuae,
2614 2685 2640 2710 ››
2673 2667 2729 2716 et
2759 2663 2898 2734 quia
2935 2664 3083 2734 jam,
3110 2679 3141 2718 ο
3174 2662 3437 2730 Domine,
3461 2667 3695 2736 tempus
3741 2669 3860 2730 est,

2206 2749 2336 2805 ideo
2369 2774 2395 2799 «
2429 2749 2637 2806 exaudi
2683 2767 2776 2807 me
2814 2752 2873 2806 in
2904 2751 3147 2808 veritate
3186 2752 3396 2809 salutis
3424 2756 3557 2819 tua),
3595 2776 3620 2802 ››
3650 2753 3708 2808 id
3742 2761 3856 2821 est,

2205 2840 2398 2896 dando
2431 2839 2682 2896 salutem
2715 2841 2859 2897 mihi
2890 2845 2946 2897 et
2975 2841 3141 2911 meis,
3158 2845 3216 2898 et
3238 2858 3341 2914 per
3359 2842 3469 2898 hoc
3487 2858 3659 2899 verax
3681 2862 3857 2919 appa-

2206 2945 2333 2984 reas
2342 2970 2354 2984 .

2277 3041 2302 3068 ‹‹
2337 3019 2556 3074 Exaudi
2589 3042 2615 3068 »
2667 3020 2816 3085 dico,
2855 3019 3092 3086 scilicet,
3125 3043 3152 3068 «
3189 3018 3345 3091 eripe
3398 3036 3512 3086 me,
3549 3044 3577 3070 ››
3628 3021 3693 3076 id
3748 3027 3851 3090 est,

2205 3109 2465 3173 meos,de
2477 3108 2622 3171 luto,
2634 3131 2660 3157 ››
2674 3109 2729 3163 id
2745 3109 2915 3164 estde
2931 3112 3307 3181 peccato,non
3321 3109 3461 3182 quin
3479 3111 3589 3166 mei
3604 3115 3856 3186 tangant

2202 3195 2641 3268 illicitum,quia
2655 3196 2853 3253 nullus
2867 3201 3194 3270 potestesse
3212 3199 3338 3255 sine
3361 3203 3730 3272 peccato,sed
3748 3224 3776 3252 ‹‹
3792 3207 3854 3258 ut

2201 3301 2317 3340 non
2349 3284 2579 3358 infigar,
2608 3308 2634 3333 »
2665 3285 2723 3340 id
2755 3291 2845 3342 est
2875 3287 2988 3342 mei
3021 3304 3090 3342 ex
3122 3304 3183 3343 se
3209 3287 3462 3360 peccatis
3503 3305 3618 3344 non
3650 3291 3850 3346 adhae-

2200 3379 2450 3440 reant,et
2471 3392 2586 3431 non
2609 3379 2839 3431 tantum
2865 3381 2931 3431 ut
2952 3393 3067 3431 non
3088 3364 3412 3451 infigantur
3431 3377 3544 3434 mei
3563 3395 3634 3433 ex
3652 3380 3846 3446 se,sed

2201 3485 2230 3514 «
2265 3463 2448 3518 libera
2478 3486 2505 3513 »
2535 3464 2712 3520 etiam
2744 3488 2764 3514 α
2802 3481 2915 3531 me,
2953 3488 2979 3514 ››
3012 3466 3069 3520 id
3123 3471 3214 3521 est
3259 3483 3440 3531 meos,
3465 3491 3493 3516 ‹‹
3519 3468 3591 3522 ab
3621 3467 3722 3524 his
3757 3468 3850 3541 qui

2200 3553 2450 3608 oderunt
2481 3570 2638 3618 me,»
2671 3553 2726 3607 id
2761 3558 2869 3616 est,
2899 3572 2972 3609 ne
3001 3571 3102 3626 per
3133 3554 3546 3628 impulsionem
3597 3555 3851 3613 aliorum

2200 3641 2494 3696 ducantur
2515 3642 2572 3696 in
2591 3647 2916 3713 peccatum,
2941 3667 2968 3692 «
2996 3648 3054 3698 et
3083 3666 3110 3692 »
3142 3643 3326 3700 libera
3366 3644 3540 3700 etiam
3567 3667 3596 3694 »
3618 3645 3692 3700 de
3718 3664 3856 3719 pro-

2200 3729 2400 3786 fundis
2422 3746 2768 3802 aquarum,»
2792 3730 2849 3785 id
2871 3736 2960 3787 est
2997 3749 3031 3787 a
3051 3731 3356 3804 profundis
3398 3733 3514 3788 illis
3557 3735 3857 3806 nequissi-

2201 3817 2452 3874 mis.Vel
2485 3818 2720 3875 «libera
2750 3836 2912 3875 meos
2944 3821 3014 3876 de
3045 3821 3353 3892 profundis
3382 3839 3700 3894 aquarum,
3741 3847 3768 3873 ιι
3801 3823 3856 3879 id

2199 3911 2289 3962 est
2309 3907 2381 3962 de
2410 3906 2819 3979 prosperitate,
2843 3908 2903 3962 in
2935 3925 3053 3981 qua
3079 3915 3170 3966 est
3199 3910 3386 3968 facilis
3412 3911 3634 3984 lapsus.

2271 3996 2357 4050 Ita
2387 3993 2610 4050 scilicet
2637 3993 2973 4060 1ibera,non
2996 3998 3152 4069 quod
3187 4016 3301 4055 non
3334 3999 3590 4055 habeant
3607 4000 3860 4060 tribulal

2198 4083 2408 4150 tiones,
2440 4083 2542 4139 sed
2575 4102 2646 4139 ne
2679 4085 3118 4158 demergantur,
3151 4090 3210 4142 et
3237 4087 3347 4144 hoc
3376 4089 3522 4144 dicit
3542 4111 3570 4138 ‹‹
3597 4106 3718 4144 non
3759 4091 3855 4145 de-

2200 4176 2427 4246 mergat
2449 4189 2541 4228 me
2573 4175 2892 4244 tempestas
2921 4191 3108 4246 aquas,
3142 4198 3170 4224 ››
3206 4175 3262 4230 id
3293 4181 3384 4232 est
3407 4177 3728 4233 commotio
3749 4196 3856 4250 po-

2200 4259 2324 4332 puli
2352 4261 2410 4316 in
2435 4265 2739 4333 peccatum
2761 4263 3048 4329 ducendo,
3063 4267 3119 4318 et
3141 4263 3190 4319 si
3211 4264 3527 4336 aliquando
3550 4266 3858 4341 demergal.

2199 4348 2397 4421 aliqua
2426 4353 2763 4422 tempestas,
2793 4367 2826 4406 o
2858 4349 3121 4418 Domine,
3147 4352 3444 4424 deprecor,
3465 4355 3529 4409 ut
3560 4378 3588 4404 «
3613 4357 3857 4427 profun-

2202 4438 2344 4492 dum
2375 4456 2489 4493 non
2513 4439 2820 4495 absorbent
2836 4456 2987 4504 me,»
3008 4439 3067 4495 id
3089 4443 3179 4497 est
3199 4441 3313 4498 mei
3345 4459 3460 4500 non
3483 4443 3857 4499 deducantur

441 4511 779 4578 colentium,
810 4515 868 4568 et
896 4511 1005 4567 hoc
1036 4514 1126 4566 est
1157 4529 1169 4566 :
1205 4535 1232 4560 ‹‹
1263 4513 1741 4583 exprobrantium
1773 4515 1878 4570 tibi
1916 4540 1941 4564 υ
1970 4518 2089 4588 illa,
2126 4533 2169 4596 ι)
2203 4527 2261 4581 in
2294 4526 2782 4599 desperationem.
2807 4527 2970 4584 Unde
2992 4529 3207 4584 dicitur
3229 4547 3242 4585 ι
3267 4531 3736 4588 «Peccatorcum
3760 4550 3854 4588 ve-

442 4603 706 4673 inquam,
740 4600 1054 4673 opprobria
1085 4623 1112 4650 ‹‹
1147 4601 1482 4656 ceciderunt
1512 4618 1688 4673 super
1735 4619 1826 4660 me
1862 4628 1889 4654 ››
1920 4611 2088 4678 quasi

441 4706 614 4761 grave
645 4690 895 4760 pondus.

512 4777 582 4832 Et
612 4781 752 4832 tunc
782 4792 887 4850 ego
908 4793 1000 4833 me
1031 4794 1168 4850 erga
1195 4795 1294 4834 eos
1327 4779 1540 4833 iratum
1573 4796 1689 4835 non
1711 4783 1961 4850 ostendi,
1986 4788 2088 4842 sed

441 4889 470 4915 ‹‹
505 4865 704 4939 operui
738 4864 997 4920 animam
1018 4883 1230 4933 meam,
1253 4889 1280 4914 ››
1307 4865 1365 4921 id
1388 4871 1478 4923 est
1491 4867 1850 4926 voluntatem
1873 4890 2087 4943 meam,

441 4977 470 5004 ‹‹
503 4953 563 5008 in
588 4953 837 5026 jejunio,
868 4975 894 5002 »
928 4954 986 5008 id
1015 4958 1106 5008 est
1134 4971 1270 5009 cum
1300 4971 1489 5011 essem
1514 4957 1756 5028 jejunus
1773 4961 1847 5015 ab
1872 4961 2006 5030 illis,
2032 4963 2088 5019 id

441 5047 531 5099 est
560 5059 693 5098 cum
730 5059 844 5098 non
877 5059 1110 5114 possem
1147 5043 1290 5100 mihi
1324 5044 1694 5116 incorporare
1741 5048 1970 5121 aliquos
2002 5069 2092 5109 eo-

444 5149 596 5186 rum.
622 5131 784 5187 Unde
806 5147 1020 5204 supra:
1048 5156 1074 5181 ‹‹
1102 5131 1496 5188 Humiliabam
1515 5134 1812 5207 injejunio
1831 5140 2087 5196 animam

441 5221 613 5288 (Psal.
636 5221 846 5292 xxxnv),
881 5243 910 5270 ››
941 5226 997 5275 et
1027 5222 1181 5293 quod
1229 5238 1328 5277 eos
1373 5221 1451 5276 ita
1495 5223 1782 5293 patienter
1811 5229 2086 5295 sustinui,

444 5309 597 5379 quod
630 5325 720 5364 me
749 5309 834 5365 sic
864 5309 1086 5381 operui,
1122 5333 1150 5359 ‹‹
1186 5310 1401 5366 factum
1437 5315 1528 5366 est
1578 5313 1722 5367 mihi
1773 5314 1831 5370 in
1879 5335 2087 5388 oppro-

445 5397 637 5450 brium
660 5419 686 5445 »
711 5399 868 5468 quia,
894 5404 1111 5470 quanto
1134 5416 1292 5454 eram
1321 5401 1475 5471 apud
1500 5417 1597 5455 eos
1622 5401 2086 5470 humilior-,tanto

445 5484 531 5541 eis
551 5501 708 5540 eram
739 5485 925 5541 vilior.

517 5574 862 5644 Exsequitur
882 5575 1234 5648 passionem.
1260 5576 1628 5633 Continuatio
1655 5596 1666 5632 :
1694 5579 1904 5650 Operui
1932 5583 2087 5656 jeju-

2199 4615 2351 4671 nerit
2369 4615 2428 4670 in
2449 4615 2905 4687 profunditatem
2928 4616 3201 4674 vitiorum
3222 4624 3612 4685 contemnet,»
3630 4625 3688 4676 et
3703 4645 3735 4670 ‹‹
3755 4638 3854 4693 pu-

2197 4706 2383 4770 teus,«
2401 4703 2458 4759 id
2475 4708 2564 4759 est
2583 4704 2952 4776 profunditas
2975 4705 3244 4778 nequitia)
3265 4707 3446 4779 hujus
3467 4709 3671 4765 mundi
3688 4733 3720 4757 «
3738 4727 3856 4766 non

2199 4798 2403 4864 urgeat
2421 4809 2674 4849 ossuum
2687 4810 2866 4866 super
2883 4810 3036 4861 me,»
3049 4795 3210 4851 idest
3230 4813 3346 4851 non
3359 4797 3653 4854 deducant
3666 4814 3856 4863 meos,

2199 4881 2339 4952 quin
2354 4881 2706 4952 quandoque
2726 4882 2955 4954 possint
2969 4899 3284 4957 emergere,
3299 4885 3476 4942 etiam
3493 4886 3564 4941 de
3584 4887 3859 4959 despera-

2199 4969 2378 5035 tione,
2393 4968 2502 5024 hoc
2521 4969 2737 5024 dicitur
2757 4988 2790 5025 a
2806 4970 3191 5029 similitudine
3215 4973 3478 5030 cadentis
3503 4973 3562 5028 in
3582 4979 3857 5045 puteum,

2199 5057 2299 5128 qui
2332 5057 2380 5112 si
2413 5075 2477 5113 os
2509 5057 2667 5129 putei
2698 5058 3026 5127 claudatur,
3051 5078 3165 5116 non
3191 5066 3382 5133 potest
3415 5061 3632 5135 egredi.

2269 5144 2406 5200 Dico
2432 5161 2589 5201 «non
2611 5152 2870 5219 urgeat,»
2889 5149 2988 5203 sed
3018 5150 3211 5221 potius
3231 5151 3483 5207 «exaudi
3508 5167 3659 5218 me,»
3681 5151 3743 5205 id
3767 5155 3859 5206 est

2199 5251 2382 5302 meos,
2416 5259 2442 5284 ‹‹
2476 5235 2741 5302 Domine,
2773 5259 2799 5286 ››
2834 5241 2892 5292 et
2929 5255 3170 5294 securus
3199 5257 3330 5295 sum
3352 5241 3508 5312 quod
3548 5240 3857 5306 exaudics,

2199 5323 2521 5395 «quoniam
2539 5325 2937 5380 misericordia
2951 5330 3052 5381 tua
3064 5327 3316 5399 benigna
3332 5332 3439 5394 est,
3450 5352 3476 5377 ››
3491 5329 3548 5384 id
3561 5333 3651 5385 est
3663 5328 3857 5400 larga.

2199 5412 2337 5484 quia
2369 5413 2594 5468 nullum
2615 5414 2868 5485 despicis
2909 5415 3260 5472 clamantem
3284 5419 3356 5472 ad
3379 5421 3433 5473 te
3457 5435 3470 5473 :
3502 5441 3522 5467 α
3548 5421 3606 5473 et
3625 5419 3863 5489 respice

2198 5499 2258 5556 in
2289 5520 2382 5557 me
2413 5503 2737 5558 secundum
2772 5503 3209 5560 multitudinem
3242 5507 3684 5563 miserationum
3715 5510 3861 5560 tua-

2199 5607 2331 5647 rum
2352 5615 2378 5639 ‹‹
2405 5608 2551 5663 quas
2566 5591 2880 5648 exhibuisti
2911 5595 3178 5665 patribus
3201 5595 3459 5668 antiquis
3473 5595 3627 5652 sicut
3643 5594 3864 5652 Daniel
