4048 6180
438 342 558 407 42Ἷ

826 341 1236 405 HAYMONIS
1271 335 1821 402 HALBERSTA'I‘.
1855 327 2100 396 uerso.
2133 326 2309 394 opp.
2347 335 2574 402 PARS.
2607 338 2657 401 1.
2689 375 2768 386 —
2795 305 3204 404 COMMENT.
3237 294 3440 405 siet.

3735 336 3850 402 428

510 478 674 550 «Ego
695 493 828 533 sum
848 473 1270 549 pauper.»Pars
1293 445 1516 544 quinta.
1539 469 1933 527 Continuatio.
1956 465 2077 524 Illis
2102 465 2163 532 Α
2191 466 2520 539 phetarum,
2555 496 2582 523 ‹‹
2598 475 2924 546 possidebit
2955 491 3082 532 eam
3111 498 3140 526 »
3171 475 3398 543 Sion,et
3426 473 3689 532 ostendit
3705 491 3851 548 quos

441 565 524 622 ita
542 565 862 637 contingat,
878 578 983 636 ego
1006 563 1204 618 autem
1226 561 1396 617 aliter
1417 577 1644 618 mereor
1664 561 1737 615 ad
1761 577 1910 632 opus
1941 575 2093 612 meo-

441 669 593 722 rum,
615 652 754 725 quia
785 674 814 702 ‹‹
847 665 952 724 ego
983 665 1117 706 sum
1148 665 1372 724 pauper
1403 672 1431 699 »
1464 665 1568 722 pro
1597 648 1684 705 eis
1705 647 1890 721 justis
1919 663 2091 702 mun-

439 740 807 798 danis.Unde
833 738 1148 811 Apostolus
1173 755 1185 795 :
1221 763 1246 789 «
1272 739 1540 796 Christus
1571 754 1705 794 cum
1735 735 1896 792 dives
1915 737 2090 806 esset,

435 845 659 904 pauper
703 845 808 902 pro
859 828 1030 884 nobis
1077 828 1270 885 factus
1321 831 1412 884 est
1458 827 1531 898 (II
1559 826 1680 882 Cor.
1713 824 1873 897 vni):
1905 847 1932 874 »
1975 846 2003 873 «
2036 827 2096 878 et

435 917 612 975 etiam
651 931 786 976 sum
835 915 1042 973 dolens
1072 939 1102 967 »
1134 917 1207 973 de
1235 915 1616 972 excascatione
1645 912 1888 970 humani
1917 927 2090 985 gene-

437 1007 602 1078 ris,et
622 1023 727 1080 per
744 1007 856 1063 hoc
884 1006 1347 1079 promerebatur,
1367 1012 1434 1060 ut
1461 1003 1555 1060 sui
1587 1002 1970 1068 salvarentur,
1986 999 2088 1056 sed

437 1101 698 1166 tamen,o
723 1119 752 1146 «
774 1094 952 1167 Deus,
977 1093 1139 1151 salus
1160 1099 1316 1162 tua,»
1337 1093 1396 1148 id
1417 1097 1508 1150 est
1528 1091 1708 1149 Filius
1729 1094 1888 1158 tuus,
1913 1114 1940 1139 ‹‹
1966 1106 2092 1144 sus-

437 1185 594 1260 cepit
614 1201 708 1240 me
735 1207 764 1235 ››
799 1200 988 1256 usque
1011 1183 1082 1238 ad
1107 1181 1534 1238 confessionem
1557 1180 1658 1236 Dei
1682 1179 1890 1245 Patris,
1912 1182 1968 1233 et
1989 1195 2091 1250 per

437 1275 548 1332 hoc
573 1271 832 1330 ostendit
858 1271 1180 1346 potentiam
1212 1287 1328 1344 qua
1358 1269 1546 1344 possit
1574 1267 1798 1326 salvere
1820 1284 1980 1323 suos.

515 1364 588 1421 Et
607 1361 745 1436 quia
766 1384 795 1412 ‹‹
818 1360 980 1418 salus
1011 1364 1114 1417 tua
1134 1376 1227 1416 me
1257 1359 1574 1432 suscepit,»
1594 1359 1724 1414 ideo
1749 1381 1770 1407 ι
1792 1355 2088 1413 laudabo»

436 1453 498 1510 in
528 1451 678 1509 meis
707 1475 737 1503 κ
770 1467 982 1508 nomen
1031 1450 1133 1507 Dei
1181 1465 1316 1506 cum
1366 1447 1616 1516 cantico,
1651 1469 1678 1496 »
1708 1446 1766 1501 id
1817 1449 1908 1502 est
1949 1459 2086 1500 cum

435 1539 880 1612 exsultatione,«
894 1537 1026 1596 etin
1044 1537 1218 1595 laude
1237 1561 1266 1588 »
1288 1537 1390 1594 illa
1410 1559 1438 1588 ‹‹
1463 1535 1852 1610 magnificabo
1873 1549 2029 1602 eum,
2056 1556 2085 1584 »

433 1632 496 1689 id
524 1634 634 1701 est,
653 1644 935 1704 magnum
967 1631 1024 1684 et
1053 1627 1512 1702 omnipotentem
1539 1623 1940 1700 praedicabunt
1970 1621 2086 1679 mei

433 1735 591 1780 eum.

2201 575 2399 614 semen
2427 566 2608 628 vocet,
2641 563 2725 619 sic
2760 581 2772 620 :
2813 585 2834 612 α
2867 564 2966 637 qui
2998 563 3254 638 diligunt
3284 582 3496 621 nomen
3543 565 3698 636 ejus,
3736 587 3764 614 »
3796 564 3850 620 id

2201 652 2290 704 est
2319 649 2443 718 Dei,
2476 673 2505 701 ‹‹
2538 651 2894 709 habitabunt
2921 653 2982 709 in
3014 669 3102 712 ea.

2683 795 2756 851 IN
2797 795 3146 852 PSALMUM
3187 795 3370 852 LXIX.

2201 899 2476 956 Trruws.
2508 905 2575 957 In
2603 902 2768 974 ﬁnem
2793 903 3039 974 psalmus
3065 901 3240 958 David
3277 902 3338 958 in
3385 905 3850 972 renwnwratione,

2473 988 2534 1030 eo
2565 973 2706 1046 quod
2733 973 2948 1030 salvum
2973 975 3106 1046 fecit
3130 989 3256 1031 eum
3284 975 3574 1032 Dominus.

2275 1115 2296 1143 ι
2323 1093 2478 1150 Deus
2500 1093 2560 1150 in
2599 1095 2957 1168 adjutorium
2989 1111 3210 1153 meum.
3239 1120 3260 1147 ι
3289 1096 3560 1154 Psalmus
3583 1097 3696 1156 iste
3727 1117 3853 1157 con-

2195 1181 2356 1238 venit
2383 1183 2584 1250 David,
2617 1183 2677 1239 id
2709 1188 2798 1242 est
2821 1185 2981 1241 omni
3023 1186 3210 1259 justo,
3241 1185 3382 1260 quia
3435 1186 3531 1244 hic
3589 1187 3853 1260 loquitur

2197 1269 2442 1343 quilibet
2462 1273 2963 1348 justus,psalmus
2992 1274 3122 1330 dico
3153 1273 3392 1332 habitus
3419 1275 3480 1332 in
3501 1294 3852 1337 rememora-

2196 1359 2581 1428 tione,habita
2601 1362 2670 1419 de
2687 1380 2754 1419 eo
2777 1364 2932 1436 quod
2964 1363 3191 1422 salvum
3213 1363 3349 1421 fecit
3367 1381 3508 1422 eum
3538 1366 3846 1426 Dominus.

2195 1447 2418 1506 Memor
2441 1451 2600 1507 enim
2631 1450 2968 1509 salvationis
2993 1457 3052 1509 et
3075 1453 3514 1522 beneﬁciorum,
3535 1472 3665 1528 qua:
3695 1455 3852 1514 Deus

2194 1537 2443 1594 contulit
2463 1540 2876 1608 mundo,sicut
2905 1541 2965 1596 in
2997 1540 3110 1598 alio
3141 1540 3370 1616 psalmo
3401 1549 3711 1601 ostensum
3742 1550 3852 1614 est,

2194 1643 2436 1684 securus
2455 1628 2600 1701 petit
2623 1627 2880 1696 liberari,
2903 1627 3039 1686 licet
3067 1629 3257 1687 multa
3287 1630 3442 1688 mala
3462 1647 3709 1706 urgean.
3737 1634 3855 1692 Ma-

2193 1715 2338 1772 teria
2369 1705 2460 1772 est
2489 1716 2736 1790 quilibet
2747 1719 3078 1791 justus,qui
3101 1717 3455 1792 loquitur.In
3475 1705 3672 1794 prima
3687 1726 3852 1796 parte

503 1811 576 1868 Et
602 1809 734 1868 laus
763 1807 866 1865 illa
895 1832 924 1859 «
956 1806 1212 1880 placebit
1239 1806 1354 1876 D,eo
1390 1829 1417 1854 »
1452 1821 1628 1877 super
1677 1800 2085 1901 omncdcgale
2112 1833 2162 1901 Β
2193 1804 2340 1878 petit
2385 1805 2622 1901 liberari
2673 1823 2706 1862 a
2755 1806 2928 1864 malis
2977 1807 3360 1874 instantibus,
3390 1813 3448 1866 et
3470 1809 3852 1868 inimicorum

433 1897 993 1968 saeriticium,ethoc
1007 1894 1263 1952 ostendit
1278 1911 1381 1968 per
1396 1898 1622 1968 partem
1635 1891 2079 1958 sacriﬁciorum,

433 2005 571 2046 cum
595 1987 793 2056 dicit,«
808 2001 986 2059 super
1011 1982 1264 2041 vitulum
1294 1981 1588 2039 novellum
1621 1999 1840 2038 cornua
1868 1979 2082 2053 produ-

433 2080 662 2134 centem
692 2079 752 2132 et
780 2071 1055 2146 ungulas.
1074 2095 1102 2122 »
1130 2070 1422 2142 Allegoria
1449 2069 1626 2141 hujus
1658 2069 1794 2125 talis
1821 2072 1929 2137 est,
1951 2067 2086 2124 licet

433 2165 532 2222 hic
545 2179 660 2221 non
670 2159 1226 2220 habeatlocum.Per
1243 2159 1492 2214 vitulum
1512 2157 1679 2213 illum
1700 2155 2084 2229 intelligimus

431 2251 720 2329 pupulum
730 2251 1478 2321 innovatum,per«cornua,
1488 2245 1887 2302 iimunimenta
1897 2243 2085 2301 Eccle-

431 2339 780 2414 sies,quibus
806 2336 938 2412 ipsa
967 2337 1267 2394 mundana
1295 2335 1417 2392 haec
1433 2335 1916 2404 contemnit,cum
1941 2334 2084 2391 dicit

431 2455 462 2484 α
494 2430 936 2506 producentem,
962 2450 991 2478 »
1021 2425 1318 2500 signiﬁcat
1345 2429 1580 2484 sanctos
1608 2424 1670 2481 in
1699 2423 2082 2482 munimentis

430 2533 664 2592 semper
690 2517 1022 2592 procedere,
1054 2515 1115 2572 id
1145 2519 1254 2584 est,
1286 2531 1567 2571 crescere.

500 2605 664 2677 Dico,
691 2621 820 2680 qum
850 2628 878 2656 α
911 2603 1164 2678 placebit
1190 2602 1305 2660 Deo
1338 2620 1516 2677 super
1545 2601 1852 2673 vitulum,»
1883 2605 1939 2658 et
1968 2603 2079 2660 hoc

427 2695 718 2764 videant,»
749 2694 808 2750 id
839 2692 1287 2766 est,intelligant
1317 2717 1346 2744 (ι
1380 2708 1710 2766 pauperes»
1741 2691 1842 2766 qui
1869 2693 1940 2748 de
1963 2691 2078 2749 illis

427 2783 788 2844 animalibus
818 2799 933 2840 non
963 2784 1233 2856 poterant
1261 2779 1550 2838 sacrificia
1594 2781 1802 2850 facere,
1834 2804 1862 2832 «
1896 2785 1953 2836 et
1979 2779 2076 2838 la:-

426 2877 660 2931 tentur:
681 2872 936 2932 scientes
966 2870 1140 2928 modo
1167 2870 1356 2944 magis
1387 2887 1559 2943 posse
1589 2869 1816 2943 placere
1836 2870 1952 2927 Deo
1975 2887 2079 2943 per

417 2961 934 3036 justitiam,quam
964 2959 1172 3018 divites
1201 2975 1305 3033 per
1330 2958 1544 3017 vitulos
1576 2976 1590 3015 :
1624 2962 1683 3016 et
1712 2959 1995 3016 convertit
2013 2975 2076 3018 se

424 3051 498 3110 ad
512 3051 673 3126 ipsos
685 3073 714 3102 κ
729 3064 1074 3124 pauperes,»
1087 3052 1318 3118 eto,vos
1345 3069 1368 3099 σ
1391 3064 1699 3122 pauperes,
1721 3071 1750 3098 »
1773 3047 1883 3105 hoc
1903 3047 2074 3105 intel-

424 3139 696 3214 ligentes,
729 3161 757 3191 ι(
785 3139 1027 3212 qumrite
1058 3138 1266 3207 Deum,
1300 3139 1358 3194 et
1402 3137 1552 3194 vivet
1593 3136 1792 3196 anima
1817 3141 2012 3196 vestra
2043 3161 2072 3190 »

422 3243 560 3287 vera
580 3227 720 3286 vita.

493 3317 566 3375 Et
583 3315 798 3376 debent
817 3340 846 3368 α
860 3333 1147 3392 pauperes
1163 3341 1185 3367 ι
1201 3315 1407 3385 letari,
1435 3339 1456 3367 α
1474 3316 1753 3390 quoniam
1781 3317 2076 3375 exaudivit

419 3423 708 3482 pauperes
730 3405 1100 3474 Dominus,et
1115 3405 1342 3464 vinctos
1365 3429 1388 3463 ι
1415 3404 1474 3461 in
1496 3405 1770 3479 peccatis,
1793 3423 1898 3479 per
1916 3408 2073 3480 quod

415 3495 756 3557 viderentur
791 3493 1142 3570 repudiandi
1173 3511 1208 3554 a
1235 3495 1375 3564 Deo,
1409 3517 1436 3546 ‹‹
1472 3511 1588 3552 non
1621 3495 1884 3568 despexit
1905 3521 1928 3550 ι
1966 3495 2073 3552 Do-

417 3584 654 3645 minus:
679 3607 709 3638 «
730 3585 957 3644 vinctos
981 3605 1010 3635 »
1037 3582 1166 3641 dico
1197 3606 1226 3636 «
1259 3599 1420 3651 suos,
1455 3606 1483 3635 »
1514 3583 1573 3639 id
1603 3587 1714 3652 est,
1747 3587 2072 3656 qumrentes

416 3692 574 3746 eum,
595 3679 654 3734 et
676 3673 946 3749 quamvis
967 3673 1088 3731 sint
1105 3672 1283 3731 vincti
1316 3673 1375 3728 in
1407 3671 1680 3746 peccatis,
1703 3675 1898 3729 tamen
1921 3673 2072 3746 aspi-

416 3768 551 3823 rant
568 3765 644 3822 ad
674 3780 831 3824 eum.

487 3878 517 3908 «
530 3855 824 3928 Pauperes
835 3853 1146 3922 exaudivit,
1166 3875 1192 3902 »
1211 3855 1270 3910 et
1281 3851 1458 3910 etiam
1471 3851 1692 3909 salvam
1714 3852 1885 3910 faciet
1906 3851 2066 3922 Sion,

415 3947 476 4002 et
505 3943 644 4016 quia
673 3959 767 4002 res
797 3959 1013 4016 magna
1041 3946 1168 4000 erat
1197 3959 1375 4014 quam
1405 3941 1652 4009 dicebat,
1686 3943 1972 4016 praeponit
1995 3943 2067 4000 de

414 4030 527 4088 hac
556 4045 618 4089 re
648 4030 966 4109 quamdam
996 4030 1556 4099 admonitionem,ut
1583 4031 1776 4088 omnis
1801 4037 2070 4090 creatura

415 4116 620 4176 laudet
665 4117 800 4176 inde
846 4117 1052 4187 Deum,
1103 4121 1160 4176 et
1207 4116 1315 4174 hoc
1365 4122 1502 4175 est:
1551 4117 1856 4177 «laudent
1897 4120 2066 4178 illum

410 4205 570 4284 .cwli,
602 4229 632 4258 »
666 4205 726 4264 id
766 4209 856 4264 est
903 4204 1187 4273 caelestes,
1219 4228 1249 4256 «
1283 4209 1340 4263 ct
1367 4209 1540 4273 terra,
1573 4223 1752 4276 mare,
1783 4213 1839 4265 et
1868 4210 2068 4267 omnia

415 4295 648 4371 reptilia
674 4295 735 4353 in
765 4295 873 4354 eis.
901 4317 931 4347 »
963 4295 1146 4353 Homo
1177 4293 1540 4352 rationabilis
1571 4301 1837 4354 creatura
1865 4297 2066 4355 laudet

413 4385 753 4453 Dominum,
787 4387 845 4443 et
873 4400 978 4458 per
1026 4382 1328 4441 hominem
1371 4383 1564 4442 omnis
1607 4390 1892 4455 creatura,
1926 4387 2064 4460 quia

411 4476 542 4551 ipsa
561 4473 894 4534 substantia
923 4471 1151 4530 homini
1182 4477 1272 4530 est
1299 4489 1682 4546 causa,quare
1712 4475 1834 4546 ipse
1864 4475 2063 4534 laudet

2193 1893 2651 1951 conversionem.
2668 1896 2732 1950 In
2747 1895 3006 1952 secunda
3017 1899 3200 1969 parte,
3225 1913 3354 1970 quas
3366 1896 3573 1972 incipit
3587 1915 3600 1954 :
3613 1899 3855 1956 «Exsul-

2193 1985 2395 2038 tentet
2429 1982 2715 2049 lzetentur,
2752 2005 2774 2034 ιι
2812 1983 2956 2058 petit
2987 1989 3202 2040 aeterna
3231 1986 3536 2054 beneficia,
3568 1991 3628 2044 et
3655 1989 3852 2046 reddit

2193 2087 2466 2127 securum
2497 2088 2559 2128 se
2590 2089 2724 2127 cum
2757 2071 2898 2128 dicit
2929 2089 2944 2129 :
2975 2073 3120 2128 Ecce
3151 2073 3306 2131 Deus
3337 2074 3578 2146 adjuvat
3605 2093 3722 2133 me.
3757 2077 3854 2134 In-

2193 2160 2386 2216 tendit
2407 2178 2514 2216 nos
2535 2177 2774 2217 securos
2791 2161 3032 2218 reddere
3053 2161 3126 2216 de
3145 2166 3360 2220 mteruo
3385 2163 3556 2232 bono,
3575 2166 3854 2238 quamvis

2194 2265 2509 2322 urgeamur
2526 2266 2634 2306 nos
2657 2247 2788 2306 istis
2809 2249 3080 2306 malis.Et
3097 2249 3277 2308 dicit:
3306 2273 3328 2302 ι
3354 2251 3508 2309 Deus
3531 2253 3794 2325 intende,
3821 2279 3846 2310 ι

2191 2337 2249 2392 id
2275 2337 2682 2404 est,intentum
2714 2341 2768 2394 te
2798 2339 3008 2412 praebe,
3037 2338 3388 2398 contemndo
3417 2341 3694 2414 gratiam,
3730 2366 3755 2394 ι
3787 2345 3853 2402 in

2189 2426 2282 2498 adj
2291 2425 2548 2482 utorium
2561 2443 2788 2484 meum:
2799 2429 2864 2484 ut
2877 2427 2948 2484 ad
2962 2428 3294 2500 superanda
3304 2429 3574 2502 urgentia
3585 2430 3746 2490 male.
3756 2449 3857 2491 me

2190 2515 2282 2588 adj
2293 2531 2592 2582 uvcs,cum
2615 2515 2778 2584 dicit,
2805 2538 2825 2566 ε
2843 2514 2904 2571 in
2925 2515 3287 2588 adjutorium
3309 2535 3509 2575 meum
3528 2518 3796 2588 intende,
3825 2543 3852 2573 ι

2188 2603 2447 2660 ostendit
2475 2621 2538 2660 se
2569 2603 2792 2678 aliquid
2822 2605 3050 2678 operari
3080 2621 3187 2678 per
3225 2606 3538 2664 arbitrium
3566 2607 3856 2678 liberum,

2187 2698 2246 2750 et
2256 2693 2401 2766 petit
2413 2693 2676 2750 divinum
2691 2691 2974 2750 auxilium
2987 2693 3060 2750 ad
3072 2696 3400 2767 cooperand
3409 2713 3530 2764 um,
3543 2697 3677 2754 dico
3704 2721 3729 2750 ι
3755 2699 3850 2756 in-

2187 2783 2380 2849 tende,
2412 2787 2469 2839 et
2497 2781 2711 2838 festina
2741 2783 2813 2839 ad
2846 2799 2940 2839 me
2971 2783 3393 2856 adjuvandum.
3427 2805 3448 2834 ι

2257 2871 2348 2928 Me
2375 2871 2694 2944 adjuvabit,
2727 2875 2786 2928 et
2815 2871 2924 2928 hoc
2946 2871 3208 2929 videntes
3241 2892 3264 2922 ι
3287 2873 3389 2946 qui
3421 2877 3697 2946 quaerunt
3728 2877 3860 2933 ani-

2184 2977 2344 3016 mam
2373 2977 2565 3017 meam
2581 2985 2603 3014 ι
2624 2965 2690 3016 ut
2708 2959 2919 3016 tollant
2939 2976 3068 3017 eam
3085 2977 3098 3016 :
3114 2966 3174 3018 et
3199 2961 3308 3018 hoc
3339 2964 3571 3036 proprie
3591 2971 3857 3037 possunt

2183 3050 2375 3107 dicere
2404 3053 2710 3123 martyres,
2739 3071 2763 3102 ι
2785 3049 3224 3106 confundantur
3247 3073 3268 3100 ι
3311 3051 3383 3108 de
3412 3053 3670 3125 peccatis
3695 3055 3853 3123 suis,

2188 3161 2211 3190 ι
2247 3143 2306 3196 et
2333 3133 2724 3206 revereantur,
2766 3161 2787 3189 ι
2821 3137 2879 3194 id
2911 3141 3021 3206 est,
3052 3137 3300 3196 timeant
3326 3144 3385 3196 te
3405 3139 3696 3212 judicem.

2253 3227 2326 3284 Et
2353 3243 2469 3284 non
2501 3225 2694 3283 solum
2722 3226 2784 3283 hi
2818 3250 2840 3278 ε
2860 3231 3133 3300 quaerunt
3161 3227 3422 3286 animam
3449 3245 3704 3298 meatu,-
3739 3232 3850 3288 sed

2183 3317 2360 3374 etiam
2379 3315 2443 3374 hi
2470 3337 2502 3368 ε
2535 3315 2636 3389 qui
2665 3314 2870 3372 volunt
2899 3315 3046 3372 mihi
3077 3314 3236 3373 mala
3265 3321 3605 3376 avertantur
3633 3323 3856 3378 retror-

2182 3423 2316 3464 sum
2351 3429 2373 3456 ι
2408 3424 2442 3462 a
2471 3405 2768 3479 proposito
2809 3423 2938 3474 suo,
2977 3429 3000 3457 α
3031 3409 3089 3464 ct
3135 3407 3506 3478 erubescant,
3542 3429 3564 3459 ι
3617 3407 3679 3465 id
3725 3414 3846 3477 est,

2181 3495 2443 3552 conversi
2463 3495 2719 3552 habeant
2744 3493 3213 3552 erubescentiam
3235 3493 3306 3553 de
3348 3494 3521 3554 malis
3543 3513 3675 3570 qua:
3697 3497 3856 3558 fece-

2178 3587 2337 3641 runt.

2249 3675 2320 3730 Et
2339 3673 2514 3730 etiam
2536 3672 2622 3728 illi
2642 3693 2673 3726 α
2697 3672 2798 3745 qui
2824 3671 3032 3731 dicunt
3063 3671 3230 3741 mihi,
3265 3697 3288 3728 ι
3327 3673 3385 3730 id
3416 3677 3508 3732 est
3530 3675 3604 3732 ad
3636 3692 3849 3734 meum

2177 3763 2452 3832 dedecus,
2491 3786 2511 3812 α
2547 3779 2713 3836 euge,
2737 3778 2944 3836 euge,»
2983 3762 3040 3819 id
3073 3766 3163 3820 cst
3192 3763 3359 3832 bene,
3389 3763 3557 3832 bene,
3591 3782 3736 3822 cum
3767 3767 3852 3824 vi-

2177 3853 2318 3908 dent
2361 3851 2558 3924 aliqua
2605 3851 2761 3908 mala
2809 3851 3058 3918 evenire,
3092 3851 3444 3910 insultantes
3473 3852 3546 3920 ei,
3581 3853 3797 3912 dicunt
3831 3871 3846 3912 :

2175 3943 2320 3998 Ecce
2339 3943 2582 4014 apparet
2603 3940 2758 4014 quod
2782 3958 2898 3998 non
2922 3941 3002 3998 sit
3021 3941 3234 4008 bonus,
3257 3940 3371 4014 ipsi
3400 3941 3550 3998 tales
3571 3964 3602 3992 «
3632 3944 3851 4000 erube-

2175 4035 2402 4087 scentes
2461 4032 2798 4086 avertantur
2854 4029 3077 4098 statim,
3117 4054 3139 4084 s
3175 4029 3234 4085 id
3263 4034 3356 4086 est
3384 4028 3510 4086 sine
3548 4047 3745 4100 mora,
3778 4036 3850 4090 ut

2174 4137 2375 4178 eorum
2417 4119 2716 4177 conversio
2767 4136 2883 4176 non
2933 4123 3212 4177 moretur.
3245 4118 3372 4188 Vel,
3413 4139 3435 4168 ι
3469 4119 3570 4192 qui
3604 4120 3846 4189 dicunt,

2179 4230 2201 4260 α
2217 4225 2384 4283 euge,
2408 4224 2574 4280 euge,
2599 4207 3193 4280 iiapplaudcntesillis
3205 4207 3476 4280 quimala
3489 4207 3744 4277 faciunt,
3777 4215 3846 4266 ut

2172 4299 2222 4356 si
2241 4297 2454 4371 aliquis
2472 4299 2737 4354 destruat
2753 4295 3069 4363 civitatem,
3093 4300 3152 4352 et
3170 4296 3369 4352 dicant
3388 4297 3441 4352 ei
3457 4313 3470 4352 :
3495 4295 3620 4353 Abi
3653 4314 3847 4370 quam

2171 4389 2318 4446 bene
2347 4387 2566 4444 factum
2597 4390 2706 4452 est,
2741 4386 2888 4442 bene
2920 4385 3180 4458 quidem.
3208 4384 3310 4442 Vel
3343 4385 3428 4442 eis
3458 4385 3558 4458 qui
3593 4385 3723 4444 haec
3757 4388 3847 4444 fa-

2169 4476 2334 4534 ciunt
2360 4475 2605 4544 mihi,ad
2627 4475 2912 4531 damnum
2935 4473 3302 4547 meum,quia
3322 4489 3526 4530 eorum
3543 4474 3852 4548 iniquitas

411 4565 748 4632 Dominum,
773 4563 928 4637 quod
951 4562 1067 4619 nisi
1090 4561 1264 4619 homo
1298 4561 1556 4620 saivatus
1582 4569 1756 4632 esset,
1776 4564 1938 4622 nulla
1969 4585 2062 4626 res
2087 4577 2138 4642 D
2169 4571 2258 4622 est
2286 4566 2568 4622 damnum
2600 4581 2816 4621 meum.

409 4653 678 4710 laudaret
703 4652 1043 4710 Dominum.

483 4741 616 4800 Ideo
640 4765 668 4793 «
683 4741 1227 4814 laudent,quoniam
1247 4741 1401 4797 Deus
1417 4741 1636 4798 salvam
1656 4743 2003 4815 faciet'Sion,
2031 4769 2054 4798 ιι

409 4830 468 4888 id
512 4834 621 4899 est,
655 4829 1306 4904 speculantesyscilicet
1352 4830 1690 4898 Ecclesium,
1743 4855 1770 4880 «
1804 4837 1921 4888 et»
1973 4834 2056 4890 illi

408 4919 616 4978 salvati
665 4937 782 4976 non
830 4924 1004 4977 erunt
1049 4919 1242 4992 pauci,
1279 4920 1378 4974 sed
1428 4937 1530 4992 per
1561 4921 1718 4994 ipsos
1757 4945 1778 4972 α
1815 4924 2060 4980 aediﬁca-

406 5010 631 5067 buntur
659 5008 942 5078 civitates,
963 5031 992 5059 »
1025 5009 1082 5064 id
1115 5012 1205 5065 est
1234 5007 1504 5064 Ecclesiae
1541 5033 1561 5060 ι
1597 5010 1781 5077 Judce,
1820 5037 1840 5062 ιι
1879 5013 1936 5068 id
1969 5019 2060 5071 est

405 5099 646 5168 Christi,
678 5098 778 5172 qui
809 5099 920 5155 fuit
949 5099 1021 5154 de
1053 5097 1210 5154 tribu
1239 5097 1414 5154 Juda.

475 5189 546 5245 Et
575 5189 654 5246 ibi
688 5211 715 5240 «
750 5188 1165 5244 inhabitabunt
1196 5211 1224 5238 »
1256 5187 1545 5252 homines,
1579 5206 1692 5244 non
1725 5190 1797 5245 ad
1828 5190 2052 5261 horam,

403 5278 509 5336 sed
541 5301 568 5328 ι(
587 5276 891 5351 acquirent
910 5294 1040 5334 eam
1061 5276 1398 5334 haereditate
1423 5299 1450 5325 »
1478 5280 1540 5332 ut
1570 5278 1908 5348 possideant
1924 5297 2052 5339 eam

403 5364 465 5420 in
494 5369 798 5422 aeternum.

476 5454 548 5510 Et
565 5469 681 5511 non
703 5471 820 5511 una
841 5455 1033 5512 solum
1055 5455 1349 5530 generatio
1361 5455 1658 5526 justorum
1681 5456 1972 5515 habitabit
1991 5461 2050 5516 in

406 5556 494 5610 ea,
515 5542 618 5597 sed
634 5558 738 5614 per
753 5559 958 5600 omnes
979 5544 1401 5612 successiones,
1429 5568 1456 5595 «
1482 5548 1538 5601 et
1559 5561 1817 5616 semen,»
1848 5548 1905 5604 id
1937 5555 2048 5620 est,

403 5645 686 5710 sequaces
703 5635 762 5688 et
783 5632 1105 5690 imitatores
1125 5649 1474 5701 «servorum
1497 5635 1645 5708 ejus,
1670 5659 1698 5686 »
1721 5637 1780 5693 id
1803 5643 2048 5714 est,pro-

2241 4680 2268 4706 «
2283 4655 2645 4712 Exsultent.»
2658 4652 2773 4726 Ipsi
2789 4657 3146 4719 avertantur,
3171 4655 3274 4710 sed
3290 4677 3318 4704 ‹‹
3333 4670 3541 4710 omnes
3555 4654 3658 4727 qui
3682 4673 3858 4730 quae-

2168 4749 2307 4802 runt
2351 4749 2406 4801 te
2447 4767 2468 4794 ι
2511 4744 2718 4809 Deum,
2752 4747 2810 4798 et
2847 4763 2870 4791 ι
2904 4741 3197 4800 exsultent
3238 4747 3294 4799 et
3325 4741 3616 4810 laetentur,
3653 4767 3678 4796 ι
3719 4762 3856 4802 non

2169 4837 2226 4892 in
2253 4836 2425 4891 rebus
2449 4831 3008 4906 temporalibus,sed
3045 4859 3065 4884 α
3098 4831 3158 4887 in
3192 4837 3249 4888 te
3281 4857 3303 4886 ι
3340 4831 3482 4888 solo.
3513 4833 3854 4890 Exsultant

2167 4925 2322 4980 enim
2346 4921 2494 4992 justi
2524 4922 2584 4975 in
2616 4920 2724 4975 hac
2754 4920 2894 4986 vita,
2929 4920 3116 4976 securi
3151 4920 3308 4992 quod
3341 4924 3618 4976 aeternam
3641 4919 3850 4977 vitam

2165 5012 2587 5088 possidebunt:
2627 5036 2646 5064 ι
2681 5015 2738 5066 et
2769 5035 2791 5062 ιι
2828 5026 3032 5066 omnes
3064 5034 3090 5060 ‹‹
3127 5009 3229 5082 qui
3259 5009 3518 5083 diligunt
3561 5008 3849 5067 salutare

2164 5107 2391 5170 tuum,»
2407 5100 2462 5156 id
2481 5099 2806 5164 est,i’ilium
2821 5102 3011 5166 tuum,
3037 5114 3328 5155 memores
3341 5097 3689 5154 salvationis
3707 5100 3851 5156 col-

2163 5192 2291 5248 lata:
2313 5188 2425 5248 sibi
2448 5187 2616 5245 aDeo
2649 5205 2752 5260 per
2787 5187 3018 5255 Filium,
3043 5187 3281 5244 «dicunt
3318 5202 3583 5261 semper:
3621 5188 3848 5256 corde,

2160 5299 2297 5337 voce
2327 5283 2384 5336 et
2413 5293 2605 5351 opere,
2639 5301 2668 5328 «
2698 5276 3107 5350 magniﬁcetur
3136 5277 3421 5334 Dominus
3447 5297 3470 5327 ι
3509 5293 3626 5332 non
3659 5280 3851 5349 quod

2162 5372 2286 5446 ipse
2317 5371 2376 5425 in
2407 5386 2468 5426 se
2499 5365 2684 5440 possit
2713 5355 3101 5440 magnificari,
3125 5368 3222 5424 sed
3259 5367 3400 5439 quia
3430 5370 3736 5438 quantum
3757 5369 3849 5424 ad

2161 5463 2320 5534 ipsos
2338 5457 3030 5532 magniﬁcantes,quanto
3049 5457 3240 5530 magis
3257 5473 3391 5514 eum
3409 5454 3850 5529 magniﬁcant,

2160 5553 2348 5622 major
2377 5563 2608 5620 semper
2637 5549 2694 5602 et
2719 5544 2891 5601 altior
2920 5545 3291 5620 intelligitur.

2229 5639 2437 5696 Dicant
2459 5660 2488 5688 «
2511 5635 2796 5692 Dominus
2817 5634 3250 5710 magniﬁcetur,
3277 5659 3297 5687 η
3327 5635 3397 5691 de
3418 5649 3481 5692 se
3503 5649 3636 5693 vero
3653 5635 3856 5701 dicat
