4048 6180
261 331 384 394 ιθϐ

1452 327 1946 394 EXPLANA’I‘IO
1988 325 2069 390 IN
2111 329 2497 397 PSALMOS.

3553 343 3675 406 434

262 463 466 520 nullus
513 463 729 520 similis
776 463 860 518 tui
910 463 1222 536 dico,quia
1260 485 1288 518 ι
1313 469 1566 536 quantas
1613 458 1920 520 ostendisti
1947 453 2007 526 Α
2032 427 3680 550 modis.Intertiaparte,quaaincipituSitnomenejusbe-

261 552 410 610 mihi
431 552 854 609 tri‘bulutienes
878 578 900 605 3
939 553 999 607 in
1031 553 1160 625 ipsa
1191 553 1271 609 rei
1304 552 1678 626 experientia,
1711 571 1732 598 ι
1769 551 1916 606 mul-

257 648 351 700 tas
382 664 410 696 ιι
448 641 509 697 in
541 657 787 698 numero
825 665 845 691 σι
883 642 1092 709 malas,
1122 665 1144 693 3
1173 645 1230 698 in
1284 643 1563 716 qualitate
1610 659 1834 716 graves,
1866 646 1923 697 et

255 737 458 789 tamen
489 752 516 785 ι
547 731 852 787 viviﬁcasti
884 747 976 787 me
1001 755 1024 785 3
1057 747 1193 788 vera
1222 732 1360 798 vita,
1384 750 1509 805 quae
1540 736 1629 787 est
1658 733 1833 796 Deus,
1857 737 1919 788 tu

254 824 388 880 dico
427 843 456 874 ι
482 838 800 877 conversus
835 845 856 872 3
887 838 922 876 a
952 821 1133 893 priori
1175 826 1354 886 statu,
1378 821 1476 894 qui
1509 822 1618 876 fuit
1649 825 1782 877 ante
1812 823 1918 877 ad-

256 915 499 967 ventum
532 909 773 972 Christi,
796 911 1032 982 quando
1086 911 1284 966 nullus
1331 910 1760 978 viviﬁcabatur;
1791 934 1810 959 σι
1847 912 1918 965 de

259 1000 490 1073 abyssis
517 1004 737 1065 teme,-
765 999 822 1054 id
853 1004 942 1055 est
973 1001 1042 1055 de
1077 1000 1470 1072 prefunditate
1503 1005 1910 1072 peccatorum»

260 1089 542 1146 reduxisti
578 1105 672 1143 me
716 1089 950 1152 iterum,
977 1113 997 1141 3
1026 1094 1082 1144 et
1115 1090 1327 1144 iterum
1378 1106 1481 1161 per
1529 1089 1913 1161 baptismum,

260 1197 362 1253 per
390 1177 798 1251 pmnitentiam
830 1177 1149 1234 multeties.

328 1270 399 1323 Et
429 1268 610 1323 etiam
634 1266 780 1322 mihi
808 1267 891 1324 sic
922 1269 1183 1333 reducto,
1215 1290 1242 1322 ι
1264 1269 1664 1343 multiplicasti
1695 1271 1914 1341 magni-

257 1357 560 1413 ﬁcentiam
610 1361 796 1421 tuam,
824 1379 846 1406 3
875 1356 934 1411 id
965 1362 1072 1422 est,
1102 1358 1306 1414 multis
1360 1360 1550 1415 modis
1595 1376 1809 1430 magna
1857 1364 1914 1414 et

256 1444 612 1518 multiplicia
659 1445 940 1502 beneﬁcia
968 1446 1294 1511 contulisti,
1327 1468 1354 1499 «
1382 1451 1440 1502 et
1486 1446 1820 1501 consolatus
1851 1464 1911 1500 es

254 1553 347 1592 me
371 1558 394 1585 3
421 1551 700 1590 securum
732 1535 997 1590 faciendo
1019 1537 1088 1592 de
1112 1535 1499 1608 promissione
1521 1535 1718 1590 (sterni
1751 1535 1909 1601 boni,

250 1629 312 1682 tu
347 1623 481 1680 dico
514 1643 546 1677 I
579 1639 897 1679 conversus
947 1647 969 1676 3
1007 1641 1110 1695 per
1159 1625 1538 1680 mediatorem
1587 1623 1908 1690 Christum,

250 1716 323 1772 ab
354 1715 445 1770 ira
475 1729 657 1786 quam
708 1713 968 1769 habebas
1017 1713 1088 1768 de
1139 1717 1376 1785 peccato
1425 1713 1600 1785 primi
1650 1712 1910 1786 parentis

252 1820 391 1875 erga
421 1803 754 1858 humanum
785 1819 993 1874 genus.

2032 552 2328 611 nedictum
2349 574 2394 611 τι
2413 558 2483 613 de
2499 561 3002 619 commendatione
3023 563 3210 636 ipsius
3229 564 3680 639 regni.Intendit

2030 643 2266 715 quidem
2283 664 2388 702 nos
2401 650 2805 716 admencre,ut
2819 653 3677 725 subjiciamurhuicSalomeni.

2103 735 2222 790 Vox
2253 737 2540 804 Ecclesiae,
2569 741 2937 811 przevidentis
2966 743 3261 800 Christum
3295 746 3560 802 futurum
3588 762 3680 803 re-

2029 839 2182 896 gem,
2207 830 2335 882 erat
2365 832 2431 882 ut
2463 828 2631 884 detur
2667 830 2718 885 ei
2764 849 3030 904 regnum,
3059 833 3260 890 dicens
3293 835 3374 890 :O
3401 858 3422 885 α
3458 836 3613 892 Deus
3638 855 3671 888 '0

2029 913 2217 978 Pater,
2249 939 2270 963 α
2306 917 2380 971 da
2410 917 2550 989 regi,
2580 942 2601 966 3
2639 919 2693 974 id
2743 925 2831 976 est
2861 921 3112 988 Christo,
3143 923 3482 995 «judicium
3512 945 3541 977 33
3575 942 3676 982 su-

2026 1019 2130 1074 per
2144 1003 2412 1061 homines
2437 1025 2458 1053 σ
2478 1011 2700 1072 tuum,»
2719 1009 2776 1063 id
2795 1013 2902 1072 est,
2920 1010 3071 1065 sicut
3087 1015 3148 1066 tu
3166 1012 3672 1085 habesjudicium,

2026 1091 2106 1147 ita
2129 1092 2203 1147 da
2236 1092 2339 1159 illi,
2363 1097 2428 1148 ut
2449 1095 2545 1149 ille
2569 1096 2780 1151 haheat
2797 1098 3064 1168 judicare
3085 1103 3143 1154 et
3162 1099 3244 1154 illi
3267 1101 3453 1157 eidem
3483 1125 3504 1151 α
3532 1102 3674 1159 Filio

2026 1180 2231 1253 regis,3
2258 1182 2316 1236 id
2345 1187 2435 1238 est
2457 1183 2564 1249 tui,
2592 1185 2688 1256 qui
2713 1186 2874 1242 solus
2905 1205 3001 1242 rex
3031 1205 3114 1252 es,
3138 1191 3195 1244 et
3223 1189 3281 1244 in
3301 1191 3544 1246 veritate
3573 1194 3676 1248 tua

2025 1269 2199 1341 regis,
2222 1272 2297 1326 da
2319 1271 2658 1339 (justitiam
2680 1277 2898 1340 tuam,3
2925 1275 2981 1330 id
3005 1277 3672 1349 estjustumjudicium,

2023 1357 2161 1429 quia
2192 1376 2288 1414 rex
2319 1359 2414 1416 ille
2445 1377 2678 1434 semper
2708 1362 2766 1417 in
2801 1363 3039 1434 justitia
3061 1364 3374 1436 judicabit.
3404 1365 3675 1423 Endiasis

2021 1450 2129 1510 est,
2163 1447 2300 1519 quia
2330 1465 2434 1519 per
2464 1449 2691 1506 diversa
2723 1451 2876 1507 idem
2916 1452 3080 1518 dicit,
3113 1470 3216 1526 per
3237 1453 3532 1525 judicium
3563 1454 3674 1514 sci-

2021 1533 2157 1591 licet
2187 1539 2245 1590 et
2267 1536 2595 1606 justitiam;
2629 1543 2688 1594 et
2716 1545 2806 1595 est
2835 1540 3113 1606 endiasis,
3148 1541 3238 1598 bis
3269 1541 3516 1599 dictum.

2097 1642 2119 1672 σ
2144 1624 2175 1679 J
2183 1624 2444 1680 udicium
2466 1627 2542 1681 da
2564 1646 2590 1680 3
2618 1627 2767 1692 dico,
2792 1628 3030 1693 scilicet,
3058 1651 3079 1679 ο
3099 1630 3370 1698 judicare
3390 1632 3672 1705 populum

2019 1715 2187 1766 tuum
2221 1711 2279 1767 in
2304 1712 2559 1783 justitia,
2589 1736 2611 1762 3
2647 1713 2702 1769 id
2735 1719 2844 1780 est,
2877 1720 2943 1771 ut
2965 1716 3192 1788 judicet
3213 1717 3551 1774 universum
3577 1737 3674 1792 pe-

1941 1828 1990 1894 Β
2021 1798 2249 1900 pulum,
2275 1800 2498 1858 scilicet
2519 1803 2704 1900 bonos
2726 1807 2783 1860 et
2802 1803 3026 1900 males‘:
3055 1824 3082 1900 ξ
3103 1809 3272 1900 tuum
3295 1825 3320 1858 3
3346 1805 3508 1900 dicit,
3533 1809 3673 1880 quia

324 1893 543 1949 Probat
571 1892 643 1948 ab
681 1893 891 1948 ail'ectu
937 1906 1000 1947 se
1049 1906 1178 1948 esse
1227 1891 1594 1948 consolatam
1645 1891 1748 1956 sic,
1780 1907 1912 1948 vere
1941 1889 1981 1894 —
2022 1889 2187 1962 impii
2223 1907 2455 1964 quoque
2483 1891 2631 1948 nihil
2662 1896 2930 1964 possunt,
2955 1893 3069 1950 nisi
3090 1894 3386 1966 permissu
3406 1895 3505 1952 Dei
3534 1911 3586 1952 τι
3615 1901 3673 1954 et

250 1980 600 2038 consolatus
629 1997 693 2036 es
723 1995 840 2046 me,
869 2000 897 2034 ιι
918 1997 1054 2036 nam
1077 1985 1138 2036 et
1164 1997 1269 2054 ego
1301 1981 1623 2036 conﬁtebor
1643 1980 1768 2046 tibi,
1790 2001 1817 2033 3
1853 1982 1910 2037 id

247 2074 363 2137 est,
385 2071 460 2127 ad
481 2074 656 2126 tuum
687 2069 990 2136 honorem,
1014 2093 1036 2119 ι
1060 2069 1364 2126 veritatem
1389 2075 1574 2134 tuam,
1600 2069 1774 2135 Deus,
1803 2091 1822 2117 ι
1854 2069 1910 2125 id

2022 1995 2307 2051 pauperes
2335 1984 2468 2036 tuos
2500 2005 2524 2035 3
2553 1981 2627 2036 da
2657 1981 2708 2038 ei
2731 1981 3000 2052 judicare
3033 2003 3056 2032 ι
3088 1983 3149 2040 in
3170 1982 3396 2055 judicio
3427 2005 3451 2037 3
3479 1984 3667 2055 justo.

2019 2068 2256 2125 Judicat
2275 2069 2546 2127 Christus
2576 2069 2752 2126 etiam
2777 2071 2836 2126 in
2858 2070 2968 2128 hae
2995 2070 3114 2128 vita
3141 2073 3326 2129 bonos
3356 2073 3415 2128 et
3441 2071 3671 2132 malos:

247 2163 342 2217 est
372 2163 430 2216 te
447 2170 716 2216 veracem
748 2158 806 2214 in
838 2158 1168 2231 promissis,
1196 2158 1439 2224 scilicet,
1463 2159 1620 2230 quod
1644 2158 1911 2215 homines
2012 2157 2308 2228 judicabit
2331 2158 2591 2224 tandem,
2615 2160 2851 2230 quando
2873 2159 3170 2232 separabit
3196 2159 3383 2217 bones
3413 2173 3447 2216 a
3474 2160 3667 2219 malis.

247 2266 356 2320 per
406 2247 624 2304 Filium
672 2251 841 2303 tuum
889 2247 1248 2303 hereditatis
1279 2251 1503 2304 aeterne
1535 2247 1909 2304 securitatem

244 2336 582 2402 obtineant,
612 2359 634 2386 ι
669 2337 988 2393 conﬁtebor
1011 2360 1032 2389 3
1065 2336 1196 2392 dico
1221 2360 1241 2386 α
1267 2335 1326 2391 ἱη
1355 2336 1512 2393 vasis
1544 2337 1779 2408 psalmi,
1801 2360 1822 2390 3
1851 2337 1908 2393 id

243 2431 338 2482 est
371 2425 432 2480 in
465 2425 736 2497 psalmis,
760 2425 861 2497 qui
885 2431 1025 2482 sunt
1043 2443 1202 2482 vasa.
1227 2427 1334 2482 Per
1355 2425 1614 2498 psalmos
1643 2427 1913 2499 spiritua-

244 2513 368 2572 lem
402 2513 585 2568 vitam
635 2514 979 2586 accipimus,
1007 2514 1227 2586 quibus
1257 2514 1502 2586 psalmis
1551 2515 1681 2571 aliis
1725 2531 1912 2572 exem-

245 2603 418 2677 plum
453 2603 603 2658 bene
633 2604 910 2674 eperandi
954 2603 1320 2676 propinatur,
1353 2604 1505 2660 sicut
1543 2621 1646 2676 per
1671 2622 1774 2660 vas
1804 2605 1909 2660 ali-

247 2692 390 2765 quis
421 2697 620 2763 potus,
653 2710 768 2747 non
810 2697 1039 2748 tantum
1073 2709 1165 2748 me
1195 2693 1323 2749 dice
1351 2693 1612 2749 conﬁteri
1655 2693 1714 2748 in
1755 2693 1910 2765 psal-

251 2783 395 2844 mis,
429 2781 490 2836 id
520 2785 630 2847 est,
666 2780 725 2837 in
757 2781 1208 2854 contemplativa
1237 2782 1373 2846 vita,
1407 2783 1530 2848 sed,
1555 2800 1586 2838 o
1615 2804 1636 2832 ι
1673 2785 1912 2838 sanctus

252 2870 436 2928 Israel
464 2893 487 2919 3
515 2869 614 2942 qui
647 2870 982 2926 sanctificas
1011 2886 1246 2926 omnem
1279 2871 1633 2936 Israelem,id
1663 2875 1752 2927 est
1781 2887 1912 2926 em-

253 2976 394 3016 nem
424 2959 720 3015 videntem
753 2960 959 3025 Deum,
989 2979 1015 3012 ιι
1037 2959 1284 3031 psallam
1307 2959 1414 3016 tibi
1447 2960 1505 3014 in
1533 2960 1776 3024 cithara,
1805 2983 1825 3008 ιο
1854 2959 1912 3013 id

255 3052 346 3104 est.
379 3047 437 3102 in
473 3047 923 3103 mertiﬁcatione
955 3048 1168 3113 carnis,
1193 3047 1416 3104 scilicet
1437 3048 1494 3102 in
1523 3048 1709 3104 activa
1737 3049 1874 3104 vita.

324 3137 658 3193 Conﬁteber
707 3137 766 3193 in
817 3137 1082 3209 psalmis,
1126 3143 1185 3193 et
1231 3155 1366 3194 cum
1417 3137 1822 3203 exsultatione,
1855 3143 1914 3193 et

254 3226 380 3282 haec
414 3225 574 3280 labia
606 3242 737 3281 mea
778 3226 1076 3291 interiora,
1099 3226 1156 3280 id
1188 3231 1279 3280 est
1313 3226 1648 3282 affectiones
1680 3227 1910 3293 animis,
1941 3192 1984 3260 θ

253 3330 386 3386 qua:
417 3315 492 3370 ad
526 3314 711 3369 Deum
745 3313 911 3369 hiant
953 3331 1204 3386 semper,
1237 3314 1391 3370 sicut
1415 3337 1434 3365 α
1473 3315 1627 3371 labia
1658 3314 1912 3370 exsulta-

253 3404 424 3469 bunt,
447 3419 587 3458 cum
619 3406 926 3458 cantavero
966 3402 1094 3467 tibi,
1124 3425 1144 3451 3
1171 3402 1229 3458 id
1261 3406 1368 3470 est,
1393 3403 1705 3460 laudavere
1746 3409 1824 3470 te,
1858 3408 1914 3460 et

249 3509 371 3548 non
436 3497 670 3547 tantum
731 3491 904 3556 labia,
940 3493 1040 3547 sed
1100 3492 1276 3547 etiam
1332 3493 1728 3549 totacanima
1783 3509 1916 3548 mea

251 3597 434 3654 quam
473 3603 496 3629 3
539 3585 603 3636 tu
634 3601 660 3632 ι
692 3580 1013 3645 redemisti,
1043 3603 1063 3628 3
1109 3581 1262 3636 unde
1312 3581 1442 3652 ipsa
1476 3603 1497 3629 α
1535 3581 1776 3637 anima3
1812 3597 1911 3636 ex-

253 3669 605 3726 sultandum
634 3667 931 3741 intelligit.

323 3759 397 3813 Et
426 3775 546 3812 non
575 3757 770 3812 solum
799 3780 820 3806 α
847 3758 1064 3822 anima,
1093 3781 1114 3809 3
1145 3759 1245 3813 sed
1267 3759 1444 3814 etiam
1467 3763 1656 3815 totum
1679 3777 1911 3832 corpus,

255 3851 312 3903 et
332 3847 446 3902 hoc
474 3863 580 3918 per
603 3847 919 3918 quamdam
945 3851 1170 3918 partem
1195 3846 1354 3911 dicit,
1378 3864 1735 3919 suppenens,
1764 3870 1784 3897 α
1813 3849 1913 3904 sed

251 3941 318 3991 et
347 3934 558 4008 lingua
589 3949 720 3990 mea
744 3956 765 3983 3
793 3950 862 3989 ex
883 3934 1184 3990 affectione
1207 3935 1400 3992 cordis
1420 3937 1671 4007 proferet
1695 3959 1716 3985 ο
1733 3937 1915 4008 justi-

257 4025 403 4079 tiam
426 4029 597 4080 tuam
626 4045 648 4072 3
669 4026 728 4079 et
757 4023 867 4078 hoc
900 4041 918 4072 ς
946 4027 1069 4078 tota
1091 4023 1183 4079 die
1213 4024 1646 4090 meditabitur,-
1675 4024 1915 4090 scilicet,

257 4113 503 4184 quando
550 4111 834 4166 continua
879 4112 1005 4167 dies
1053 4113 1183 4178 erit,
1216 4111 1460 4178 scilicet,
1495 4113 1553 4169 in
1594 4113 1840 4184 judicio,
1863 4117 1921 4169 et

261 4202 404 4273 quid
463 4199 757 4272 intelligat
799 4220 823 4250 ι
870 4201 966 4256 die
1021 4203 1162 4266 tota,
1194 4223 1215 4250 3
1261 4201 1642 4266 determinat,
1696 4202 1916 4267 dicens,

257 4307 293 4343 ,ι
311 4307 452 4345 cum
481 4311 503 4338 3
529 4288 613 4344 illi
642 4307 664 4337 ι
690 4288 791 4361 qui
845 4294 1118 4360 quarunt
1159 4289 1316 4345 mala
1354 4289 1499 4344 mihi
1523 4315 1545 4342 3
1575 4290 1632 4344 in
1665 4290 1921 4346 hac'vita

255 4379 483 4435 fuerint
507 4397 533 4426 α
555 4377 810 4443 confusi,
837 4400 862 4425 3
892 4377 949 4432 id
985 4383 1074 4433 est
1105 4378 1516 4434 erubescentes
1545 4378 1918 4449 de'peccatis,

264 4490 294 4518 α
324 4472 385 4522 et
412 4466 645 4523 reveriti
679 4465 916 4531 fuerint,
945 4490 966 4516 3
1002 4465 1060 4521 id
1093 4470 1202 4534 est,
1235 4465 1540 4522 timuerint
1567 4467 1920 4523 sententiam

2021 2245 2184 2301 Unde
2200 2245 2468 2302 Christus
2487 2246 2547 2302 in
2567 2245 2877 2319 Evangelie
2894 2246 3036 2304 dicit
3054 2264 3103 2303 ξι
3125 2247 3292 2304 Pater
3315 2263 3431 2305 non
3444 2247 3674 2321 judieat

2020 2353 2398 2408 quemquam,
2414 2338 2513 2393 sed
2522 2335 2813 2408 judicium
2833 2351 3004 2393 omne
3023 2335 3184 2393 dedit
3204 2336 3348 2394 Filio
3363 2337 3666 2411 (10073.7).-

2018 2424 2255 2481 Judicat
2283 2429 2481 2481 tamen
2514 2426 2682 2482 Pater
2726 2442 2841 2482 non
2891 2442 2994 2499 per
3041 2439 3102 2482 se
3152 2425 3533 2498 quidem,sed
3570 2445 3672 2501 per

2019 2512 2187 2569 illum
2220 2513 2438 2585 ipsum,
2471 2514 2564 2570 cui
2600 2531 2708 2570 sua
2737 2515 3068 2572 substantia
3099 2514 3264 2572 unita
3292 2519 3399 2572 est.

2093 2600 2282 2667 Dico,-
2305 2603 2380 2657 da
2398 2621 2424 2653 η
2449 2602 2499 2658 ei
2525 2625 2545 2652 ιι
2565 2603 2911 2674 judicium,3
2933 2606 2990 2660 et
3010 2604 3099 2660 fac
3120 2619 3254 2661 eum
3277 2605 3545 2679 cognosci
3568 2623 3673 2681 per

2017 2693 2206 2746 totum
2232 2692 2524 2746 mundum
2548 2708 2651 2763 per
2670 2692 2982 2764 apostolos,
2997 2696 3054 2748 et
3073 2693 3182 2749 hoc
3203 2696 3292 2750 est
3309 2710 3322 2750 :
3337 2714 3358 2747 ι
3383 2699 3664 2762 montes,3

2019 2777 2076 2834 id
2113 2783 2201 2834 est
2229 2780 2415 2835 sancti
2461 2779 2730 2852 apostoli,
2760 2803 2782 2830 ι
2818 2780 3144 2852 suscipiant
3189 2797 3415 2854 pacem,
3442 2805 3465 2833 3
3490 2781 3549 2838 id
3579 2788 3672 2840 est

2020 2867 2342 2935 Christum,
2373 2888 2395 2916 ι
2430 2869 2664 2941 populo,
2697 2890 2717 2919 3
2754 2869 2812 2924 id
2851 2873 2958 2934 est,
2993 2871 3063 2925 ad
3096 2869 3410 2926 utilitatem
3443 2870 3667 2943 populi,

2019 2955 2263 3021 scilicet,
2297 2961 2363 3012 ut
2390 2959 2585 3029 ipsum
2619 2958 2920 3014 netiﬁcent
2949 2957 3162 3030 populo
3187 2974 3237 3014 τι
3267 2962 3324 3015 et
3351 2959 3581 3025 colles,3
3608 2959 3665 3016 id

2020 3049 2110 3102 est
2139 3045 2395 3103 minores
2426 3047 2647 3102 sanctis
2678 3047 2977 3120 apostolis,
3001 3047 3237 3104 altiores
3262 3051 3460 3104 tamen
3490 3066 3672 3122 pepu-

2021 3134 2117 3200 lis,
2143 3135 2297 3190 sicut
2325 3137 2534 3192 beatus
2555 3136 2864 3202 Martinus,
2887 3140 2944 3190 et
2965 3137 3172 3192 beatus
3193 3136 3468 3204 Hilarius,
3490 3137 3671 3198 susci-

2023 3223 2188 3296 piant
2215 3243 2237 3270 ι
2261 3223 2579 3295 justitiam,
2607 3248 2629 3275 3
2657 3225 2716 3279 id
2750 3229 2839 3280 est
2866 3223 3062 3296 ipsum
3082 3223 3403 3291 Christum,
3423 3231 3492 3282 ut
3519 3226 3669 3282 neti-

2024 3313 2462 3384 ﬁcent'populo.
2482 3312 2751 3368 Christus
2772 3313 2987 3369 dicitur
3014 3331 3144 3386 pax,
3169 3313 3308 3386 quia
3325 3313 3452 3388 ipse
3477 3314 3674 3387 posuit

2022 3400 2556 3457 reconciliationem
2588 3401 2740 3457 inter
2771 3402 2955 3457 Deum
2983 3407 3039 3457 et
3069 3401 3367 3459 hominem
3402 3419 3415 3458 :
3440 3402 3674 3474 justitia

2022 3490 2258 3555 dicitur,
2283 3491 2423 3561 quia
2453 3491 2606 3545 Deus
2639 3492 2711 3546 ad
2740 3508 2802 3546 se
2831 3496 3232 3547 convertenth
3252 3491 3561 3562 justiﬁcat.

2101 3597 2123 3624 ε
2152 3577 2470 3634 Judicabit.
2501 3601 2521 3625 ι
2551 3579 2683 3633 Dari
2729 3578 3047 3650 postulavit
3073 3578 3305 3634 Christo
3327 3579 3620 3650 judicium
3654 3597 3667 3635 :

2023 3667 2118 3723 hic
2149 3667 2406 3722 affirmat
2441 3667 2594 3738 quod
2635 3683 2834 3722 revera
2871 3667 3108 3722 habebit
3138 3666 3455 3738 judicium.
3479 3667 3674 3722 Centi-

2025 3755 2225 3810 nuatio
2246 3772 2258 3810 :
2280 3755 2470 3818 Dico,3
2494 3755 2569 3808 da
2591 3776 2611 3801 υ
2633 3755 2682 3808 ei
2708 3773 2729 3799 ι
2745 3753 3090 3823 judicium,3
3111 3758 3169 3808 et
3188 3769 3319 3810 vere
3337 3753 3673 3825 dabis,quia

2023 3844 2148 3916 ipse
2175 3863 2202 3896 α
2224 3842 2516 3913 judicabit
2541 3858 2822 3913 pauperes
2844 3840 3066 3913 populi,
3095 3862 3116 3891 3
3145 3840 3202 3895 id
3234 3845 3324 3896 est
3343 3857 3509 3896 veros
3533 3857 3673 3912 pau-

2024 3948 2213 4004 peres,
2246 3932 2594 3986 removendo
2625 3947 2724 3986 eos
2754 3947 2788 3984 a
2817 3929 2970 3984 male
3011 3928 3256 4002 populo;
3287 3948 3309 3983 ι
3343 3934 3401 3986 et
3431 3949 3455 3981 3
3491 3929 3669 3986 etiam

2032 4043 2054 4070 ιι
2088 4019 2239 4075 filios
2268 4035 2614 4091 pauperum,
2644 4041 2666 4070 3
2696 4019 2754 4073 id
2780 4021 2869 4074 est
2896 4017 3219 4074 imitatores
3252 4019 3670 4090 apostolorum,

2033 4128 2056 4158 ι
2089 4107 2279 4164 salvos
2330 4107 2522 4173 faciet,
2553 4129 2572 4156 ι
2599 4111 2656 4162 et
2679 4125 2708 4159 α
2739 4105 3244 4174 calumniatorem,
3272 4129 3292 4157 3
3324 4107 3380 4163 id
3412 4112 3502 4164 est
3548 4107 3674 4163 dia-

2025 4195 2248 4261 bolum,
2273 4196 2371 4268 qui
2403 4199 2494 4251 est
2522 4195 2783 4267 injustus
2829 4199 3134 4252 accusator
3163 4196 3411 4252 fratrum
3443 4199 3675 4252 nostro-

2029 4303 2182 4351 rum,
2211 4305 2239 4338 α
2270 4284 2608 4340 humiliabit
2637 4285 2812 4350 Deus,
2841 4305 2862 4335 3
2888 4285 2945 4340 id
2976 4289 3066 4341 est
3093 4286 3402 4358 opprimet.

2101 4375 2204 4431 Hic
2233 4374 2608 4431 commendat
2636 4372 2832 4445 ipsum
2868 4375 3099 4445 justum
3125 4375 3388 4446 judieem
3413 4389 3427 4429 :
3454 4374 3565 4429 iste
3585 4374 3680 4445 ju-

2031 4466 2140 4520 dex
2177 4484 2199 4513 α
2226 4462 2538 4536 judicabit,
2578 4467 2636 4518 et
2670 4486 2692 4512 3
2731 4463 2840 4519 iste
2877 4463 3058 4534 judex
3090 4484 3120 4513 α
3149 4461 3516 4534 permanebit
3540 4477 3676 4516 eum

256 4555 501 4627 judicis,
525 4555 678 4610 hanc
719 4553 946 4612 scilicet
977 4570 991 4609 :
1019 4574 1048 4607 ιι
1067 4554 1357 4611 Discedite
1386 4573 1420 4611 a
1450 4570 1565 4621 me,
1601 4555 1918 4622 maledicti,
1949 4560 1998 4626 ι)
2031 4554 2205 4619 sele,»
2228 4552 2286 4608 id
2319 4555 2408 4608 est
2435 4567 2666 4624 semper
2688 4551 2890 4607 unitus
2921 4566 3056 4606 cum
3087 4549 3463 4620 deitate,qua3
3491 4547 3679 4605 deitas

264 4645 322 4700 in
357 4645 554 4716 ignem
589 4649 871 4698 aeternum
903 4643 1113 4712 (Matth.
1146 4644 1298 4713 xxv).
1321 4667 1343 4691 3

748 4733 817 4788 IN
860 4733 1207 4788 PSALMUM
1252 4733 1436 4787 LXXI.

471 4823 750 4878 Trruws.
784 4823 1036 4877 Psaimus
1068 4822 1240 4877 David
1273 4823 1331 4876 in
1360 4821 1723 4878 Salomonem.

346 4936 366 4961 σ
404 4911 561 4967 Deus
584 4911 904 4981 judicium.
932 4935 953 4960 3
983 4913 1289 4966 Tractatus
1320 4911 1429 4966 iste
1454 4911 1639 4966 tendit
1670 4911 1729 4966 in
1761 4911 1922 4968 Salo-

271 5016 530 5066 monem,
553 5000 614 5054 id
645 5003 734 5056 est
761 4999 822 5054 in
849 4999 1168 5066 Christum,
1193 4999 1293 5071 qui
1314 5015 1485 5056 verus
1505 5000 1921 5073 est.Salemon,

271 5089 328 5144 id
360 5094 451 5144 est
500 5089 804 5159 pacificus,
833 5088 934 5160 qui
973 5088 1170 5160 posuit
1217 5105 1417 5160 pacem
1467 5089 1616 5145 inter
1653 5090 1837 5146 Deum
1867 5095 1925 5144 et

251 5176 572 5238 hominem
599 5195 612 5234 :
637 5177 778 5249 quia
800 5177 859 5233 in
881 5177 989 5233 hoc
1019 5175 1247 5249 psalmo
1268 5178 1538 5235 Christus
1559 5183 1650 5235 est
1679 5179 1926 5235 materia

271 5268 600 5323 secundum
633 5272 944 5338 utramque
972 5267 1283 5338 :naturam,
1303 5267 1559 5323 divinam
1592 5268 1834 5334 scilicet,
1871 5272 1928 5323 et

265 5356 620 5414 humanam.
641 5356 882 5412 Modus:
907 5356 967 5410 In
991 5356 1182 5427 prima
1202 5360 1364 5428 parte
1386 5357 1530 5428 petit
1549 5357 1600 5411 ei
1623 5357 1746 5412 dari
1772 5357 1928 5428 judi-

267 5445 454 5510 cium,
486 5451 544 5501 et
574 5440 832 5501 afﬁrmat
865 5445 1020 5516 quod
1053 5444 1308 5500 habebit.
1344 5446 1405 5500 In
1447 5445 1705 5500 secunda
1742 5450 1924 5516 parte,

269 5552 403 5606 qua:
427 5534 630 5606 incipit
649 5551 695 5588 ει
713 5533 945 5590 Orietur
967 5535 1023 5588 in
1046 5534 1255 5590 diebus
1276 5535 1404 5605 ejus
1426 5533 1679 5604 justitia,
1701 5558 1722 5583 3
1740 5534 1927 5606 loqui-

271 5628 375 5679 tur
395 5624 463 5681 de
489 5640 689 5697 regno,
715 5623 1179 5687 commendando
1218 5622 1414 5695 ipsum
1448 5639 1692 5696 regnum
1724 5625 1927 5681 multis

2027 4644 2244 4699 dicitur
2283 4641 2390 4704 sol,
2424 4641 2563 4712 quia
2611 4639 2905 4696 illuminat
2952 4653 3186 4695 omnem
3217 4637 3515 4693 hominem
3545 4653 3680 4692 vera
3778 4711 3786 4718 .

2027 4731 2555 4804 cegnitioueran.
2579 4734 2656 4798 1):
2689 4752 2708 4778 ιι
2745 4733 2801 4784 et
2832 4732 2966 4785 ante
3012 4728 3237 4793 lunam,
3261 4726 3373 4782 eid
3405 4731 3496 4784 est
3545 4728 3678 4782 ante

2029 4821 2368 4884 Ecclesiam,
2394 4819 2532 4890 quia
2562 4835 2793 4890 semper
2820 4818 2931 4874 erit.
2960 4819 3018 4872 in
3051 4816 3359 4890 prementia
3387 4815 3677 4879 Ecclesiae,

2031 4915 2099 4966 ut
2120 4926 2350 4981 semper
2365 4908 2622 4964 Ecclesia
2637 4907 2879 4978 recipiat
2895 4907 2968 4962 ab
2988 4907 3114 4979 ipse
3132 4906 3354 4972 lumen,
3369 4905 3520 4960 sicut
3539 4902 3680 4957 luna

2033 5017 2067 5056 a
2112 4998 2231 5055 sole
2279 4997 2505 5069 recipit.
2533 4997 2638 5052 Per
2665 5019 2686 5045 α
2726 4995 2926 5051 lunam
2957 5019 2976 5045 3
3009 4995 3356 5068 intelligitur
3399 4990 3678 5055 Ecclesia,

2033 5090 2172 5160 quia
2192 5087 2389 5142 deficit
2407 5090 2465 5142 et
2486 5084 2694 5141 crescit
2714 5084 2866 5140 sicut
2887 5084 3026 5140 luna
3051 5102 3104 5139 τα
3124 5079 3488 5155 permanebit
3506 5101 3528 5128 3
3549 5078 3679 5134 dico

2040 5199 2064 5231 ι
2098 5177 2155 5231 in
2196 5175 2569 5248 generatione
2605 5197 2626 5224 3
2663 5175 2776 5230 ista
2803 5197 2822 5224 ι
2859 5178 2915 5230 et
2964 5169 3396 5244 generationem
3427 5190 3450 5222 3
3489 5182 3683 5223 succe—

2034 5268 2290 5332 dentem,
2317 5265 2374 5320 id
2406 5268 2496 5320 est
2523 5279 2755 5335 semper
2790 5263 2942 5318 idem
2985 5263 3123 5314 sunt
3171 5257 3230 5312 in
3276 5255 3682 5328 generationes

2033 5353 2480 5428 generationum
2506 5371 2518 5408 :
2539 5351 2625 5408 vel
2648 5368 2782 5408 cum
2807 5349 2946 5414 sole,
2971 5348 3027 5402 id
3050 5350 3138 5402 est
3158 5345 3421 5417 quandiu
3440 5344 3529 5402 sel
3550 5345 3680 5412 erit,

2035 5450 2093 5501 et
2125 5446 2561 5499 firmamentum
2595 5439 2771 5494 stabit
2809 5457 2821 5493 :
2855 5443 2911 5493 et
2952 5435 3058 5492 fuit
3094 5455 3116 5483 ι
3150 5440 3284 5491 ante
3328 5435 3584 5502 lunam,3
3619 5434 3680 5490 id

2038 5540 2128 5591 est
2157 5537 2468 5602 antequam
2501 5529 2758 5584 mundus
2792 5529 2973 5582 ﬁeret.

2108 5623 2360 5686 Dixerat,
2374 5641 2395 5668 α
2413 5617 2703 5691 judicabit
2724 5635 2778 5672 :»
2806 5622 2862 5673 et
2879 5633 3008 5674 ecce
3027 5617 3096 5674 de
3113 5633 3228 5690 quo
3246 5615 3487 5674 dixisset
3503 5617 3683 5673 deter-
