4080 6180
386 321 517 406 ’43⁵

798 316 1200 380 HAYMONIS
1244 312 1782 376 HALBERSTAT.
1815 307 2059 372 EPISC.
2093 307 2266 369 OPP.
2301 309 2530 374 PARS.
2563 312 2612 372 Ι.
2649 345 2724 356 -—
2755 311 3163 374 COMMENT.
3194 310 3394 374 BIBL.

3680 312 3801 373 436

374 456 608 526 ~minat,
633 453 856 512 scilicet
876 453 948 508 de
969 449 1112 508 Filio
1133 447 1376 522 virginis
1400 465 1412 504 :
1439 451 1499 503 et
1520 447 1617 503 hic
1638 444 1945 502 manifeste
1967 433 2130 509 in--'A
2159 441 2358 515 pimus
2389 443 2519 501 illos
2560 445 2659 518 qui
2703 448 2845 502 sunt
2891 443 3031 502 sicci
3061 445 3096 502 a
3123 443 3412 501 ﬂuctibus
3449 444 3678 515 mundi,
3701 461 3810 502 nec

401 544 801 604 carnationem
815 538 1140 598 divinitatis
1159 535 1899 594 annuntiat.Continuatio:
1921 533 2058 589 Dico

404 640 435 687 '«
459 631 810 707 judicabit,»
834 633 892 686 et
920 629 1046 702 ipse
1067 627 1168 701 qui
1194 649 1222 678 «
1244 627 1556 699 judicabit,
1582 625 1944 682 descendet»
1969 639 2058 678 se-

401 725 664 782 cundum
685 720 1074 786 divinitatem,
1097 719 1156 774 in
1186 718 1473 792 virginem
1499 734 1512 773 :
1542 737 1570 766 «
1593 716 1748 771 sicut
1776 714 1971 787 pluvia
1999 713 2058 798 in

400 813 611 884 vellus,
635 833 664 863 η
699 811 780 866 ita
807 809 1065 866 suaviter
1095 809 1222 865 sine
1251 807 1412 864 omni
1443 805 1716 879 strepitu,
1743 803 1870 860 sine
1899 803 2061 859 omn1

401 910 642 962 terrore.
661 900 766 958 Hic
796 900 976 956 mittit
1006 917 1115 956 nos
1145 899 1218 956 ad
1248 897 1580 954 historiam.
1601 897 1754 952 Deus
1785 895 2060 966 przecepit

402 991 680 1059 cheoni,
704 993 771 1046 ut
800 989 913 1044 iret
941 989 1012 1044 ad
1047 1004 1328 1060 pugnam,
1349 986 1449 1060 qui
1474 1003 1610 1042 cum
1636 985 1888 1052 timeret,
1909 1002 2063 1056 qua:-

403 1081 538 1140 sivit
569 1079 802 1153 signum
835 1076 1109 1148 viotorizn,
1142 1081 1201 1132 et
1240 1075 1526 1131 Dominus
1558 1074 1720 1129 dedit
1760 1073 1871 1129 tale
1903 1075 2058 1146 quod

402 1169 592 1244 posito
621 1166 830 1223 vellere
860 1165 918 1220 in
950 1182 1104 1232 area,
1139 1166 1186 1220 si
1219 1165 1408 1220 vellus
1437 1165 1802 1236 eomplutum
1837 1165 2056 1220 inveni-

403 1264 586 1325 retur,
611 1261 667 1313 et
695 1274 828 1312 area
868 1255 1040 1322 sicca,
1077 1255 1251 1311 sciret
1300 1272 1362 1311 sc
1412 1255 1530 1310 fore
1559 1254 1858 1322 victorem,
1891 1259 1948 1310 et
1977 1255 2060 1310 ita

405 1348 624 1404 factum
641 1349 752 1417 est,
775 1344 968 1400 adhuc
986 1344 1142 1400 enim
1165 1344 1398 1412 timens,
1415 1344 1682 1416 qumsivit
1697 1343 2056 1399 contrarium

405 1436 664 1510 signum,
699 1437 765 1490 ut
793 1449 928 1489 area
975 1433 1274 1504 compluta
1303 1436 1480 1502 esset,
1513 1435 1572 1488 ct
1598 1431 1784 1488 vellus
1833 1433 2055 1489 siccum

405 1525 589 1592 ﬁeret,
622 1527 681 1580 et
727 1522 810 1578 ita
859 1523 1080 1578 factum
1109 1525 1218 1590 est,
1250 1525 1307 1576 et
1351 1521 1464 1577 fuit
1507 1522 1694 1578 victor
1724 1521 1922 1591 (ludio.
1954 1522 2054 1594 γι).

403 1613 606 1670 Velius
629 1611 804 1686 prius
835 1611 1201 1685 eomplutum
1228 1609 1599 1683 signiﬁcabat
1627 1611 1862 1668 Judaeos
1893 1611 2058 1684 prius

405 1702 706 1760 credentes
737 1704 796 1757 et
823 1699 1089 1756 doctrina
1131 1699 1232 1756 Dei
1278 1699 1635 1772 complutos;
1671 1715 1804 1756 area
1833 1700 2056 1774 signiﬁ-

404 1795 500 1847 cat
522 1788 772 1878 gentiles
788 1788 954 1862 prius
971 1805 1006 1844 a
1021 1788 1136 1878 fide
1157 1787 1372 1845 aridos.
1390 1787 1618 1846 Rursus
1639 1789 1886 1845 humida
1907 1791 2060 1846 facta
2087 1811 2136 1878 Β

405 1877 700 1953 signiﬁcat
727 1877 890 1952 ipsos
917 1877 1163 1951 gentiles
1196 1881 1401 1950 postea
1431 1878 1501 1934 ad
1525 1877 1702 1934 fidem
1724 1878 2056 1949 venientes;

405 1971 465 2024 et
480 1965 668 2024 vellus
689 1967 934 2033 siccum,
949 1965 1206 2035 Judasos,
1223 1965 1324 2039 qui
1347 1967 1673 2024 doctrinam
1707 1968 1937 2025 Domini
1963 1986 2058 2026 vo-

405 2055 663 2122 luerunt,
690 2053 845 2110 sicut
871 2053 1014 2108 dicit
1042 2053 1102 2108 in
1129 2053 1374 2110 Actibus
1404 2053 1800 2128 apostolorum
1823 2058 2060 2129 Aposto-

404 2143 501 2198 lus
519 2159 532 2198 :
551 2139 732 2198 Vobis
753 2141 866 2197 mit
886 2139 1136 2198 missum
1152 2141 1394 2198 verbum
1419 2141 1540 2211 Dei,
1556 2142 1657 2200 sed
1681 2143 1820 2217 quia
1842 2146 2061 2218 respui-

408 2229 518 2289 stis
548 2228 714 2298 illud,
747 2244 878 2286 ecce
907 2228 1304 2286 convertimur
1339 2230 1412 2288 ad
1458 2235 1681 2304 gentes.
1704 2232 1807 2290 Vel
1851 2252 2058 2308 possu-

409 2333 544 2375 mus
574 2317 727 2374 hanc
747 2317 1196 2375 similitudinem
1217 2321 1550 2392 expressius
1571 2325 1953 2396 notare,quod
1988 2325 2062 2382 si-

409 2409 510 2464 cut
529 2404 728 2480 pluvia
749 2421 936 2480 neque
958 2407 1480 2480 corrumpitvellus
1500 2411 1736 2482 cadens,
1755 2429 1858 2469 nec
1879 2413 2058 2470 etiam

408 2495 630 2563 exiens,
663 2493 748 2550 sic
807 2511 913 2552 nec
961 2499 1303 2568 conceptus,
1335 2513 1522 2570 neque
1569 2504 1774 2572 partus
1821 2502 2060 2576 corripit

403 2583 714 2658 virginem,
739 2588 800 2642 et
827 2583 937 2642 iste
962 2583 1096 2642 talis
1127 2585 1396 2660 irrigabit
1424 2591 1614 2646 totum
1638 2591 1927 2648 mundum
1957 2609 2060 2665 per

406 2671 736 2731 doctrinam
767 2689 959 2743 suam,
985 2677 1044 2730 et
1062 2673 1196 2732 inde
1221 2675 1420 2745 dicit,«
1439 2681 1498 2734 et
1525 2677 1680 2736 sicut
1699 2679 2054 2752 stillicidia,»

407 2761 466 2818 id
491 2765 582 2820 est
601 2779 756 2836 aqua
774 2762 1006 2821 stillans
1027 2764 1100 2821 de
1119 2763 1262 2822 caelo
1285 2787 1314 2817 ‹‹
1337 2765 1637 2824 stillicidia
1659 2791 1688 2820 »
1713 2769 1862 2838 dico,
1887 2792 1914 2821 «
1937 2769 2056 2827 stil-

403 2851 591 2909 lantia
620 2868 798 2927 super
824 2854 1061 2922 terram,
1090 2875 1118 2905 »
1153 2853 1212 2910 id
1242 2857 1332 2912 est
1359 2872 1538 2930 super
1564 2863 1786 2932 gentes.

479 2963 508 2994 ‹‹
528 2941 779 2999 Orietur.
801 2963 830 2994 ιν
855 2941 996 3000 Pars
1025 2943 1304 3000 secunda.
1326 2945 1470 3002 Ecce
1493 2968 1521 2996 ‹‹
1545 2947 1604 3002 in
1636 2946 1844 3005 diebus
1873 2951 2002 3022 ejus
2023 2972 2052 3002 »

405 3028 581 3104 regis,
615 3029 675 3086 id
705 3034 795 3088 est
823 3029 883 3086 in
913 3035 1174 3104 tempore
1203 3031 1439 3106 Christi,
1467 3057 1497 3086 «
1522 3035 1744 3092 orietur
1763 3039 2054 3110 justitia,»

405 3117 545 3192 quia
566 3135 670 3192 per
687 3119 816 3190 ejus
837 3119 1150 3176 adventum
1164 3120 1592 3192 justificabitur
1615 3127 1808 3182 omnis
1827 3128 2050 3199 justus,

409 3211 437 3256 ά
468 3209 526 3262 et
555 3205 923 3262 abundantia
951 3207 1132 3279 pacis,
1155 3229 1184 3259 »
1219 3207 1276 3264 id
1319 3214 1411 3266 est
1441 3213 1837 3272 reconciliatio
1867 3219 2052 3274 abun-

404 3293 580 3362 dans,
609 3291 750 3364 quia
779 3309 882 3364 per
909 3297 1098 3348 totum
1129 3295 1418 3352 mundum
1459 3297 1589 3366 erit,
1625 3300 1763 3372 quia
1789 3303 1862 3358 de
1892 3307 2052 3362 omni

403 3382 570 3454 parte
597 3382 772 3436 erunt
797 3379 1069 3438 homines
1101 3383 1454 3441 reconciliati
1476 3385 1616 3456 Deo,
1641 3406 1752 3461 pax
1773 3391 1902 3448 dico
1932 3411 2056 3466 per-

405 3484 711 3538 manens,«
734 3468 917 3525 donec
943 3469 1248 3526 auferatur
1273 3470 1436 3540 luna,
1458 3497 1488 3526 »
1511 3475 1570 3530 id
1602 3481 1693 3533 est
1710 3479 1894 3536 donec
1915 3499 2054 3554 prae-

403 3573 540 3614 sens
569 3555 828 3614 Ecclesia
857 3558 1179 3627 auferatur,
1205 3559 1263 3616 id
1285 3565 1375 3618 est
1401 3563 1505 3620 ﬁat
1533 3565 1877 3637 spiritualis,
1902 3571 2053 3626 scili-

400 3649 496 3704 cet
541 3645 913 3722 immortalis,
951 3647 1358 3721 impassibilis,
1385 3673 1413 3701 «
1444 3652 1628 3710 donec
1675 3656 1994 3730 auferatur,
2017 3684 2046 3712 ι»

399 3734 461 3792 id
491 3737 583 3792 est
608 3733 871 3809 quandiu
899 3737 1160 3796 mundus
1189 3736 1300 3795 erit
1325 3755 1338 3794 :
1364 3739 1488 3797 alia
1515 3743 1820 3802 translatio
1850 3746 2048 3822 habet,

405 3822 768 3883 sustollatur.

469 3913 574 3969 Hic
600 3913 858 3970 ostendit
889 3915 1341 3988 amplitudinem
1371 3908 1554 3993 regni,
1579 3945 1608 3971 «
1641 3926 1699 3978 et
1719 3945 1747 3974 n
1773 3923 1882 3981 iste
1903 3949 1930 3976 «
1952 3927 2047 3983 do-

398 4000 725 4058 minabitur
753 4018 790 4057 a
817 4002 967 4058 mari
989 4025 1018 4053 ››
1041 4004 1308 4063 orientali
1331 4031 1360 4058 «
1393 4025 1581 4082 usque
1609 4011 1682 4066 ad
1715 4029 1876 4070 mare
1898 4037 1926 4065 »
1951 4033 2046 4072 oc-

397 4087 704 4176 cidentale,
729 4108 758 4138 ‹‹
789 4092 846 4144 et
875 4105 910 4144 a
939 4090 1237 4160 flumine,»
1258 4095 1315 4150 id
1347 4100 1436 4152 est
1463 4114 1498 4152 a
1525 4098 1834 4172 Jordane,«
1860 4121 2046 4176 usque

397 4177 470 4233 ad
500 4175 786 4234 terminos
815 4176 974 4234 orbis
1005 4183 1317 4252 terrarum,
1335 4205 1362 4232 »
1383 4183 1442 4240 id
1475 4191 1565 4242 est
1590 4187 1650 4243 in
1679 4189 1928 4248 circuitu
1952 4175 2044 4250 to-

395 4259 516 4320 tius
545 4260 726 4321 orbis.
752 4265 859 4320 Per
888 4265 1106 4323 flumen
1127 4268 1422 4340 Jordanis,
1446 4273 1504 4328 in
1527 4290 1643 4346 quo
1664 4277 1928 4336 Christus
1950 4281 2046 4338 ba-

395 4350 651 4424 ptizatus
679 4355 788 4422 est,
811 4352 1134 4426 accipimus
1163 4355 1522 4430 baptismum
1555 4379 1659 4434 per
1677 4379 1854 4436 quem
1885 4367 2046 4424 Chri-

394 4444 526 4498 stus
555 4439 839 4499 dilatatur
868 4458 971 4516 per
997 4447 1188 4502 totum
1218 4447 1530 4505 mundum.

2167 533 2624 606 coinquinentur
2641 553 2676 591 a
2695 535 3031 591 turbinibus
3052 534 3234 606 hujus
3249 535 3398 602 vitm,
3412 533 3549 592 licet
3567 534 3820 592 cireum-

2169 639 2402 695 quaque
2429 625 2758 680 tunduntur
2777 641 2811 679 a
2831 623 3100 696 procellis
3131 623 3308 694 hujus
3338 625 3567 696 mundi,
3589 629 3650 681 et
3669 649 3699 676 ‹‹
3729 641 3816 682 re-

2169 727 2270 784 ges
2285 713 2542 767 Arabum
2565 717 2621 768 et
2643 713 2796 768 Saba
2814 735 2840 762 ››
2855 712 3014 770 illius
3035 712 3278 770 alterius
3297 713 3460 786 regni
3475 737 3502 764 «
3523 715 3820 772 adducent

2169 801 2343 868 dona,
2374 822 2399 849 »
2422 802 2577 873 quod
2609 805 2698 857 est
2725 801 3082 874 completum
3132 801 3192 856 in
3245 802 3548 859 nativitate
3579 803 3814 873 Christi,

2169 905 2304 944 cum
2337 889 2422 944 illi
2453 905 2636 962 rcges,
2662 888 2832 945 stella
2859 890 3028 959 duce,
3053 889 3284 946 Christo
3313 890 3559 945 Domino
3591 891 3818 948 diversa

2170 981 2415 1034 munera
2443 977 2783 1034 obtulerunt
2811 978 3016 1047 (Matth.
3040 979 3123 1051 ιι).
3146 977 3271 1046 Vel,
3305 977 3443 1051 quia
3483 979 3701 1035 Arabes
3731 980 3817 1036 di-

2168 1072 2384 1123 cuntur
2403 1085 2532 1124 esse
2553 1067 2827 1124 ditissimi
2848 1071 2904 1122 et
2925 1068 3296 1123 abundantes
3317 1067 3374 1122 in
3399 1067 3618 1124 divitiis
3639 1068 3817 1140 hujus

2167 1157 2314 1223 vita},
2341 1158 2524 1213 Sabaei
2559 1158 2928 1212 abundantes
2955 1157 3012 1211 in
3045 1156 3326 1212 odoribus
3354 1161 3412 1213 et
3437 1155 3569 1212 aliis
3595 1157 3819 1214 deliciis

2168 1247 2347 1318 hujus
2367 1247 2513 1314 vitae,
2543 1264 2860 1318 possumus
2891 1245 2974 1301 sic
2997 1245 3188 1301 dicere
3213 1263 3226 1300 :
3256 1268 3285 1296 ‹‹
3309 1262 3473 1319 reges
3500 1247 3819 1318 Arabum,»

2166 1335 2224 1390 id
2255 1341 2346 1392 est
2375 1337 2474 1408 qui
2507 1335 2770 1392 dimissis
2791 1335 3034 1406 divitiis,
3056 1339 3114 1390 ct
3133 1335 3381 1402 deliciis,
3404 1339 3462 1391 et
3482 1337 3823 1392 odorameno

2167 1425 2243 1481 tis
2265 1425 2444 1497 hujus
2463 1425 2610 1493 vitae,
2637 1425 2864 1498 seipsos
2887 1423 3166 1481 facientes
3188 1440 3376 1496 reges,
3403 1425 3658 1481 offerunt
3677 1425 3822 1499 scip-

2167 1531 2265 1570 sos
2295 1515 2410 1570 Deo
2440 1513 2496 1570 in
2532 1531 2812 1571 munera:
2840 1515 2926 1570 vel
2958 1514 3100 1586 quia
3146 1513 3360 1570 Arabia
3406 1513 3827 1587 interpretatur

2166 1605 2472 1676 humilitas,
2504 1606 2780 1661 succcnsio
2810 1603 2970 1672 Saba,
3005 1601 3392 1676 intelligimus
3421 1601 3698 1672 humiles,
3722 1603 3825 1676 qui

2167 1694 2227 1748 in
2259 1711 2321 1750 se
2353 1694 2719 1750 succendunt
2749 1693 2948 1750 omnia
2975 1691 3136 1762 vitia,
3169 1695 3226 1748 et
3255 1691 3338 1747 sic
3371 1691 3509 1748 facti
3539 1708 3728 1766 rcges,
3760 1709 3824 1750 se

2166 1783 2282 1840 Deo
2313 1799 2558 1840 munera
2581 1785 2856 1839 offerunt.

2238 1896 2266 1922 ‹‹
2299 1872 2370 1927 Et
2400 1895 2427 1923 »
2461 1875 2698 1946 propter
2744 1872 2855 1928 hoc
2885 1895 2912 1922 ‹‹
2945 1887 3080 1928 eum
3127 1893 3154 1920 ››
3201 1885 3395 1944 regem
3433 1893 3454 1920 ι
3491 1871 3827 1926 adorabunt

2167 1978 2370 2018 omnes
2419 1978 2586 2036 reges
2619 1985 2646 2011 »
2679 1962 2780 2034 qui
2829 1960 2994 2034 prius
3046 1958 3314 2016 solebant
3355 1959 3608 2029 adorari,
3642 1959 3701 2015 id
3732 1965 3827 2016 est

2167 2051 2348 2124 aliqui
2393 2053 2464 2108 de
2513 2051 2674 2107 omni
2723 2067 2932 2126 genere
2980 2067 3207 2125 regum,
3239 2054 3297 2106 et
3345 2051 3522 2106 etiam
3554 2074 3583 2100 ‹‹
3616 2067 3825 2110 omnes

2167 2144 2369 2212 gentes
2402 2162 2430 2190 »
2463 2158 2590 2214 qua;
2621 2141 2785 2213 prius
2833 2139 3103 2196 solebant
3139 2139 3354 2196 servire
3391 2139 3643 2197 terrenis
3673 2140 3825 2214 regi-

2168 2228 2299 2296 bus,
2321 2252 2349 2278 «
2383 2229 2636 2286 servient
2665 2229 2716 2286 ei
2744 2253 2771 2280 ››
2792 2228 3012 2286 cmlesti
3044 2229 3188 2302 regi.
3546 2287 3552 2297 ,

2239 2341 2267 2368 ‹‹
2293 2317 2555 2374 Servient
2579 2341 2600 2367 υ
2628 2319 2780 2384 dico,
2801 2323 2859 2374 et
2897 2318 3128 2387 merito,
3149 2341 3178 2368 ‹‹
3208 2318 3346 2390 quia
3382 2317 3510 2390 ipse
3552 2317 3824 2376 liberavit

2167 2423 2488 2478 pauperem
2523 2429 2537 2456 ›
2583 2423 2786 2464 verum
2809 2431 2837 2458 «
2873 2425 2907 2464 a
2935 2411 3190 2480 potente,
3217 2427 3240 2458 ι
3267 2407 3328 2464 id
3357 2410 3448 2463 est
3489 2425 3525 2462 a
3565 2407 3821 2480 diabolo,

2167 2495 2339 2568 cujus
2358 2495 2679 2568 potentiam
2705 2496 2964 2553 ostendit
2987 2495 3084 2552 ille
3116 2497 3214 2570 qui
3237 2495 3379 2552 dicit
3402 2513 3452 2552 τι
3475 2495 3623 2552 Cum
3654 2497 3825 2554 fortis

2169 2588 2430 2640 armatus
2471 2585 2730 2641 custodit
2771 2585 2985 2642 atrium
3038 2602 3214 2642 suum
3237 2586 3390 2655 (Luc.
3412 2587 3530 2655 x1):
3558 2607 3586 2636 »
3611 2588 3671 2642 et
3701 2603 3821 2643 non

2167 2671 2294 2730 dico
2319 2694 2347 2726 α
2368 2690 2738 2746 pauperem,-
2764 2675 2864 2748 qui
2887 2674 3098 2730 habeat
3119 2673 3343 2746 aliquid
3365 2673 3636 2744 subsidii,
3652 2675 3712 2730 id
3732 2679 3824 2732 est

2167 2761 2608 2819 liberationem:
2635 2764 2738 2820 sed
2771 2763 2941 2818 illum
2963 2787 2990 2813 ‹‹
3025 2779 3363 2836 pauperem,
3405 2762 3499 2818 cui
3548 2780 3667 2820 non
3695 2769 3820 2821 erat

2165 2852 2452 2924 adjutor,»
2478 2852 2537 2908 id
2569 2857 2657 2910 est
2687 2853 2786 2926 qui
2820 2869 2936 2909 non
2968 2855 3195 2926 poterat
3221 2851 3480 2922 liberari,
3504 2851 3591 2908 vel
3623 2869 3728 2926 per
3755 2853 3819 2910 li-

2164 2941 2370 2996 berum
2419 2942 2751 3009 arbitrium,
2773 2941 2861 2998 vel
2911 2941 3026 2998 alio
3077 2941 3269 3010 modo,
3304 2941 3418 2998 nisi
3465 2959 3571 3014 per
3616 2941 3816 3014 ipsum

2163 3029 2482 3101 Christum.
2507 3031 2670 3088 Unde
2715 3031 2972 3088 Joannes
3008 3029 3068 3086 in
3111 3029 3455 3105 Apocalypsi
3482 3048 3535 3087 τι
3555 3031 3682 3088 Non
3727 3035 3818 3088 est

2166 3117 2438 3176 inventus
2466 3119 2637 3190 alius,
2661 3121 2762 3194 qui
2805 3120 3021 3177 librum
3055 3121 3324 3194 aperiret,
3350 3119 3463 3177 nisi
3493 3137 3685 3194 agnus
3713 3121 3816 3194 qui

2163 3208 2392 3266 occisus
2423 3213 2513 3266 est
2539 3210 2720 3284 (Apoc.
2744 3213 2822 3280 v).
2845 3229 2872 3262 ι

2235 3299 2374 3355 Dico
2400 3321 2422 3348 «ι
2450 3317 2763 3372 pauperem
2798 3299 3121 3369 liberabit,»
3149 3303 3208 3356 et
3235 3298 3322 3354 illi
3347 3299 3612 3368 liberato,
3641 3323 3664 3350 ι
3690 3316 3819 3373 par-

2162 3391 2272 3457 cet,
2301 3411 2322 3435 -
2349 3387 2408 3444 id
2437 3391 2527 3444 est
2552 3375 2668 3444 non
2697 3389 2903 3460 puniet
2931 3389 3256 3445 secundum
3288 3387 3525 3460 singula
3553 3393 3814 3462 peccata,

2159 3475 2248 3531 vel
2277 3496 2298 3524 ι
2332 3481 2532 3550 parcet
2561 3476 2804 3551 pauperi
2831 3501 2852 3528 η
2879 3477 3019 3550 quia
3061 3494 3176 3534 non
3225 3476 3478 3550 patietur
3515 3494 3652 3534 eum
3684 3481 3814 3534 ten-

2162 3563 2273 3619 tari
2312 3583 2493 3638 supra
2549 3567 2607 3621 id
2665 3567 2821 3639 quod
2881 3571 3074 3639 potest
3102 3571 3158 3636 (Ι
3179 3566 3300 3624 Cor.
3323 3566 3472 3637 x):«
3494 3569 3552 3622 et
3598 3566 3812 3639 inopi»

2159 3653 2336 3710 etiam
2373 3675 2400 3708 α
2429 3660 2648 3728 parcet,
2675 3679 2703 3704 »
2737 3655 2820 3712 illi
2863 3655 2958 3712 cui
3008 3654 3240 3712 nullum
3288 3659 3379 3712 est
3427 3655 3810 3728 adjutorium,

2158 3742 2272 3800 nisi
2304 3744 2376 3800 ab
2407 3745 2534 3816 ipso
2559 3762 2572 3800 :
2599 3768 2626 3795 «
2660 3749 2718 3802 et
2748 3745 2976 3802 animas
3008 3761 3331 3818 pauperum
3363 3743 3554 3802 salvas
3582 3745 3759 3802 faciet
3779 3769 3810 3797 ››

2158 3833 2394 3889 tandem
2427 3833 2484 3890 in
2507 3834 2735 3906 judicio
2758 3838 2816 3890 et
2845 3839 2977 3908 post
3007 3837 3276 3891 mortem.
3445 3907 3450 3912 _

2227 3923 2298 3978 Et
2326 3939 2430 3995 per
2459 3921 2569 3979 hoc
2613 3923 2836 3979 scilicet
2883 3924 3037 3996 quod
3065 3946 3086 3973 ι
3115 3923 3362 3980 redimet
3389 3946 3416 3974 ››
3439 3925 3625 3996 pretio
3675 3941 3809 3981 san-

2156 4011 2354 4085 guinis
2384 4011 2475 4068 sui
2501 4029 2514 4066 :
2540 4015 2596 4068 et
2615 4011 2710 4067 hic
2731 4007 3039 4068 manifeste
3062 4017 3311 4086 mortem
3329 4011 3544 4068 Christi
3577 4030 3808 4070 annun-

2155 4098 2264 4156 tiat
2296 4117 2309 4155 :
2340 4121 2362 4148 α
2396 4100 2628 4156 animas
2657 4117 2858 4156 eorum
2891 4117 2958 4156 ex
2998 4100 3216 4168 usuris,
3253 4123 3281 4150 ››
3303 4101 3362 4156 id
3421 4105 3511 4158 est
3539 4118 3608 4157 ex
3637 4119 3811 4174 paena

2155 4206 2282 4262 quae
2327 4206 2431 4262 pro
2470 4193 2706 4261 peccato
2745 4189 2922 4246 datur
2944 4207 2957 4244 :
2978 4192 3036 4246 et
3055 4213 3083 4240 «
3115 4188 3444 4262 iniquitate,
3472 4211 3500 4240 ››
3523 4189 3582 4246 id
3612 4195 3706 4247 est
3735 4191 3808 4248 ab

2151 4277 2280 4350 ipso
2310 4281 2603 4351 peccato,«
2629 4281 2688 4332 et
2709 4294 2921 4334 nomen
2941 4294 3142 4335 eorum
3169 4301 3197 4329 ››
3220 4278 3443 4335 scilicet
3463 4279 3620 4351 quod
3641 4279 3806 4336 Chri-

2152 4365 2327 4422 stiani
2359 4369 2518 4438 sunt,
2548 4364 2686 4422 licet
2728 4370 2862 4422 ante
2901 4371 3164 4439 potentes
3205 4367 3385 4439 hujus
3426 4366 3634 4424 mundi
3666 4383 3805 4424 con-

2151 4457 2450 4510 temnatur
2479 4458 2546 4510 ut
2591 4453 2702 4512 vile
2749 4453 2993 4527 aliquid,
3031 4459 3227 4512 tamen
3257 4455 3368 4512 erit
3399 4478 3428 4507 «
3458 4455 3806 4514 honorabile

467 4551 496 4580 ‹‹
526 4529 733 4587 Coram
782 4529 882 4588 illo
923 4553 952 4582 »
993 4549 1149 4607 rege,
1173 4557 1202 4586 ‹‹
1231 4535 1535 4607 procident
1580 4540 1898 4615 ZEthiopes,
1921 4566 1950 4595 »
1983 4545 2040 4602 id
2070 4544 2121 4610 D
2151 4559 2348 4600 coram
2379 4542 2500 4611 illo,
2523 4565 2551 4594 ››
2585 4543 2644 4598 id
2673 4547 2764 4598 est
2793 4543 2852 4598 in
2883 4543 3248 4616 beneplacito
3279 4543 3458 4602 illius.

391 4621 483 4674 est
511 4618 812 4691 nigerrimi
843 4620 902 4676 in
935 4621 1206 4693 peccatis,
1233 4647 1261 4673 ‹‹
1294 4627 1352 4680 et
1379 4624 1603 4683 inimici
1648 4629 1777 4702 ejus
1819 4634 2034 4690 terram

390 4703 635 4794 lingent,
678 4729 705 4754 ››
749 4711 807 4764 et
851 4707 974 4765 haec
1019 4713 1245 4768 terrena
1299 4729 1531 4786 semper
1577 4722 1873 4789 appetent,
1907 4738 2035 4794 quae

389 4795 531 4850 sunt
559 4793 728 4852 cibus
757 4795 995 4853 diaboli.

457 4904 486 4934 «
511 4882 698 4957 Reges
722 4884 985 4955 Tharsis,
1005 4891 1063 4943 et
1083 4887 1342 4944 insulae.»
1365 4913 1394 4941 «
1417 4890 1659 4950 Tharsis
1685 4919 1712 4944 ι)
1733 4898 2036 4970 exploratio

384 4969 806 5044 interpretatur
851 4975 1062 5046 gaudii,
1086 4975 1172 5032 vel
1225 4981 1620 5052 cmi-temptatio.
1655 4969 1814 5042 Unde
1845 4987 2026 5045 dicit:

381 5058 575 5132 Aliqui
606 5061 904 5119 venientes
957 5064 1028 5119 de
1078 5065 1472 5137 exploratione
1517 5071 1737 5143 gaudii,
1788 5075 2029 5148 scilicet,

382 5149 728 5238 postpositis
757 5152 992 5226 gaudiis
1025 5152 1197 5210 istius
1227 5157 1455 5225 mundi,
1499 5158 1778 5218 facientes
1807 5165 2032 5238 seipsos

381 5233 530 5292 bene
551 5241 1292 5313 regnantes,camalitatem
1315 5261 1484 5302 suam
1499 5247 1586 5324 vel
1605 5247 1750 5306 alios
1768 5233 2030 5324 offerent,

382 5336 531 5393 quos
553 5327 624 5380 ad
651 5344 786 5383 eum
823 5332 1285 5388 convertent.Vel
1310 5357 1336 5383 «
1362 5334 1660 5404 Tharsis,»
1694 5338 1748 5392 id
1775 5346 1864 5396 est
1893 5360 2028 5399 con-

379 5410 779 5482 templationis
805 5434 1026 5492 reges,«
1049 5423 1292 5477 offerent
1324 5439 1567 5479 munera
1590 5448 1615 5475 »
1639 5433 1694 5482 et
1721 5450 1748 5478 ς(
1771 5429 1974 5484 insulm
2001 5454 2027 5480 »

379 5511 508 5568 quin
531 5506 672 5557 sunt
688 5503 748 5558 in
773 5506 962 5561 medio
987 5509 1186 5578 maris,
1207 5514 1264 5564 et
1285 5515 1424 5566 sunt
1445 5515 1600 5568 terra
1621 5514 1793 5571 sicca.
1823 5517 1927 5572 Per
1947 5519 2030 5574 in-

374 5581 540 5642 sulas
563 5604 690 5658 qua:
712 5595 851 5647 sunt
871 5597 1025 5650 terra
1045 5594 1200 5651 sicca
1219 5601 1276 5652 et
1296 5598 1660 5658 circumdata
1682 5603 1852 5672 mari,
1879 5605 2026 5662 acci-

2215 4631 2764 4688 Commcndationes
2787 4631 2944 4688 illius
2966 4632 3118 4706 regis
3139 4650 3191 4688 τα
3215 4637 3273 4689 et
3293 4633 3442 4690 vivet
3467 4655 3492 4682 »
3519 4633 3808 4690 cateruati-

2144 4719 2416 4788 ter.Vcl,«
2436 4721 2639 4789 vivet,»
2661 4721 2721 4776 id
2743 4725 2831 4777 est
2853 4725 3120 4778 mortuus
3142 4727 3463 4796 resurget,«
3487 4726 3542 4780 et
3563 4723 3808 4780 dabitur

2145 4809 2197 4868 ei
2227 4811 2300 4866 de
2326 4826 2467 4866 auro
2486 4809 2764 4879 Arabiae,»
2787 4810 2844 4867 id
2867 4814 2957 4868 est
2981 4811 3052 4866 de
3072 4811 3384 4884 praecipuis
3405 4811 3806 4884 sapientibus,

2144 4903 2209 4955 ut
2240 4898 2550 4971 Dionysius
2581 4901 2638 4954 et
2677 4898 2914 4956 Paulus.
2952 4899 3059 4956 Per
3099 4916 3310 4956 aurum
3355 4900 3604 4968 Arabiae,
3639 4902 3803 4974 quod

2143 4986 2379 5042 charius
2399 4989 2490 5041 est
2509 4985 2622 5040 alio
2645 5003 2808 5053 auro,
2823 5003 3008 5042 unum
3033 4985 3382 5060 intelligitur
3398 5004 3610 5044 aurum
3638 4988 3804 5046 illius

2140 5079 2306 5130 terra:
2337 5090 2466 5129 esse
2495 5075 2806 5146 optimum,
2836 5073 3222 5148 intelligimus
3253 5075 3540 5148 pretiosos
3569 5076 3804 5148 sapien-

2139 5167 2246 5231 tes,
2267 5165 2382 5232 α,οι
2412 5161 2739 5218 adorabunt
2766 5163 2838 5220 de
2865 5163 2992 5237 ipso
3021 5179 3272 5237 semper,
3293 5183 3320 5217 η
3345 5164 3404 5221 id
3434 5168 3526 5221 est
3555 5169 3805 5238 propter

2140 5251 2356 5324 ipsum,
2386 5255 2451 5308 ut
2479 5249 2739 5324 seipsum
2771 5252 2870 5308 det
2895 5253 3000 5322 eis,
3026 5251 3181 5309 sicut
3201 5251 3492 5310 diceretur
3521 5252 3594 5308 de
3625 5270 3798 5322 auro,

2140 5343 2363 5409 adorat,
2384 5340 2484 5413 qui
2517 5357 2726 5396 aurum
2757 5340 3036 5413 postulat.
3051 5340 3150 5396 Vel
3175 5341 3244 5397 de
3265 5341 3416 5414 ipso,
3441 5341 3499 5397 id
3521 5342 3803 5414 estjuxta

2139 5431 2358 5502 ipsum,
2394 5431 2450 5485 id
2499 5432 2588 5485 est
2625 5431 2949 5486 secundum
3000 5431 3108 5486 hoc
3137 5432 3290 5503 quod
3349 5431 3472 5504 ipse
3531 5429 3802 5488 instituit

2137 5537 2323 5586 orare,
2356 5519 2596 5586 scilicet,
2637 5521 2959 5575 cantabunt
2995 5536 3007 5576 :
3054 5519 3220 5575 Pater
3263 5523 3484 5584 noster,
3515 5523 3574 5575 et
3609 5541 3638 5568 «
3669 5525 3802 5578 tota

2137 5607 2249 5676 die,
2279 5632 2298 5657 ιι
2327 5607 2383 5663 id
2416 5612 2505 5664 est
2536 5609 2694 5664 omni
2724 5612 2984 5681 tempore
3010 5632 3037 5658 ‹‹
3068 5608 3412 5666 benediccnt
3441 5607 3512 5664 ei.
3544 5630 3566 5657 ι
