  <div class='ocr_page' id='page_1' title='image "/cluster/home/n/w/nwhite01/storage/ocr_20150623/116/hvd.32044054759808/224.png"; bbox 0 0 4080 6180; ppageno 0'>
   <div class='ocr_carea' id='block_1_1' title="bbox 266 318 369 383">
    <p class='ocr_par' dir='ltr' id='par_1_1' title="bbox 266 318 369 383">
     <span class='ocr_line' id='line_1_1' title="bbox 266 318 369 383; baseline 0 0"><span class='ocrx_word' id='word_1_1' title='bbox 266 318 369 383; x_wconf 78' lang='grc'><strong>437</strong></span> 
     </span>
    </p>
   </div>
   <div class='ocr_carea' id='block_1_2' title="bbox 1433 317 2473 389">
    <p class='ocr_par' dir='ltr' id='par_1_2' title="bbox 1433 317 2473 389">
     <span class='ocr_line' id='line_1_2' title="bbox 1433 317 2473 389; baseline 0.001 -5"><span class='ocrx_word' id='word_1_2' title='bbox 1433 317 1928 385; x_wconf 80' lang='lat' dir='ltr'><strong>EXPLANATIO</strong></span> <span class='ocrx_word' id='word_1_3' title='bbox 1971 318 2051 382; x_wconf 90' lang='lat' dir='ltr'><strong>IN</strong></span> <span class='ocrx_word' id='word_1_4' title='bbox 2092 320 2473 389; x_wconf 83' lang='lat' dir='ltr'><strong>PSALMOS.</strong></span> 
     </span>
    </p>
   </div>
   <div class='ocr_carea' id='block_1_3' title="bbox 3532 330 3652 403">
    <p class='ocr_par' dir='ltr' id='par_1_3' title="bbox 3532 330 3652 403">
     <span class='ocr_line' id='line_1_3' title="bbox 3532 330 3652 403; baseline 0.042 -5"><span class='ocrx_word' id='word_1_5' title='bbox 3532 330 3652 403; x_wconf 77' lang='lat'><strong>438</strong></span> 
     </span>
    </p>
   </div>
   <div class='ocr_carea' id='block_1_4' title="bbox 325 453 3654 534">
    <p class='ocr_par' dir='ltr' id='par_1_4' title="bbox 325 453 3654 534">
     <span class='ocr_line' id='line_1_4' title="bbox 325 453 3654 534; baseline 0.004 -20"><span class='ocrx_word' id='word_1_6' title='bbox 325 458 452 529; x_wconf 89' lang='lat' dir='ltr'><strong>Ipse</strong></span> <span class='ocrx_word' id='word_1_7' title='bbox 479 454 658 513; x_wconf 90' lang='lat' dir='ltr'><strong>etiam</strong></span> <span class='ocrx_word' id='word_1_8' title='bbox 692 477 722 506; x_wconf 87' lang='lat'><strong><em>«</em></strong></span> <span class='ocrx_word' id='word_1_9' title='bbox 754 453 864 511; x_wconf 91' lang='lat' dir='ltr'><strong>erit</strong></span> <span class='ocrx_word' id='word_1_10' title='bbox 891 455 1329 512; x_wconf 87' lang='lat' dir='ltr'><strong>ﬁrmamentum</strong></span> <span class='ocrx_word' id='word_1_11' title='bbox 1359 456 1419 511; x_wconf 92' lang='lat' dir='ltr'><strong>in</strong></span> <span class='ocrx_word' id='word_1_12' title='bbox 1451 455 1703 513; x_wconf 89' lang='lat' dir='ltr'><strong>summis</strong></span> <span class='ocrx_word' id='word_1_13' title='bbox 1722 471 1895 511; x_wconf 89' lang='lat' dir='ltr'><strong>mon-</strong></span> <span class='ocrx_word' id='word_1_14' title='bbox 1924 453 1981 522; x_wconf 84' lang='grc' dir='ltr'><strong>Α</strong></span> <span class='ocrx_word' id='word_1_15' title='bbox 2009 454 3654 534; x_wconf 81' lang='lat' dir='ltr'><strong>nalisJudaicipopuli,comprobantbootestimoniaﬁde-</strong></span> 
     </span>
    </p>
   </div>
   <div class='ocr_carea' id='block_1_5' title="bbox 259 545 1895 617">
    <p class='ocr_par' dir='ltr' id='par_1_5' title="bbox 259 545 1895 617">
     <span class='ocr_line' id='line_1_5' title="bbox 259 545 1895 617; baseline -0.002 -13"><span class='ocrx_word' id='word_1_16' title='bbox 259 548 419 615; x_wconf 89' lang='lat' dir='ltr'><strong>tium,</strong></span> <span class='ocrx_word' id='word_1_17' title='bbox 454 569 483 596; x_wconf 83' lang='lat'>»</span> <span class='ocrx_word' id='word_1_18' title='bbox 516 546 575 602; x_wconf 90' lang='lat' dir='ltr'>id</span> <span class='ocrx_word' id='word_1_19' title='bbox 622 548 714 602; x_wconf 89' lang='lat' dir='ltr'><strong>est</strong></span> <span class='ocrx_word' id='word_1_20' title='bbox 762 545 1180 617; x_wconf 81' lang='lat' dir='ltr'><strong>apostolorum,</strong></span> <span class='ocrx_word' id='word_1_21' title='bbox 1208 563 1324 617; x_wconf 89' lang='lat' dir='ltr'><strong>quo</strong></span> <span class='ocrx_word' id='word_1_22' title='bbox 1373 547 1574 602; x_wconf 90' lang='lat' dir='ltr'><strong>ﬁrmos</strong></span> <span class='ocrx_word' id='word_1_23' title='bbox 1619 545 1793 601; x_wconf 83' lang='lat' dir='ltr'><strong>faciet</strong></span> <span class='ocrx_word' id='word_1_24' title='bbox 1837 547 1895 600; x_wconf 90' lang='lat' dir='ltr'><strong>et</strong></span> 
     </span>
    </p>
   </div>
   <div class='ocr_carea' id='block_1_6' title="bbox 252 633 1888 707">
    <p class='ocr_par' dir='ltr' id='par_1_6' title="bbox 252 633 1888 707">
     <span class='ocr_line' id='line_1_6' title="bbox 252 633 1888 707; baseline -0.004 -14"><span class='ocrx_word' id='word_1_25' title='bbox 252 641 579 694; x_wconf 90' lang='lat' dir='ltr'><strong>constantes</strong></span> <span class='ocrx_word' id='word_1_26' title='bbox 600 659 626 684; x_wconf 86' lang='lat'><strong>«</strong></span> <span class='ocrx_word' id='word_1_27' title='bbox 653 635 713 690; x_wconf 90' lang='lat' dir='ltr'><strong>in</strong></span> <span class='ocrx_word' id='word_1_28' title='bbox 734 638 949 705; x_wconf 78' lang='lat' dir='ltr'><strong>terra,»</strong></span> <span class='ocrx_word' id='word_1_29' title='bbox 973 635 1073 690; x_wconf 90' lang='lat' dir='ltr'><strong>ubi</strong></span> <span class='ocrx_word' id='word_1_30' title='bbox 1096 635 1265 707; x_wconf 81' lang='lat' dir='ltr'>pauci</span> <span class='ocrx_word' id='word_1_31' title='bbox 1290 639 1539 707; x_wconf 91' lang='lat' dir='ltr'><strong>possunt</strong></span> <span class='ocrx_word' id='word_1_32' title='bbox 1559 650 1688 691; x_wconf 91' lang='lat' dir='ltr'><strong>esse</strong></span> <span class='ocrx_word' id='word_1_33' title='bbox 1712 633 1888 702; x_wconf 90' lang='lat' dir='ltr'><strong>ﬁrmi,</strong></span> 
     </span>
    </p>
   </div>
   <div class='ocr_carea' id='block_1_7' title="bbox 250 722 1892 796">
    <p class='ocr_par' dir='ltr' id='par_1_7' title="bbox 250 722 1892 796">
     <span class='ocr_line' id='line_1_7' title="bbox 250 722 1892 796; baseline -0.004 -12"><span class='ocrx_word' id='word_1_34' title='bbox 250 731 301 784; x_wconf 88' lang='lat' dir='ltr'><strong>et</strong></span> <span class='ocrx_word' id='word_1_35' title='bbox 326 725 424 782; x_wconf 90' lang='lat' dir='ltr'><strong>ubi</strong></span> <span class='ocrx_word' id='word_1_36' title='bbox 456 724 712 781; x_wconf 76' lang='lat' dir='ltr'><strong>maxime</strong></span> <span class='ocrx_word' id='word_1_37' title='bbox 732 741 882 796; x_wconf 89' lang='lat' dir='ltr'><strong>opus</strong></span> <span class='ocrx_word' id='word_1_38' title='bbox 902 725 1348 781; x_wconf 90' lang='lat' dir='ltr'><strong>conﬁrmatione</strong></span> <span class='ocrx_word' id='word_1_39' title='bbox 1370 722 1470 780; x_wconf 91' lang='lat' dir='ltr'><strong>Dei</strong></span> <span class='ocrx_word' id='word_1_40' title='bbox 1497 742 1510 781; x_wconf 94' lang='lat'>:</span> <span class='ocrx_word' id='word_1_41' title='bbox 1536 728 1593 781; x_wconf 89' lang='lat' dir='ltr'><strong>et</strong></span> <span class='ocrx_word' id='word_1_42' title='bbox 1613 747 1640 774; x_wconf 83' lang='lat'><strong>«</strong></span> <span class='ocrx_word' id='word_1_43' title='bbox 1665 725 1892 779; x_wconf 82' lang='lat' dir='ltr'><strong>fructus</strong></span> 
     </span>
    </p>
   </div>
   <div class='ocr_carea' id='block_1_8' title="bbox 250 812 1894 888">
    <p class='ocr_par' dir='ltr' id='par_1_8' title="bbox 250 812 1894 888">
     <span class='ocr_line' id='line_1_8' title="bbox 250 812 1894 888; baseline -0.003 -16"><span class='ocrx_word' id='word_1_44' title='bbox 250 817 385 888; x_wconf 84' lang='lat' dir='ltr'><strong>ejus,</strong></span> <span class='ocrx_word' id='word_1_45' title='bbox 411 837 442 863; x_wconf 83' lang='grc'><strong>››</strong></span> <span class='ocrx_word' id='word_1_46' title='bbox 464 813 523 868; x_wconf 91' lang='lat' dir='ltr'><strong>id</strong></span> <span class='ocrx_word' id='word_1_47' title='bbox 555 817 648 868; x_wconf 90' lang='lat' dir='ltr'><strong>est</strong></span> <span class='ocrx_word' id='word_1_48' title='bbox 675 813 831 868; x_wconf 88' lang='lat' dir='ltr'><strong>bona</strong></span> <span class='ocrx_word' id='word_1_49' title='bbox 858 812 1136 885; x_wconf 82' lang='lat' dir='ltr'><strong>operatio,</strong></span> <span class='ocrx_word' id='word_1_50' title='bbox 1165 830 1344 885; x_wconf 89' lang='lat' dir='ltr'><strong>quam</strong></span> <span class='ocrx_word' id='word_1_51' title='bbox 1376 829 1478 886; x_wconf 90' lang='lat' dir='ltr'><strong>per</strong></span> <span class='ocrx_word' id='word_1_52' title='bbox 1504 829 1638 869; x_wconf 91' lang='lat' dir='ltr'><strong>eum</strong></span> <span class='ocrx_word' id='word_1_53' title='bbox 1672 812 1894 869; x_wconf 86' lang='lat' dir='ltr'><strong>iaciunt</strong></span> 
     </span>
    </p>
   </div>
   <div class='ocr_carea' id='block_1_9' title="bbox 252 900 1893 975">
    <p class='ocr_par' dir='ltr' id='par_1_9' title="bbox 252 900 1893 975">
     <span class='ocr_line' id='line_1_9' title="bbox 252 900 1893 975; baseline -0.002 -14"><span class='ocrx_word' id='word_1_54' title='bbox 252 905 357 972; x_wconf 85' lang='lat' dir='ltr'><strong>sui,</strong></span> <span class='ocrx_word' id='word_1_55' title='bbox 379 926 409 953; x_wconf 85' lang='grc'><em>‹‹</em></span> <span class='ocrx_word' id='word_1_56' title='bbox 433 901 745 959; x_wconf 78' lang='lat' dir='ltr'><strong>extolletur</strong></span> <span class='ocrx_word' id='word_1_57' title='bbox 765 918 942 975; x_wconf 88' lang='lat' dir='ltr'><strong>super</strong></span> <span class='ocrx_word' id='word_1_58' title='bbox 962 901 1271 971; x_wconf 87' lang='lat' dir='ltr'><strong>Libanum,</strong></span> <span class='ocrx_word' id='word_1_59' title='bbox 1300 926 1327 951; x_wconf 86' lang='grc'><strong>››</strong></span> <span class='ocrx_word' id='word_1_60' title='bbox 1351 903 1408 957; x_wconf 92' lang='lat' dir='ltr'><strong>id</strong></span> <span class='ocrx_word' id='word_1_61' title='bbox 1431 905 1521 959; x_wconf 90' lang='lat' dir='ltr'><strong>est</strong></span> <span class='ocrx_word' id='word_1_62' title='bbox 1540 900 1893 957; x_wconf 81' lang='lat' dir='ltr'><strong>candidatio-</strong></span> 
     </span>
    </p>
   </div>
   <div class='ocr_carea' id='block_1_10' title="bbox 253 990 1894 1065">
    <p class='ocr_par' dir='ltr' id='par_1_10' title="bbox 253 990 1894 1065">
     <span class='ocr_line' id='line_1_10' title="bbox 253 990 1894 1065; baseline -0.002 -14"><span class='ocrx_word' id='word_1_63' title='bbox 253 1011 375 1051; x_wconf 86' lang='lat' dir='ltr'><strong>nem</strong></span> <span class='ocrx_word' id='word_1_64' title='bbox 406 994 591 1065; x_wconf 88' lang='lat' dir='ltr'><strong>hujus</strong></span> <span class='ocrx_word' id='word_1_65' title='bbox 619 991 851 1060; x_wconf 90' lang='lat' dir='ltr'><strong>mundi,</strong></span> <span class='ocrx_word' id='word_1_66' title='bbox 882 990 1023 1065; x_wconf 87' lang='lat' dir='ltr'><strong>quia</strong></span> <span class='ocrx_word' id='word_1_67' title='bbox 1049 990 1222 1064; x_wconf 89' lang='lat' dir='ltr'><strong>longe</strong></span> <span class='ocrx_word' id='word_1_68' title='bbox 1252 992 1523 1065; x_wconf 82' lang='lat' dir='ltr'><strong>digniora</strong></span> <span class='ocrx_word' id='word_1_69' title='bbox 1550 996 1691 1048; x_wconf 89' lang='lat' dir='ltr'><strong>sunt</strong></span> <span class='ocrx_word' id='word_1_70' title='bbox 1718 1009 1894 1064; x_wconf 91' lang='lat' dir='ltr'><strong>opera</strong></span> 
     </span>
    </p>
   </div>
   <div class='ocr_carea' id='block_1_11' title="bbox 244 1080 1893 1156">
    <p class='ocr_par' dir='ltr' id='par_1_11' title="bbox 244 1080 1893 1156">
     <span class='ocr_line' id='line_1_11' title="bbox 244 1080 1893 1156; baseline -0.001 -17"><span class='ocrx_word' id='word_1_71' title='bbox 244 1085 744 1156; x_wconf 88' lang='lat' dir='ltr'><strong>justorum,quam</strong></span> <span class='ocrx_word' id='word_1_72' title='bbox 764 1080 842 1137; x_wconf 90' lang='lat' dir='ltr'><strong>sit</strong></span> <span class='ocrx_word' id='word_1_73' title='bbox 861 1084 1319 1153; x_wconf 87' lang='lat' dir='ltr'><strong>quantacunque</strong></span> <span class='ocrx_word' id='word_1_74' title='bbox 1339 1082 1599 1153; x_wconf 88' lang='lat' dir='ltr'><strong>potentia</strong></span> <span class='ocrx_word' id='word_1_75' title='bbox 1618 1082 1798 1153; x_wconf 90' lang='lat' dir='ltr'><strong>hujus</strong></span> <span class='ocrx_word' id='word_1_76' title='bbox 1811 1082 1893 1137; x_wconf 89' lang='lat' dir='ltr'><strong>vi-</strong></span> 
     </span>
    </p>
   </div>
   <div class='ocr_carea' id='block_1_12' title="bbox 251 1169 1891 1228">
    <p class='ocr_par' dir='ltr' id='par_1_12' title="bbox 251 1169 1891 1228">
     <span class='ocr_line' id='line_1_12' title="bbox 251 1169 1891 1228; baseline -0.001 0"><span class='ocrx_word' id='word_1_77' title='bbox 251 1178 315 1228; x_wconf 69' lang='grc' dir='ltr'>ιω</span> <span class='ocrx_word' id='word_1_78' title='bbox 340 1189 352 1226; x_wconf 91' lang='lat'>:</span> <span class='ocrx_word' id='word_1_79' title='bbox 376 1176 436 1228; x_wconf 90' lang='lat' dir='ltr'><strong>et</strong></span> <span class='ocrx_word' id='word_1_80' title='bbox 464 1169 551 1226; x_wconf 86' lang='lat' dir='ltr'><strong>illi</strong></span> <span class='ocrx_word' id='word_1_81' title='bbox 582 1169 788 1227; x_wconf 90' lang='lat' dir='ltr'><strong>remoti</strong></span> <span class='ocrx_word' id='word_1_82' title='bbox 810 1192 837 1219; x_wconf 83' lang='lat'><strong><em>«</em></strong></span> <span class='ocrx_word' id='word_1_83' title='bbox 865 1170 935 1226; x_wconf 90' lang='lat' dir='ltr'><strong>de</strong></span> <span class='ocrx_word' id='word_1_84' title='bbox 970 1193 997 1219; x_wconf 85' lang='grc'><strong>››</strong></span> <span class='ocrx_word' id='word_1_85' title='bbox 1030 1170 1140 1226; x_wconf 90' lang='lat' dir='ltr'><strong>hac</strong></span> <span class='ocrx_word' id='word_1_86' title='bbox 1171 1194 1197 1219; x_wconf 90' lang='grc'><strong><em>‹‹</em></strong></span> <span class='ocrx_word' id='word_1_87' title='bbox 1233 1170 1463 1227; x_wconf 90' lang='lat' dir='ltr'><strong>civitate</strong></span> <span class='ocrx_word' id='word_1_88' title='bbox 1498 1194 1524 1221; x_wconf 83' lang='lat'><strong>»</strong></span> <span class='ocrx_word' id='word_1_89' title='bbox 1557 1175 1615 1227; x_wconf 92' lang='lat' dir='ltr'><strong>et</strong></span> <span class='ocrx_word' id='word_1_90' title='bbox 1645 1171 1803 1227; x_wconf 89' lang='lat' dir='ltr'><strong>ducti</strong></span> <span class='ocrx_word' id='word_1_91' title='bbox 1833 1171 1891 1226; x_wconf 91' lang='lat' dir='ltr'><strong>in</strong></span> 
     </span>
    </p>
   </div>
   <div class='ocr_carea' id='block_1_13' title="bbox 250 1257 1891 1332">
    <p class='ocr_par' dir='ltr' id='par_1_13' title="bbox 250 1257 1891 1332">
     <span class='ocr_line' id='line_1_13' title="bbox 250 1257 1891 1332; baseline -0.002 -15"><span class='ocrx_word' id='word_1_92' title='bbox 250 1261 419 1318; x_wconf 86' lang='lat' dir='ltr'><strong>aliam</strong></span> <span class='ocrx_word' id='word_1_93' title='bbox 452 1259 770 1325; x_wconf 88' lang='lat' dir='ltr'><strong>civitatem,</strong></span> <span class='ocrx_word' id='word_1_94' title='bbox 800 1257 859 1313; x_wconf 89' lang='lat' dir='ltr'><strong>id</strong></span> <span class='ocrx_word' id='word_1_95' title='bbox 899 1262 986 1314; x_wconf 90' lang='lat' dir='ltr'><strong>cst</strong></span> <span class='ocrx_word' id='word_1_96' title='bbox 1032 1259 1091 1314; x_wconf 90' lang='lat' dir='ltr'><strong>in</strong></span> <span class='ocrx_word' id='word_1_97' title='bbox 1144 1276 1459 1332; x_wconf 80' lang='lat' dir='ltr'><strong>supernam</strong></span> <span class='ocrx_word' id='word_1_98' title='bbox 1508 1260 1891 1330; x_wconf 85' lang='lat' dir='ltr'><strong>Hierusalem,</strong></span> 
     </span>
    </p>
   </div>
   <div class='ocr_carea' id='block_1_14' title="bbox 249 1347 1893 1422">
    <p class='ocr_par' dir='ltr' id='par_1_14' title="bbox 249 1347 1893 1422">
     <span class='ocr_line' id='line_1_14' title="bbox 249 1347 1893 1422; baseline -0.001 -16"><span class='ocrx_word' id='word_1_99' title='bbox 249 1375 277 1401; x_wconf 84' lang='lat'><strong><em>«</em></strong></span> <span class='ocrx_word' id='word_1_100' title='bbox 308 1350 602 1406; x_wconf 79' lang='lat' dir='ltr'><strong>florebunt</strong></span> <span class='ocrx_word' id='word_1_101' title='bbox 624 1371 652 1397; x_wconf 83' lang='lat'>»</span> <span class='ocrx_word' id='word_1_102' title='bbox 674 1348 809 1403; x_wconf 78' lang='lat' dir='ltr'><strong>facti</strong></span> <span class='ocrx_word' id='word_1_103' title='bbox 840 1347 1201 1404; x_wconf 84' lang='lat' dir='ltr'><strong>immortales</strong></span> <span class='ocrx_word' id='word_1_104' title='bbox 1232 1354 1290 1405; x_wconf 90' lang='lat' dir='ltr'><strong>et</strong></span> <span class='ocrx_word' id='word_1_105' title='bbox 1319 1349 1736 1422; x_wconf 88' lang='lat' dir='ltr'><strong>impassibiles,</strong></span> <span class='ocrx_word' id='word_1_106' title='bbox 1760 1373 1787 1399; x_wconf 85' lang='lat'><strong>«</strong></span> <span class='ocrx_word' id='word_1_107' title='bbox 1815 1350 1893 1405; x_wconf 86' lang='lat' dir='ltr'><strong>si-</strong></span> 
     </span>
    </p>
   </div>
   <div class='ocr_carea' id='block_1_15' title="bbox 246 1438 1893 1510">
    <p class='ocr_par' dir='ltr' id='par_1_15' title="bbox 246 1438 1893 1510">
     <span class='ocr_line' id='line_1_15' title="bbox 246 1438 1893 1510; baseline -0.002 -13"><span class='ocrx_word' id='word_1_108' title='bbox 246 1443 341 1498; x_wconf 89' lang='lat' dir='ltr'><strong>cut</strong></span> <span class='ocrx_word' id='word_1_109' title='bbox 366 1440 571 1495; x_wconf 78' lang='lat' dir='ltr'><strong>fenum</strong></span> <span class='ocrx_word' id='word_1_110' title='bbox 603 1442 766 1494; x_wconf 68' lang='lat' dir='ltr'><strong>terra:</strong></span> <span class='ocrx_word' id='word_1_111' title='bbox 792 1460 818 1487; x_wconf 84' lang='grc'><strong>››</strong></span> <span class='ocrx_word' id='word_1_112' title='bbox 850 1439 1009 1510; x_wconf 90' lang='lat' dir='ltr'><strong>quod</strong></span> <span class='ocrx_word' id='word_1_113' title='bbox 1038 1440 1130 1494; x_wconf 91' lang='lat' dir='ltr'><strong>est</strong></span> <span class='ocrx_word' id='word_1_114' title='bbox 1157 1438 1338 1494; x_wconf 86' lang='lat' dir='ltr'><strong>viride</strong></span> <span class='ocrx_word' id='word_1_115' title='bbox 1370 1442 1426 1493; x_wconf 90' lang='lat' dir='ltr'><strong>et</strong></span> <span class='ocrx_word' id='word_1_116' title='bbox 1457 1438 1730 1494; x_wconf 85' lang='lat' dir='ltr'><strong>ﬂoridum</strong></span> <span class='ocrx_word' id='word_1_117' title='bbox 1755 1455 1768 1494; x_wconf 90' lang='lat'><strong>:</strong></span> <span class='ocrx_word' id='word_1_118' title='bbox 1793 1456 1893 1494; x_wconf 87' lang='lat' dir='ltr'><strong>ae-</strong></span> 
     </span>
    </p>
   </div>
   <div class='ocr_carea' id='block_1_16' title="bbox 244 1526 1893 1602">
    <p class='ocr_par' dir='ltr' id='par_1_16' title="bbox 244 1526 1893 1602">
     <span class='ocr_line' id='line_1_16' title="bbox 244 1526 1893 1602; baseline -0.001 -17"><span class='ocrx_word' id='word_1_119' title='bbox 244 1529 462 1602; x_wconf 89' lang='lat' dir='ltr'><strong>cipitur</strong></span> <span class='ocrx_word' id='word_1_120' title='bbox 490 1552 520 1578; x_wconf 83' lang='grc'><strong>‹‹</strong></span> <span class='ocrx_word' id='word_1_121' title='bbox 544 1527 745 1583; x_wconf 84' lang='lat' dir='ltr'><strong>fenum</strong></span> <span class='ocrx_word' id='word_1_122' title='bbox 777 1549 806 1578; x_wconf 89' lang='lat'><strong>»</strong></span> <span class='ocrx_word' id='word_1_123' title='bbox 839 1526 900 1583; x_wconf 92' lang='lat' dir='ltr'><strong>in</strong></span> <span class='ocrx_word' id='word_1_124' title='bbox 930 1526 1089 1583; x_wconf 88' lang='lat' dir='ltr'><strong>mala</strong></span> <span class='ocrx_word' id='word_1_125' title='bbox 1134 1527 1582 1600; x_wconf 88' lang='lat' dir='ltr'><strong>signiﬁcatione,</strong></span> <span class='ocrx_word' id='word_1_126' title='bbox 1611 1528 1750 1600; x_wconf 83' lang='lat' dir='ltr'><strong>quia</strong></span> <span class='ocrx_word' id='word_1_127' title='bbox 1778 1527 1893 1583; x_wconf 90' lang='lat' dir='ltr'><strong>cito</strong></span> 
     </span>
    </p>
   </div>
   <div class='ocr_carea' id='block_1_17' title="bbox 244 1616 1237 1684">
    <p class='ocr_par' dir='ltr' id='par_1_17' title="bbox 244 1616 1237 1684">
     <span class='ocr_line' id='line_1_17' title="bbox 244 1616 1237 1684; baseline -0.005 -8"><span class='ocrx_word' id='word_1_128' title='bbox 244 1618 460 1676; x_wconf 84' lang='lat' dir='ltr'><strong>arescit</strong></span> <span class='ocrx_word' id='word_1_129' title='bbox 487 1620 546 1673; x_wconf 91' lang='lat' dir='ltr'><strong>et</strong></span> <span class='ocrx_word' id='word_1_130' title='bbox 574 1616 807 1684; x_wconf 87' lang='lat' dir='ltr'><strong>transit,</strong></span> <span class='ocrx_word' id='word_1_131' title='bbox 841 1616 943 1672; x_wconf 90' lang='lat' dir='ltr'><strong>sed</strong></span> <span class='ocrx_word' id='word_1_132' title='bbox 977 1633 1092 1673; x_wconf 92' lang='lat' dir='ltr'><strong>non</strong></span> <span class='ocrx_word' id='word_1_133' title='bbox 1124 1616 1237 1672; x_wconf 88' lang='lat' dir='ltr'><strong>hic.</strong></span> 
     </span>
    </p>
   </div>
   <div class='ocr_carea' id='block_1_18' title="bbox 309 1705 1893 1778">
    <p class='ocr_par' dir='ltr' id='par_1_18' title="bbox 309 1705 1893 1778">
     <span class='ocr_line' id='line_1_18' title="bbox 309 1705 1893 1778; baseline -0.001 -13"><span class='ocrx_word' id='word_1_134' title='bbox 309 1732 339 1757; x_wconf 85' lang='grc'><em>‹‹</em></span> <span class='ocrx_word' id='word_1_135' title='bbox 373 1706 466 1765; x_wconf 88' lang='lat' dir='ltr'><strong>Sit</strong></span> <span class='ocrx_word' id='word_1_136' title='bbox 484 1722 698 1764; x_wconf 89' lang='lat' dir='ltr'><strong>nomen</strong></span> <span class='ocrx_word' id='word_1_137' title='bbox 720 1706 876 1778; x_wconf 86' lang='lat' dir='ltr'><strong>ejus:</strong></span> <span class='ocrx_word' id='word_1_138' title='bbox 898 1728 924 1755; x_wconf 87' lang='grc'><strong>››</strong></span> <span class='ocrx_word' id='word_1_139' title='bbox 948 1706 1087 1762; x_wconf 87' lang='lat' dir='ltr'><strong>Pars</strong></span> <span class='ocrx_word' id='word_1_140' title='bbox 1112 1705 1457 1772; x_wconf 86' lang='lat' dir='ltr'><strong>tertia.Quia</strong></span> <span class='ocrx_word' id='word_1_141' title='bbox 1475 1707 1615 1762; x_wconf 82' lang='lat' dir='ltr'><strong>facit</strong></span> <span class='ocrx_word' id='word_1_142' title='bbox 1634 1724 1774 1763; x_wconf 91' lang='lat' dir='ltr'><strong>suos</strong></span> <span class='ocrx_word' id='word_1_143' title='bbox 1792 1708 1893 1763; x_wconf 86' lang='lat' dir='ltr'><strong>ﬁo-</strong></span> 
     </span>
    </p>
   </div>
   <div class='ocr_carea' id='block_1_19' title="bbox 2001 543 3654 630">
    <p class='ocr_par' dir='ltr' id='par_1_19' title="bbox 2001 543 3654 630">
     <span class='ocr_line' id='line_1_19' title="bbox 2001 543 3654 630; baseline 0.009 -30"><span class='ocrx_word' id='word_1_144' title='bbox 2001 543 2074 601; x_wconf 88' lang='lat' dir='ltr'><strong>lis</strong></span> <span class='ocrx_word' id='word_1_145' title='bbox 2104 545 2667 621; x_wconf 83' lang='lat' dir='ltr'><strong>Synagogae,quibus</strong></span> <span class='ocrx_word' id='word_1_146' title='bbox 2698 549 2928 606; x_wconf 87' lang='lat' dir='ltr'><strong>ﬁrmius</strong></span> <span class='ocrx_word' id='word_1_147' title='bbox 2957 552 3314 608; x_wconf 89' lang='lat' dir='ltr'><strong>credendum</strong></span> <span class='ocrx_word' id='word_1_148' title='bbox 3345 558 3435 612; x_wconf 88' lang='lat' dir='ltr'><strong>est</strong></span> <span class='ocrx_word' id='word_1_149' title='bbox 3466 572 3480 613; x_wconf 89' lang='lat'><strong>:</strong></span> <span class='ocrx_word' id='word_1_150' title='bbox 3513 556 3654 630; x_wconf 87' lang='lat' dir='ltr'><strong>quia</strong></span> 
     </span>
    </p>
   </div>
   <div class='ocr_carea' id='block_1_20' title="bbox 2000 634 3743 714">
    <p class='ocr_par' dir='ltr' id='par_1_20' title="bbox 2000 634 3743 714">
     <span class='ocr_line' id='line_1_20' title="bbox 2000 634 3743 714; baseline 0.01 -25"><span class='ocrx_word' id='word_1_151' title='bbox 2000 634 2165 707; x_wconf 92' lang='lat' dir='ltr'><strong>prius</strong></span> <span class='ocrx_word' id='word_1_152' title='bbox 2192 636 2322 709; x_wconf 89' lang='lat' dir='ltr'><strong>ipsa</strong></span> <span class='ocrx_word' id='word_1_153' title='bbox 2351 638 2657 712; x_wconf 83' lang='lat' dir='ltr'><strong>Synagoga</strong></span> <span class='ocrx_word' id='word_1_154' title='bbox 2681 638 3017 696; x_wconf 87' lang='lat' dir='ltr'><strong>laudaverat</strong></span> <span class='ocrx_word' id='word_1_155' title='bbox 3036 641 3220 697; x_wconf 91' lang='lat' dir='ltr'><strong>Deum</strong></span> <span class='ocrx_word' id='word_1_156' title='bbox 3244 659 3348 714; x_wconf 91' lang='lat' dir='ltr'><strong>pro</strong></span> <span class='ocrx_word' id='word_1_157' title='bbox 3370 644 3511 701; x_wconf 91' lang='lat' dir='ltr'><strong>solis</strong></span> <span class='ocrx_word' id='word_1_158' title='bbox 3533 649 3649 704; x_wconf 85' lang='lat' dir='ltr'><strong>ter-</strong></span> <span class='ocrx_word' id='word_1_159' title='bbox 3740 642 3743 647; x_wconf 60' lang='grc'><em>’</em></span> 
     </span>
    </p>
   </div>
   <div class='ocr_carea' id='block_1_21' title="bbox 2001 724 3647 809">
    <p class='ocr_par' dir='ltr' id='par_1_21' title="bbox 2001 724 3647 809">
     <span class='ocr_line' id='line_1_21' title="bbox 2001 724 3647 809; baseline 0.007 -29"><span class='ocrx_word' id='word_1_160' title='bbox 2001 724 2156 780; x_wconf 87' lang='lat' dir='ltr'><strong>renis</strong></span> <span class='ocrx_word' id='word_1_161' title='bbox 2183 742 2195 780; x_wconf 86' lang='lat'><strong>:</strong></span> <span class='ocrx_word' id='word_1_162' title='bbox 2221 729 2279 781; x_wconf 93' lang='lat' dir='ltr'><strong>et</strong></span> <span class='ocrx_word' id='word_1_163' title='bbox 2306 726 2416 782; x_wconf 87' lang='lat' dir='ltr'><strong>hoc</strong></span> <span class='ocrx_word' id='word_1_164' title='bbox 2446 727 2589 783; x_wconf 88' lang='lat' dir='ltr'><strong>dicit</strong></span> <span class='ocrx_word' id='word_1_165' title='bbox 2616 727 2882 800; x_wconf 89' lang='lat' dir='ltr'><strong>psalmus</strong></span> <span class='ocrx_word' id='word_1_166' title='bbox 2909 729 3200 802; x_wconf 90' lang='lat' dir='ltr'><strong>Asaph,id</strong></span> <span class='ocrx_word' id='word_1_167' title='bbox 3223 734 3311 787; x_wconf 91' lang='lat' dir='ltr'><strong>est</strong></span> <span class='ocrx_word' id='word_1_168' title='bbox 3330 732 3521 790; x_wconf 92' lang='lat' dir='ltr'><strong>ﬁdelis</strong></span> <span class='ocrx_word' id='word_1_169' title='bbox 3544 735 3647 809; x_wconf 82' lang='lat' dir='ltr'><strong>Sy-</strong></span> 
     </span>
    </p>
   </div>
   <div class='ocr_carea' id='block_1_22' title="bbox 2001 815 3650 895">
    <p class='ocr_par' dir='ltr' id='par_1_22' title="bbox 2001 815 3650 895">
     <span class='ocr_line' id='line_1_22' title="bbox 2001 815 3650 895; baseline 0.008 -28"><span class='ocrx_word' id='word_1_170' title='bbox 2001 829 2240 887; x_wconf 81' lang='lat' dir='ltr'><strong>nagogae</strong></span> <span class='ocrx_word' id='word_1_171' title='bbox 2272 831 2285 869; x_wconf 89' lang='lat'><strong>:</strong></span> <span class='ocrx_word' id='word_1_172' title='bbox 2317 815 2513 888; x_wconf 86' lang='lat' dir='ltr'><strong>Asaph</strong></span> <span class='ocrx_word' id='word_1_173' title='bbox 2545 816 2702 872; x_wconf 89' lang='lat' dir='ltr'><strong>enim</strong></span> <span class='ocrx_word' id='word_1_174' title='bbox 2733 816 3153 889; x_wconf 86' lang='lat' dir='ltr'><strong>interpretatur</strong></span> <span class='ocrx_word' id='word_1_175' title='bbox 3182 821 3574 895; x_wconf 87' lang='lat' dir='ltr'><strong>congregatio,</strong></span> <span class='ocrx_word' id='word_1_176' title='bbox 3592 826 3650 880; x_wconf 91' lang='lat' dir='ltr'><strong>et</strong></span> 
     </span>
    </p>
   </div>
   <div class='ocr_carea' id='block_1_23' title="bbox 2000 902 3644 986">
    <p class='ocr_par' dir='ltr' id='par_1_23' title="bbox 2000 902 3644 986">
     <span class='ocr_line' id='line_1_23' title="bbox 2000 902 3644 986; baseline 0.009 -30"><span class='ocrx_word' id='word_1_177' title='bbox 2000 905 2090 957; x_wconf 90' lang='lat' dir='ltr'><strong>est</strong></span> <span class='ocrx_word' id='word_1_178' title='bbox 2106 902 2292 974; x_wconf 87' lang='lat' dir='ltr'><strong>ipsius</strong></span> <span class='ocrx_word' id='word_1_179' title='bbox 2315 905 2731 977; x_wconf 73' lang='lat' dir='ltr'><strong>prophetae,vel</strong></span> <span class='ocrx_word' id='word_1_180' title='bbox 2751 905 3003 978; x_wconf 88' lang='lat' dir='ltr'><strong>alicujus</strong></span> <span class='ocrx_word' id='word_1_181' title='bbox 3014 907 3205 965; x_wconf 89' lang='lat' dir='ltr'><strong>ﬁdelis</strong></span> <span class='ocrx_word' id='word_1_182' title='bbox 3226 908 3297 966; x_wconf 90' lang='lat' dir='ltr'><strong>de</strong></span> <span class='ocrx_word' id='word_1_183' title='bbox 3318 911 3644 986; x_wconf 76' lang='lat' dir='ltr'><strong>Synagoga.</strong></span> 
     </span>
    </p>
   </div>
   <div class='ocr_carea' id='block_1_24' title="bbox 2002 990 3648 1073">
    <p class='ocr_par' dir='ltr' id='par_1_24' title="bbox 2002 990 3648 1073">
     <span class='ocr_line' id='line_1_24' title="bbox 2002 990 3648 1073; baseline 0.008 -28"><span class='ocrx_word' id='word_1_184' title='bbox 2002 990 2244 1047; x_wconf 88' lang='lat' dir='ltr'><strong>Materia</strong></span> <span class='ocrx_word' id='word_1_185' title='bbox 2271 997 2358 1049; x_wconf 89' lang='lat' dir='ltr'><strong>est</strong></span> <span class='ocrx_word' id='word_1_186' title='bbox 2387 993 2519 1066; x_wconf 90' lang='lat' dir='ltr'><strong>ipsa</strong></span> <span class='ocrx_word' id='word_1_187' title='bbox 2540 994 2730 1051; x_wconf 90' lang='lat' dir='ltr'><strong>ﬁdelis</strong></span> <span class='ocrx_word' id='word_1_188' title='bbox 2752 996 3077 1068; x_wconf 85' lang='lat' dir='ltr'><strong>Synagoga.</strong></span> <span class='ocrx_word' id='word_1_189' title='bbox 3104 998 3345 1068; x_wconf 86' lang='lat' dir='ltr'><strong>Modus;</strong></span> <span class='ocrx_word' id='word_1_190' title='bbox 3370 1000 3433 1055; x_wconf 91' lang='lat' dir='ltr'><strong>In</strong></span> <span class='ocrx_word' id='word_1_191' title='bbox 3455 1000 3648 1073; x_wconf 90' lang='lat' dir='ltr'><strong>prima</strong></span> 
     </span>
    </p>
   </div>
   <div class='ocr_carea' id='block_1_25' title="bbox 2001 1081 3647 1160">
    <p class='ocr_par' dir='ltr' id='par_1_25' title="bbox 2001 1081 3647 1160">
     <span class='ocr_line' id='line_1_25' title="bbox 2001 1081 3647 1160; baseline 0.008 -27"><span class='ocrx_word' id='word_1_192' title='bbox 2001 1084 2163 1150; x_wconf 90' lang='lat' dir='ltr'><strong>parte</strong></span> <span class='ocrx_word' id='word_1_193' title='bbox 2175 1081 2431 1137; x_wconf 85' lang='lat' dir='ltr'><strong>ostendit</strong></span> <span class='ocrx_word' id='word_1_194' title='bbox 2450 1100 2513 1137; x_wconf 91' lang='lat' dir='ltr'><strong>se</strong></span> <span class='ocrx_word' id='word_1_195' title='bbox 2535 1082 2851 1155; x_wconf 87' lang='lat' dir='ltr'><strong>aliquando</strong></span> <span class='ocrx_word' id='word_1_196' title='bbox 2873 1085 3255 1151; x_wconf 86' lang='lat' dir='ltr'><strong>errasse,visa</strong></span> <span class='ocrx_word' id='word_1_197' title='bbox 3268 1089 3647 1160; x_wconf 86' lang='lat' dir='ltr'><strong>prosperitate</strong></span> 
     </span>
    </p>
   </div>
   <div class='ocr_carea' id='block_1_26' title="bbox 2002 1169 3650 1247">
    <p class='ocr_par' dir='ltr' id='par_1_26' title="bbox 2002 1169 3650 1247">
     <span class='ocr_line' id='line_1_26' title="bbox 2002 1169 3650 1247; baseline 0.008 -24"><span class='ocrx_word' id='word_1_198' title='bbox 2002 1169 2313 1226; x_wconf 89' lang='lat' dir='ltr'><strong>malorum.</strong></span> <span class='ocrx_word' id='word_1_199' title='bbox 2332 1173 2394 1226; x_wconf 89' lang='lat' dir='ltr'><strong>In</strong></span> <span class='ocrx_word' id='word_1_200' title='bbox 2419 1173 2678 1228; x_wconf 89' lang='lat' dir='ltr'><strong>secunda</strong></span> <span class='ocrx_word' id='word_1_201' title='bbox 2697 1176 2881 1244; x_wconf 90' lang='lat' dir='ltr'><strong>parte,</strong></span> <span class='ocrx_word' id='word_1_202' title='bbox 2898 1190 3023 1245; x_wconf 65' lang='lat' dir='ltr'><strong>quis</strong></span> <span class='ocrx_word' id='word_1_203' title='bbox 3045 1173 3251 1247; x_wconf 90' lang='lat' dir='ltr'><strong>incipit</strong></span> <span class='ocrx_word' id='word_1_204' title='bbox 3273 1192 3287 1231; x_wconf 91' lang='lat'><strong>:</strong></span> <span class='ocrx_word' id='word_1_205' title='bbox 3312 1199 3342 1226; x_wconf 92' lang='lat'><strong><em>«</em></strong></span> <span class='ocrx_word' id='word_1_206' title='bbox 3366 1178 3498 1233; x_wconf 93' lang='lat' dir='ltr'><strong>Ideo</strong></span> <span class='ocrx_word' id='word_1_207' title='bbox 3518 1196 3650 1236; x_wconf 88' lang='lat' dir='ltr'><strong>con-</strong></span> 
     </span>
    </p>
   </div>
   <div class='ocr_carea' id='block_1_27' title="bbox 2000 1260 3649 1333">
    <p class='ocr_par' dir='ltr' id='par_1_27' title="bbox 2000 1260 3649 1333">
     <span class='ocr_line' id='line_1_27' title="bbox 2000 1260 3649 1333; baseline 0.005 -19"><span class='ocrx_word' id='word_1_208' title='bbox 2000 1263 2256 1315; x_wconf 88' lang='lat' dir='ltr'><strong>vertetur</strong></span> <span class='ocrx_word' id='word_1_209' title='bbox 2284 1260 2536 1333; x_wconf 91' lang='lat' dir='ltr'><strong>populus</strong></span> <span class='ocrx_word' id='word_1_210' title='bbox 2566 1277 2733 1317; x_wconf 91' lang='lat' dir='ltr'><strong>meus</strong></span> <span class='ocrx_word' id='word_1_211' title='bbox 2762 1261 2858 1317; x_wconf 93' lang='lat' dir='ltr'><strong>hic</strong></span> <span class='ocrx_word' id='word_1_212' title='bbox 2882 1283 2909 1311; x_wconf 85' lang='lat'><strong>»</strong></span> <span class='ocrx_word' id='word_1_213' title='bbox 2935 1262 3189 1318; x_wconf 88' lang='lat' dir='ltr'><strong>ostendit</strong></span> <span class='ocrx_word' id='word_1_214' title='bbox 3215 1265 3649 1323; x_wconf 90' lang='lat' dir='ltr'><strong>conversionem</strong></span> 
     </span>
    </p>
   </div>
   <div class='ocr_carea' id='block_1_28' title="bbox 2002 1349 3649 1416">
    <p class='ocr_par' dir='ltr' id='par_1_28' title="bbox 2002 1349 3649 1416">
     <span class='ocr_line' id='line_1_28' title="bbox 2002 1349 3649 1416; baseline 0.005 -12"><span class='ocrx_word' id='word_1_215' title='bbox 2002 1365 2171 1404; x_wconf 89' lang='lat' dir='ltr'><strong>suam</strong></span> <span class='ocrx_word' id='word_1_216' title='bbox 2203 1350 2275 1405; x_wconf 88' lang='lat' dir='ltr'><strong>ab</strong></span> <span class='ocrx_word' id='word_1_217' title='bbox 2308 1349 2417 1405; x_wconf 91' lang='lat' dir='ltr'><strong>hoc</strong></span> <span class='ocrx_word' id='word_1_218' title='bbox 2447 1366 2661 1416; x_wconf 89' lang='lat' dir='ltr'><strong>errore,</strong></span> <span class='ocrx_word' id='word_1_219' title='bbox 2694 1354 2752 1406; x_wconf 92' lang='lat' dir='ltr'><strong>et</strong></span> <span class='ocrx_word' id='word_1_220' title='bbox 2781 1350 3031 1407; x_wconf 89' lang='lat' dir='ltr'><strong>aliorum</strong></span> <span class='ocrx_word' id='word_1_221' title='bbox 3078 1351 3476 1410; x_wconf 88' lang='lat' dir='ltr'><strong>consimilium</strong></span> <span class='ocrx_word' id='word_1_222' title='bbox 3516 1355 3649 1412; x_wconf 91' lang='lat' dir='ltr'><strong>sibi.</strong></span> 
     </span>
    </p>
   </div>
   <div class='ocr_carea' id='block_1_29' title="bbox 2004 1438 3654 1518">
    <p class='ocr_par' dir='ltr' id='par_1_29' title="bbox 2004 1438 3654 1518">
     <span class='ocr_line' id='line_1_29' title="bbox 2004 1438 3654 1518; baseline 0.005 -25"><span class='ocrx_word' id='word_1_223' title='bbox 2004 1438 2068 1493; x_wconf 89' lang='lat' dir='ltr'><strong>In</strong></span> <span class='ocrx_word' id='word_1_224' title='bbox 2100 1438 2269 1494; x_wconf 86' lang='lat' dir='ltr'><strong>tertia</strong></span> <span class='ocrx_word' id='word_1_225' title='bbox 2299 1443 2483 1511; x_wconf 89' lang='lat' dir='ltr'><strong>parte,</strong></span> <span class='ocrx_word' id='word_1_226' title='bbox 2507 1457 2634 1512; x_wconf 82' lang='lat' dir='ltr'><strong>quae</strong></span> <span class='ocrx_word' id='word_1_227' title='bbox 2656 1438 2864 1512; x_wconf 88' lang='lat' dir='ltr'><strong>incipit</strong></span> <span class='ocrx_word' id='word_1_228' title='bbox 2889 1456 2900 1496; x_wconf 88' lang='lat'>:</span> <span class='ocrx_word' id='word_1_229' title='bbox 2930 1463 2959 1493; x_wconf 83' lang='lat'>«</span> <span class='ocrx_word' id='word_1_230' title='bbox 2978 1440 3393 1500; x_wconf 79' lang='lat' dir='ltr'><strong>Verumtamen</strong></span> <span class='ocrx_word' id='word_1_231' title='bbox 3418 1448 3654 1518; x_wconf 83' lang='lat' dir='ltr'><strong>propter</strong></span> 
     </span>
    </p>
   </div>
   <div class='ocr_carea' id='block_1_30' title="bbox 2003 1526 3654 1603">
    <p class='ocr_par' dir='ltr' id='par_1_30' title="bbox 2003 1526 3654 1603">
     <span class='ocr_line' id='line_1_30' title="bbox 2003 1526 3654 1603; baseline 0.005 -20"><span class='ocrx_word' id='word_1_232' title='bbox 2003 1526 2189 1595; x_wconf 91' lang='lat' dir='ltr'><strong>dolos,</strong></span> <span class='ocrx_word' id='word_1_233' title='bbox 2207 1530 2508 1584; x_wconf 75' lang='lat' dir='ltr'><strong>nostendit</strong></span> <span class='ocrx_word' id='word_1_234' title='bbox 2528 1530 2683 1601; x_wconf 94' lang='lat' dir='ltr'><strong>quod</strong></span> <span class='ocrx_word' id='word_1_235' title='bbox 2707 1544 2824 1585; x_wconf 92' lang='lat' dir='ltr'><strong>non</strong></span> <span class='ocrx_word' id='word_1_236' title='bbox 2847 1533 3077 1586; x_wconf 90' lang='lat' dir='ltr'><strong>tantum</strong></span> <span class='ocrx_word' id='word_1_237' title='bbox 3101 1546 3204 1603; x_wconf 92' lang='lat' dir='ltr'><strong>per</strong></span> <span class='ocrx_word' id='word_1_238' title='bbox 3225 1531 3654 1592; x_wconf 85' lang='lat' dir='ltr'><strong>novissimaho-</strong></span> 
     </span>
    </p>
   </div>
   <div class='ocr_carea' id='block_1_31' title="bbox 2003 1616 3651 1689">
    <p class='ocr_par' dir='ltr' id='par_1_31' title="bbox 2003 1616 3651 1689">
     <span class='ocr_line' id='line_1_31' title="bbox 2003 1616 3651 1689; baseline 0.004 -17"><span class='ocrx_word' id='word_1_239' title='bbox 2003 1616 2181 1672; x_wconf 87' lang='lat' dir='ltr'><strong>minis</strong></span> <span class='ocrx_word' id='word_1_240' title='bbox 2213 1617 2616 1689; x_wconf 86' lang='lat' dir='ltr'><strong>prosperitatis</strong></span> <span class='ocrx_word' id='word_1_241' title='bbox 2643 1617 2823 1689; x_wconf 87' lang='lat' dir='ltr'><strong>hujus</strong></span> <span class='ocrx_word' id='word_1_242' title='bbox 2846 1617 3043 1674; x_wconf 80' lang='lat' dir='ltr'><strong>saeculi</strong></span> <span class='ocrx_word' id='word_1_243' title='bbox 3060 1634 3188 1677; x_wconf 90' lang='lat' dir='ltr'><strong>esse</strong></span> <span class='ocrx_word' id='word_1_244' title='bbox 3210 1619 3365 1676; x_wconf 89' lang='lat' dir='ltr'><strong>mala</strong></span> <span class='ocrx_word' id='word_1_245' title='bbox 3385 1622 3651 1679; x_wconf 89' lang='lat' dir='ltr'><strong>conside-</strong></span> 
     </span>
    </p>
   </div>
   <div class='ocr_carea' id='block_1_32' title="bbox 2003 1706 3651 1782">
    <p class='ocr_par' dir='ltr' id='par_1_32' title="bbox 2003 1706 3651 1782">
     <span class='ocr_line' id='line_1_32' title="bbox 2003 1706 3651 1782; baseline 0.004 -21"><span class='ocrx_word' id='word_1_246' title='bbox 2003 1709 2185 1773; x_wconf 87' lang='lat' dir='ltr'><strong>ratur,</strong></span> <span class='ocrx_word' id='word_1_247' title='bbox 2216 1706 2317 1763; x_wconf 92' lang='lat' dir='ltr'><strong>sed</strong></span> <span class='ocrx_word' id='word_1_248' title='bbox 2348 1706 2527 1762; x_wconf 89' lang='lat' dir='ltr'><strong>etiam</strong></span> <span class='ocrx_word' id='word_1_249' title='bbox 2557 1722 2660 1779; x_wconf 90' lang='lat' dir='ltr'><strong>per</strong></span> <span class='ocrx_word' id='word_1_250' title='bbox 2680 1707 3009 1778; x_wconf 81' lang='lat' dir='ltr'><strong>praesentia,</strong></span> <span class='ocrx_word' id='word_1_251' title='bbox 3025 1708 3164 1780; x_wconf 88' lang='lat' dir='ltr'><strong>quia</strong></span> <span class='ocrx_word' id='word_1_252' title='bbox 3184 1712 3240 1764; x_wconf 92' lang='lat' dir='ltr'><strong>et</strong></span> <span class='ocrx_word' id='word_1_253' title='bbox 3260 1706 3419 1782; x_wconf 90' lang='lat' dir='ltr'><strong>ipsos</strong></span> <span class='ocrx_word' id='word_1_254' title='bbox 3442 1710 3651 1767; x_wconf 90' lang='lat' dir='ltr'><strong>divites</strong></span> 
     </span>
    </p>
   </div>
   <div class='ocr_carea' id='block_1_33' title="bbox 237 1794 3654 1894">
    <p class='ocr_par' dir='ltr' id='par_1_33' title="bbox 237 1794 3654 1894">
     <span class='ocr_line' id='line_1_33' title="bbox 237 1794 3654 1894; baseline 0 -39"><span class='ocrx_word' id='word_1_255' title='bbox 237 1814 389 1869; x_wconf 89' lang='lat' dir='ltr'><strong>rere,</strong></span> <span class='ocrx_word' id='word_1_256' title='bbox 419 1800 480 1853; x_wconf 91' lang='lat' dir='ltr'><strong>et</strong></span> <span class='ocrx_word' id='word_1_257' title='bbox 506 1796 627 1852; x_wconf 82' lang='lat' dir='ltr'><strong>haec</strong></span> <span class='ocrx_word' id='word_1_258' title='bbox 656 1794 855 1852; x_wconf 88' lang='lat' dir='ltr'><strong>omnia</strong></span> <span class='ocrx_word' id='word_1_259' title='bbox 883 1795 1037 1851; x_wconf 90' lang='lat' dir='ltr'><strong>bona</strong></span> <span class='ocrx_word' id='word_1_260' title='bbox 1067 1795 1293 1851; x_wconf 81' lang='lat' dir='ltr'><strong>confert</strong></span> <span class='ocrx_word' id='word_1_261' title='bbox 1321 1795 1427 1866; x_wconf 91' lang='lat' dir='ltr'><strong>eis,</strong></span> <span class='ocrx_word' id='word_1_262' title='bbox 1461 1796 1594 1852; x_wconf 92' lang='lat' dir='ltr'><strong>ideo</strong></span> <span class='ocrx_word' id='word_1_263' title='bbox 1627 1819 1655 1847; x_wconf 84' lang='lat'><strong><em>«</em></strong></span> <span class='ocrx_word' id='word_1_264' title='bbox 1680 1814 1892 1852; x_wconf 87' lang='lat' dir='ltr'><strong>nomen</strong></span> <span class='ocrx_word' id='word_1_265' title='bbox 1925 1827 1975 1894; x_wconf 80' lang='grc' dir='ltr'><strong>Β</strong></span> <span class='ocrx_word' id='word_1_266' title='bbox 2006 1796 2065 1851; x_wconf 90' lang='lat' dir='ltr'><strong>in</strong></span> <span class='ocrx_word' id='word_1_267' title='bbox 2099 1798 2331 1867; x_wconf 89' lang='lat' dir='ltr'><strong>peccato</strong></span> <span class='ocrx_word' id='word_1_268' title='bbox 2362 1795 2746 1868; x_wconf 82' lang='lat' dir='ltr'><strong>praecipitant,</strong></span> <span class='ocrx_word' id='word_1_269' title='bbox 2771 1798 2827 1852; x_wconf 88' lang='lat' dir='ltr'><strong>et</strong></span> <span class='ocrx_word' id='word_1_270' title='bbox 2853 1795 3037 1853; x_wconf 90' lang='lat' dir='ltr'><strong>bonos</strong></span> <span class='ocrx_word' id='word_1_271' title='bbox 3059 1795 3279 1853; x_wconf 88' lang='lat' dir='ltr'><strong>invidia</strong></span> <span class='ocrx_word' id='word_1_272' title='bbox 3299 1813 3502 1855; x_wconf 89' lang='lat' dir='ltr'><strong>eorum</strong></span> <span class='ocrx_word' id='word_1_273' title='bbox 3526 1816 3654 1872; x_wconf 88' lang='lat' dir='ltr'><strong>pee-</strong></span> 
     </span>
    </p>
   </div>
   <div class='ocr_carea' id='block_1_34' title="bbox 237 1884 1897 1959">
    <p class='ocr_par' dir='ltr' id='par_1_34' title="bbox 237 1884 1897 1959">
     <span class='ocr_line' id='line_1_34' title="bbox 237 1884 1897 1959; baseline -0.002 -16"><span class='ocrx_word' id='word_1_274' title='bbox 237 1888 373 1959; x_wconf 88' lang='lat' dir='ltr'><strong>ejus</strong></span> <span class='ocrx_word' id='word_1_275' title='bbox 400 1886 482 1942; x_wconf 92' lang='lat' dir='ltr'><strong>sit</strong></span> <span class='ocrx_word' id='word_1_276' title='bbox 509 1884 908 1953; x_wconf 83' lang='lat' dir='ltr'><strong>benedictum,</strong></span> <span class='ocrx_word' id='word_1_277' title='bbox 944 1907 971 1933; x_wconf 83' lang='lat'><strong>»</strong></span> <span class='ocrx_word' id='word_1_278' title='bbox 1003 1884 1060 1940; x_wconf 91' lang='lat' dir='ltr'><strong>id</strong></span> <span class='ocrx_word' id='word_1_279' title='bbox 1093 1888 1182 1941; x_wconf 91' lang='lat' dir='ltr'><strong>est</strong></span> <span class='ocrx_word' id='word_1_280' title='bbox 1210 1884 1336 1957; x_wconf 91' lang='lat' dir='ltr'><strong>ipse</strong></span> <span class='ocrx_word' id='word_1_281' title='bbox 1366 1884 1746 1941; x_wconf 89' lang='lat' dir='ltr'><strong>nominabilis</strong></span> <span class='ocrx_word' id='word_1_282' title='bbox 1773 1910 1799 1935; x_wconf 87' lang='grc'><strong>‹‹</strong></span> <span class='ocrx_word' id='word_1_283' title='bbox 1838 1885 1897 1940; x_wconf 90' lang='lat' dir='ltr'><strong>in</strong></span> 
     </span>
    </p>
   </div>
   <div class='ocr_carea' id='block_1_35' title="bbox 238 1972 1896 2047">
    <p class='ocr_par' dir='ltr' id='par_1_35' title="bbox 238 1972 1896 2047">
     <span class='ocr_line' id='line_1_35' title="bbox 238 1972 1896 2047; baseline -0.001 -16"><span class='ocrx_word' id='word_1_284' title='bbox 238 1973 483 2045; x_wconf 59' lang='lat' dir='ltr'><strong>secula,</strong></span> <span class='ocrx_word' id='word_1_285' title='bbox 506 1997 536 2024; x_wconf 84' lang='lat'><strong>»</strong></span> <span class='ocrx_word' id='word_1_286' title='bbox 556 1975 712 2047; x_wconf 91' lang='lat' dir='ltr'><strong>quod</strong></span> <span class='ocrx_word' id='word_1_287' title='bbox 736 1996 764 2023; x_wconf 84' lang='lat'><strong><em>«</em></strong></span> <span class='ocrx_word' id='word_1_288' title='bbox 788 1990 1001 2030; x_wconf 89' lang='lat' dir='ltr'><strong>nomen</strong></span> <span class='ocrx_word' id='word_1_289' title='bbox 1028 1997 1056 2023; x_wconf 82' lang='lat'>»</span> <span class='ocrx_word' id='word_1_290' title='bbox 1079 1974 1251 2030; x_wconf 90' lang='lat' dir='ltr'><strong>debet</strong></span> <span class='ocrx_word' id='word_1_291' title='bbox 1271 1972 1705 2047; x_wconf 88' lang='lat' dir='ltr'><strong>benedici,quia</strong></span> <span class='ocrx_word' id='word_1_292' title='bbox 1725 1997 1752 2024; x_wconf 86' lang='lat'><strong><em>«</em></strong></span> <span class='ocrx_word' id='word_1_293' title='bbox 1768 1974 1896 2046; x_wconf 89' lang='lat' dir='ltr'><strong>ejus</strong></span> 
     </span>
    </p>
   </div>
   <div class='ocr_carea' id='block_1_36' title="bbox 235 2061 1898 2136">
    <p class='ocr_par' dir='ltr' id='par_1_36' title="bbox 235 2061 1898 2136">
     <span class='ocr_line' id='line_1_36' title="bbox 235 2061 1898 2136; baseline -0.001 -16"><span class='ocrx_word' id='word_1_294' title='bbox 235 2080 483 2136; x_wconf 87' lang='lat' dir='ltr'><strong>nomen,</strong></span> <span class='ocrx_word' id='word_1_295' title='bbox 508 2086 537 2113; x_wconf 91' lang='grc'><strong>››</strong></span> <span class='ocrx_word' id='word_1_296' title='bbox 557 2063 617 2119; x_wconf 93' lang='lat' dir='ltr'><strong>id</strong></span> <span class='ocrx_word' id='word_1_297' title='bbox 638 2066 727 2120; x_wconf 90' lang='lat' dir='ltr'><strong>est</strong></span> <span class='ocrx_word' id='word_1_298' title='bbox 742 2062 867 2136; x_wconf 87' lang='lat' dir='ltr'><strong>ipse</strong></span> <span class='ocrx_word' id='word_1_299' title='bbox 891 2063 1269 2119; x_wconf 90' lang='lat' dir='ltr'><strong>nominabilis</strong></span> <span class='ocrx_word' id='word_1_300' title='bbox 1291 2085 1318 2113; x_wconf 84' lang='lat'><strong>«</strong></span> <span class='ocrx_word' id='word_1_301' title='bbox 1344 2062 1404 2118; x_wconf 91' lang='lat' dir='ltr'><strong>in</strong></span> <span class='ocrx_word' id='word_1_302' title='bbox 1430 2061 1642 2119; x_wconf 70' lang='lat' dir='ltr'><strong>saecula</strong></span> <span class='ocrx_word' id='word_1_303' title='bbox 1665 2084 1693 2112; x_wconf 88' lang='lat'>»</span> <span class='ocrx_word' id='word_1_304' title='bbox 1721 2086 1749 2113; x_wconf 85' lang='lat'><strong><em>«</em></strong></span> <span class='ocrx_word' id='word_1_305' title='bbox 1775 2079 1898 2135; x_wconf 90' lang='lat' dir='ltr'><strong>per-</strong></span> 
     </span>
    </p>
   </div>
   <div class='ocr_carea' id='block_1_37' title="bbox 238 2149 1894 2219">
    <p class='ocr_par' dir='ltr' id='par_1_37' title="bbox 238 2149 1894 2219">
     <span class='ocr_line' id='line_1_37' title="bbox 238 2149 1894 2219; baseline -0.002 -8"><span class='ocrx_word' id='word_1_306' title='bbox 238 2156 446 2211; x_wconf 83' lang='lat' dir='ltr'><strong>manet</strong></span> <span class='ocrx_word' id='word_1_307' title='bbox 471 2155 608 2210; x_wconf 82' lang='lat' dir='ltr'><strong>ante</strong></span> <span class='ocrx_word' id='word_1_308' title='bbox 635 2149 841 2219; x_wconf 83' lang='lat' dir='ltr'><strong>solem,</strong></span> <span class='ocrx_word' id='word_1_309' title='bbox 880 2174 908 2201; x_wconf 73' lang='lat' dir='ltr'><strong>n</strong></span> <span class='ocrx_word' id='word_1_310' title='bbox 938 2149 997 2208; x_wconf 89' lang='lat' dir='ltr'><strong>id</strong></span> <span class='ocrx_word' id='word_1_311' title='bbox 1029 2157 1120 2208; x_wconf 89' lang='lat' dir='ltr'><strong>est</strong></span> <span class='ocrx_word' id='word_1_312' title='bbox 1167 2156 1300 2209; x_wconf 89' lang='lat' dir='ltr'><strong>ante</strong></span> <span class='ocrx_word' id='word_1_313' title='bbox 1349 2152 1555 2208; x_wconf 90' lang='lat' dir='ltr'><strong>mundi</strong></span> <span class='ocrx_word' id='word_1_314' title='bbox 1605 2151 1894 2208; x_wconf 89' lang='lat' dir='ltr'><strong>constitu-</strong></span> 
     </span>
    </p>
   </div>
   <div class='ocr_carea' id='block_1_38' title="bbox 239 2243 486 2301">
    <p class='ocr_par' dir='ltr' id='par_1_38' title="bbox 239 2243 486 2301">
     <span class='ocr_line' id='line_1_38' title="bbox 239 2243 486 2301; baseline -0.008 -1"><span class='ocrx_word' id='word_1_315' title='bbox 239 2243 486 2301; x_wconf 84' lang='lat' dir='ltr'><strong>tionem.</strong></span> 
     </span>
    </p>
   </div>
   <div class='ocr_carea' id='block_1_39' title="bbox 312 2330 1896 2404">
    <p class='ocr_par' dir='ltr' id='par_1_39' title="bbox 312 2330 1896 2404">
     <span class='ocr_line' id='line_1_39' title="bbox 312 2330 1896 2404; baseline -0.002 -15"><span class='ocrx_word' id='word_1_316' title='bbox 312 2334 387 2389; x_wconf 85' lang='lat' dir='ltr'><strong>Et</strong></span> <span class='ocrx_word' id='word_1_317' title='bbox 413 2349 531 2389; x_wconf 91' lang='lat' dir='ltr'><strong>non</strong></span> <span class='ocrx_word' id='word_1_318' title='bbox 562 2330 754 2389; x_wconf 89' lang='lat' dir='ltr'><strong>solum</strong></span> <span class='ocrx_word' id='word_1_319' title='bbox 780 2331 907 2404; x_wconf 89' lang='lat' dir='ltr'><strong>ipse</strong></span> <span class='ocrx_word' id='word_1_320' title='bbox 936 2331 1047 2388; x_wconf 91' lang='lat' dir='ltr'><strong>erit</strong></span> <span class='ocrx_word' id='word_1_321' title='bbox 1066 2331 1430 2401; x_wconf 85' lang='lat' dir='ltr'><strong>benedictus,</strong></span> <span class='ocrx_word' id='word_1_322' title='bbox 1459 2333 1557 2388; x_wconf 89' lang='lat' dir='ltr'><strong>sed</strong></span> <span class='ocrx_word' id='word_1_323' title='bbox 1578 2348 1783 2388; x_wconf 89' lang='lat' dir='ltr'><strong>omnes</strong></span> <span class='ocrx_word' id='word_1_324' title='bbox 1804 2330 1896 2387; x_wconf 91' lang='lat' dir='ltr'><strong>sui</strong></span> 
     </span>
    </p>
   </div>
   <div class='ocr_carea' id='block_1_40' title="bbox 249 2420 1896 2496">
    <p class='ocr_par' dir='ltr' id='par_1_40' title="bbox 249 2420 1896 2496">
     <span class='ocr_line' id='line_1_40' title="bbox 249 2420 1896 2496; baseline 0 -18"><span class='ocrx_word' id='word_1_325' title='bbox 249 2440 350 2496; x_wconf 89' lang='lat' dir='ltr'><strong>per</strong></span> <span class='ocrx_word' id='word_1_326' title='bbox 374 2422 594 2495; x_wconf 89' lang='lat' dir='ltr'><strong>ipsum,</strong></span> <span class='ocrx_word' id='word_1_327' title='bbox 619 2425 676 2477; x_wconf 93' lang='lat' dir='ltr'><strong>et</strong></span> <span class='ocrx_word' id='word_1_328' title='bbox 703 2420 814 2476; x_wconf 91' lang='lat' dir='ltr'><strong>hoc</strong></span> <span class='ocrx_word' id='word_1_329' title='bbox 844 2423 950 2488; x_wconf 90' lang='lat' dir='ltr'><strong>est,</strong></span> <span class='ocrx_word' id='word_1_330' title='bbox 971 2443 999 2470; x_wconf 86' lang='grc'><strong>‹‹</strong></span> <span class='ocrx_word' id='word_1_331' title='bbox 1027 2424 1084 2476; x_wconf 91' lang='lat' dir='ltr'><strong>ct</strong></span> <span class='ocrx_word' id='word_1_332' title='bbox 1105 2420 1526 2477; x_wconf 89' lang='lat' dir='ltr'><strong>benedicentur</strong></span> <span class='ocrx_word' id='word_1_333' title='bbox 1544 2421 1604 2476; x_wconf 92' lang='lat' dir='ltr'><strong>in</strong></span> <span class='ocrx_word' id='word_1_334' title='bbox 1626 2420 1753 2493; x_wconf 89' lang='lat' dir='ltr'><strong>ipso</strong></span> <span class='ocrx_word' id='word_1_335' title='bbox 1775 2438 1896 2477; x_wconf 87' lang='lat' dir='ltr'><strong>om-</strong></span> 
     </span>
    </p>
   </div>
   <div class='ocr_carea' id='block_1_41' title="bbox 254 2508 1897 2581">
    <p class='ocr_par' dir='ltr' id='par_1_41' title="bbox 254 2508 1897 2581">
     <span class='ocr_line' id='line_1_41' title="bbox 254 2508 1897 2581; baseline -0.002 -13"><span class='ocrx_word' id='word_1_336' title='bbox 254 2529 353 2568; x_wconf 88' lang='lat' dir='ltr'><strong>nes</strong></span> <span class='ocrx_word' id='word_1_337' title='bbox 380 2511 571 2567; x_wconf 89' lang='lat' dir='ltr'><strong>tribus</strong></span> <span class='ocrx_word' id='word_1_338' title='bbox 602 2515 786 2579; x_wconf 72' lang='lat' dir='ltr'><strong>terrze,</strong></span> <span class='ocrx_word' id='word_1_339' title='bbox 814 2531 841 2560; x_wconf 83' lang='grc'><strong>››</strong></span> <span class='ocrx_word' id='word_1_340' title='bbox 874 2509 933 2564; x_wconf 90' lang='lat' dir='ltr'><strong>id</strong></span> <span class='ocrx_word' id='word_1_341' title='bbox 965 2512 1054 2565; x_wconf 91' lang='lat' dir='ltr'><strong>est</strong></span> <span class='ocrx_word' id='word_1_342' title='bbox 1082 2508 1267 2581; x_wconf 90' lang='lat' dir='ltr'><strong>aliqui</strong></span> <span class='ocrx_word' id='word_1_343' title='bbox 1297 2510 1369 2565; x_wconf 93' lang='lat' dir='ltr'><strong>de</strong></span> <span class='ocrx_word' id='word_1_344' title='bbox 1416 2509 1577 2565; x_wconf 90' lang='lat' dir='ltr'><strong>omni</strong></span> <span class='ocrx_word' id='word_1_345' title='bbox 1623 2509 1805 2579; x_wconf 89' lang='lat' dir='ltr'><strong>tribu,</strong></span> <span class='ocrx_word' id='word_1_346' title='bbox 1838 2514 1897 2566; x_wconf 92' lang='lat' dir='ltr'><strong>et</strong></span> 
     </span>
    </p>
   </div>
   <div class='ocr_carea' id='block_1_42' title="bbox 256 2598 1897 2675">
    <p class='ocr_par' dir='ltr' id='par_1_42' title="bbox 256 2598 1897 2675">
     <span class='ocr_line' id='line_1_42' title="bbox 256 2598 1897 2675; baseline -0.002 -18"><span class='ocrx_word' id='word_1_347' title='bbox 256 2600 469 2675; x_wconf 88' lang='lat' dir='ltr'><strong>perboc</strong></span> <span class='ocrx_word' id='word_1_348' title='bbox 482 2624 510 2652; x_wconf 88' lang='lat'>«</span> <span class='ocrx_word' id='word_1_349' title='bbox 524 2615 732 2656; x_wconf 89' lang='lat' dir='ltr'><strong>omnes</strong></span> <span class='ocrx_word' id='word_1_350' title='bbox 752 2602 957 2673; x_wconf 81' lang='lat' dir='ltr'><strong>gentes</strong></span> <span class='ocrx_word' id='word_1_351' title='bbox 980 2598 1450 2671; x_wconf 87' lang='lat' dir='ltr'><strong>magniﬁcabunt</strong></span> <span class='ocrx_word' id='word_1_352' title='bbox 1470 2599 1897 2672; x_wconf 84' lang='lat' dir='ltr'><strong>eum.»thuia</strong></span> 
     </span>
    </p>
   </div>
   <div class='ocr_carea' id='block_1_43' title="bbox 259 2686 1898 2763">
    <p class='ocr_par' dir='ltr' id='par_1_43' title="bbox 259 2686 1898 2763">
     <span class='ocr_line' id='line_1_43' title="bbox 259 2686 1898 2763; baseline -0.001 -17"><span class='ocrx_word' id='word_1_353' title='bbox 259 2690 535 2763; x_wconf 87' lang='lat' dir='ltr'><strong>Propheta</strong></span> <span class='ocrx_word' id='word_1_354' title='bbox 563 2687 843 2761; x_wconf 85' lang='lat' dir='ltr'><strong>intelligit</strong></span> <span class='ocrx_word' id='word_1_355' title='bbox 873 2703 936 2743; x_wconf 90' lang='lat' dir='ltr'><strong>se</strong></span> <span class='ocrx_word' id='word_1_356' title='bbox 965 2687 1025 2742; x_wconf 91' lang='lat' dir='ltr'><strong>in</strong></span> <span class='ocrx_word' id='word_1_357' title='bbox 1056 2686 1184 2759; x_wconf 92' lang='lat' dir='ltr'><strong>ipso</strong></span> <span class='ocrx_word' id='word_1_358' title='bbox 1223 2703 1351 2743; x_wconf 88' lang='lat' dir='ltr'><strong>esse</strong></span> <span class='ocrx_word' id='word_1_359' title='bbox 1402 2687 1800 2756; x_wconf 90' lang='lat' dir='ltr'><strong>benedictum,</strong></span> <span class='ocrx_word' id='word_1_360' title='bbox 1828 2704 1898 2744; x_wconf 86' lang='lat' dir='ltr'><strong>ex</strong></span> 
     </span>
    </p>
   </div>
   <div class='ocr_carea' id='block_1_44' title="bbox 262 2776 1895 2852">
    <p class='ocr_par' dir='ltr' id='par_1_44' title="bbox 262 2776 1895 2852">
     <span class='ocr_line' id='line_1_44' title="bbox 262 2776 1895 2852; baseline -0.001 -17"><span class='ocrx_word' id='word_1_361' title='bbox 262 2783 419 2852; x_wconf 87' lang='lat' dir='ltr'><strong>parte</strong></span> <span class='ocrx_word' id='word_1_362' title='bbox 446 2796 555 2834; x_wconf 90' lang='lat' dir='ltr'><strong>sua</strong></span> <span class='ocrx_word' id='word_1_363' title='bbox 575 2777 867 2835; x_wconf 87' lang='lat' dir='ltr'><strong>benedicit</strong></span> <span class='ocrx_word' id='word_1_364' title='bbox 886 2776 1404 2834; x_wconf 87' lang='lat' dir='ltr'><strong>Deo.Continuatio</strong></span> <span class='ocrx_word' id='word_1_365' title='bbox 1428 2793 1441 2833; x_wconf 89' lang='lat'><strong>:</strong></span> <span class='ocrx_word' id='word_1_366' title='bbox 1466 2776 1660 2846; x_wconf 85' lang='lat' dir='ltr'><strong>Dico,«</strong></span> <span class='ocrx_word' id='word_1_367' title='bbox 1686 2777 1746 2833; x_wconf 92' lang='lat' dir='ltr'><strong>in</strong></span> <span class='ocrx_word' id='word_1_368' title='bbox 1767 2777 1895 2850; x_wconf 90' lang='lat' dir='ltr'><strong>ipso</strong></span> 
     </span>
    </p>
   </div>
   <div class='ocr_carea' id='block_1_45' title="bbox 267 2865 1898 2939">
    <p class='ocr_par' dir='ltr' id='par_1_45' title="bbox 267 2865 1898 2939">
     <span class='ocr_line' id='line_1_45' title="bbox 267 2865 1898 2939; baseline -0.001 -15"><span class='ocrx_word' id='word_1_369' title='bbox 267 2868 677 2924; x_wconf 87' lang='lat' dir='ltr'><strong>benedicentur</strong></span> <span class='ocrx_word' id='word_1_370' title='bbox 704 2882 909 2922; x_wconf 91' lang='lat' dir='ltr'><strong>omnes</strong></span> <span class='ocrx_word' id='word_1_371' title='bbox 940 2865 1131 2923; x_wconf 89' lang='lat' dir='ltr'><strong>tribus</strong></span> <span class='ocrx_word' id='word_1_372' title='bbox 1158 2869 1348 2935; x_wconf 67' lang='lat' dir='ltr'><strong>terrae,</strong></span> <span class='ocrx_word' id='word_1_373' title='bbox 1373 2889 1401 2915; x_wconf 88' lang='lat'>»</span> <span class='ocrx_word' id='word_1_374' title='bbox 1423 2870 1480 2921; x_wconf 89' lang='lat' dir='ltr'><strong>et</strong></span> <span class='ocrx_word' id='word_1_375' title='bbox 1507 2866 1634 2922; x_wconf 87' lang='lat' dir='ltr'><strong>ideo</strong></span> <span class='ocrx_word' id='word_1_376' title='bbox 1665 2865 1790 2939; x_wconf 90' lang='lat' dir='ltr'><strong>ipse</strong></span> <span class='ocrx_word' id='word_1_377' title='bbox 1821 2865 1898 2922; x_wconf 88' lang='lat' dir='ltr'><strong>sit</strong></span> 
     </span>
    </p>
   </div>
   <div class='ocr_carea' id='block_1_46' title="bbox 265 2954 1894 3027">
    <p class='ocr_par' dir='ltr' id='par_1_46' title="bbox 265 2954 1894 3027">
     <span class='ocr_line' id='line_1_46' title="bbox 265 2954 1894 3027; baseline -0.002 -14"><span class='ocrx_word' id='word_1_378' title='bbox 265 2980 293 3007; x_wconf 86' lang='lat'><strong><em>»</em></strong></span> <span class='ocrx_word' id='word_1_379' title='bbox 316 2957 649 3013; x_wconf 86' lang='lat' dir='ltr'><strong>benedictus</strong></span> <span class='ocrx_word' id='word_1_380' title='bbox 673 2955 960 3012; x_wconf 90' lang='lat' dir='ltr'><strong>Dominus</strong></span> <span class='ocrx_word' id='word_1_381' title='bbox 987 2955 1141 3011; x_wconf 92' lang='lat' dir='ltr'><strong>Deus</strong></span> <span class='ocrx_word' id='word_1_382' title='bbox 1174 2954 1478 3027; x_wconf 90' lang='lat' dir='ltr'><strong>lsrael,qui</strong></span> <span class='ocrx_word' id='word_1_383' title='bbox 1498 2955 1636 3010; x_wconf 88' lang='lat' dir='ltr'><strong>facit</strong></span> <span class='ocrx_word' id='word_1_384' title='bbox 1656 2955 1894 3011; x_wconf 88' lang='lat' dir='ltr'><strong>mirabi-</strong></span> 
     </span>
    </p>
   </div>
   <div class='ocr_carea' id='block_1_47' title="bbox 260 3043 1898 3119">
    <p class='ocr_par' dir='ltr' id='par_1_47' title="bbox 260 3043 1898 3119">
     <span class='ocr_line' id='line_1_47' title="bbox 260 3043 1898 3119; baseline -0.001 -18"><span class='ocrx_word' id='word_1_385' title='bbox 260 3044 336 3101; x_wconf 90' lang='lat' dir='ltr'><strong>lia</strong></span> <span class='ocrx_word' id='word_1_386' title='bbox 358 3062 627 3119; x_wconf 82' lang='lat' dir='ltr'><strong>magna,»</strong></span> <span class='ocrx_word' id='word_1_387' title='bbox 648 3045 705 3101; x_wconf 90' lang='lat' dir='ltr'><strong>id</strong></span> <span class='ocrx_word' id='word_1_388' title='bbox 738 3048 828 3100; x_wconf 90' lang='lat' dir='ltr'><strong>est</strong></span> <span class='ocrx_word' id='word_1_389' title='bbox 855 3044 1281 3116; x_wconf 85' lang='lat' dir='ltr'><strong>reparationem</strong></span> <span class='ocrx_word' id='word_1_390' title='bbox 1312 3044 1558 3100; x_wconf 88' lang='lat' dir='ltr'><strong>humani</strong></span> <span class='ocrx_word' id='word_1_391' title='bbox 1583 3043 1898 3117; x_wconf 90' lang='lat' dir='ltr'><strong>generis,et</strong></span> 
     </span>
    </p>
   </div>
   <div class='ocr_carea' id='block_1_48' title="bbox 258 3132 1898 3206">
    <p class='ocr_par' dir='ltr' id='par_1_48' title="bbox 258 3132 1898 3206">
     <span class='ocr_line' id='line_1_48' title="bbox 258 3132 1898 3206; baseline -0.001 -16"><span class='ocrx_word' id='word_1_392' title='bbox 258 3133 367 3192; x_wconf 85' lang='lat' dir='ltr'><strong>alia</strong></span> <span class='ocrx_word' id='word_1_393' title='bbox 395 3152 409 3192; x_wconf 90' lang='lat'><strong>:</strong></span> <span class='ocrx_word' id='word_1_394' title='bbox 441 3159 469 3186; x_wconf 91' lang='grc'><em>‹‹</em></span> <span class='ocrx_word' id='word_1_395' title='bbox 502 3133 665 3192; x_wconf 89' lang='lat' dir='ltr'><strong>solus</strong></span> <span class='ocrx_word' id='word_1_396' title='bbox 696 3156 726 3183; x_wconf 88' lang='grc'><em>››</em></span> <span class='ocrx_word' id='word_1_397' title='bbox 758 3132 897 3206; x_wconf 91' lang='lat' dir='ltr'><strong>quia</strong></span> <span class='ocrx_word' id='word_1_398' title='bbox 926 3132 1125 3189; x_wconf 90' lang='lat' dir='ltr'><strong>nullus</strong></span> <span class='ocrx_word' id='word_1_399' title='bbox 1156 3132 1309 3189; x_wconf 89' lang='lat' dir='ltr'><strong>alius</strong></span> <span class='ocrx_word' id='word_1_400' title='bbox 1330 3136 1521 3206; x_wconf 90' lang='lat' dir='ltr'><strong>potest</strong></span> <span class='ocrx_word' id='word_1_401' title='bbox 1541 3132 1735 3190; x_wconf 88' lang='lat' dir='ltr'><strong>ea.Vel</strong></span> <span class='ocrx_word' id='word_1_402' title='bbox 1759 3157 1786 3183; x_wconf 86' lang='lat'><strong><em>«</em></strong></span> <span class='ocrx_word' id='word_1_403' title='bbox 1812 3150 1898 3189; x_wconf 89' lang='lat' dir='ltr'><strong>so-</strong></span> 
     </span>
    </p>
   </div>
   <div class='ocr_carea' id='block_1_49' title="bbox 2006 1883 3649 1959">
    <p class='ocr_par' dir='ltr' id='par_1_49' title="bbox 2006 1883 3649 1959">
     <span class='ocr_line' id='line_1_49' title="bbox 2006 1883 3649 1959; baseline 0.002 -19"><span class='ocrx_word' id='word_1_404' title='bbox 2006 1900 2139 1940; x_wconf 90' lang='lat' dir='ltr'><strong>care</strong></span> <span class='ocrx_word' id='word_1_405' title='bbox 2169 1883 2408 1940; x_wconf 88' lang='lat' dir='ltr'><strong>faciunt.</strong></span> <span class='ocrx_word' id='word_1_406' title='bbox 2444 1885 2507 1940; x_wconf 90' lang='lat' dir='ltr'><strong>In</strong></span> <span class='ocrx_word' id='word_1_407' title='bbox 2538 1888 2747 1957; x_wconf 89' lang='lat' dir='ltr'><strong>quarta</strong></span> <span class='ocrx_word' id='word_1_408' title='bbox 2779 1887 2961 1957; x_wconf 88' lang='lat' dir='ltr'><strong>parte,</strong></span> <span class='ocrx_word' id='word_1_409' title='bbox 2995 1900 3123 1957; x_wconf 76' lang='lat' dir='ltr'><strong>qum</strong></span> <span class='ocrx_word' id='word_1_410' title='bbox 3152 1884 3359 1959; x_wconf 80' lang='lat' dir='ltr'><strong>incipit</strong></span> <span class='ocrx_word' id='word_1_411' title='bbox 3391 1902 3404 1942; x_wconf 88' lang='lat'><strong>:</strong></span> <span class='ocrx_word' id='word_1_412' title='bbox 3438 1910 3467 1938; x_wconf 86' lang='lat'><em>«</em></span> <span class='ocrx_word' id='word_1_413' title='bbox 3500 1888 3649 1954; x_wconf 91' lang='lat' dir='ltr'><strong>Quid</strong></span> 
     </span>
    </p>
   </div>
   <div class='ocr_carea' id='block_1_50' title="bbox 2006 1971 3649 2032">
    <p class='ocr_par' dir='ltr' id='par_1_50' title="bbox 2006 1971 3649 2032">
     <span class='ocr_line' id='line_1_50' title="bbox 2006 1971 3649 2032; baseline 0.001 -2"><span class='ocrx_word' id='word_1_414' title='bbox 2006 1973 2163 2030; x_wconf 89' lang='lat' dir='ltr'><strong>enim</strong></span> <span class='ocrx_word' id='word_1_415' title='bbox 2194 1971 2341 2028; x_wconf 89' lang='lat' dir='ltr'><strong>mihi</strong></span> <span class='ocrx_word' id='word_1_416' title='bbox 2357 1976 2445 2028; x_wconf 90' lang='lat' dir='ltr'><strong>est</strong></span> <span class='ocrx_word' id='word_1_417' title='bbox 2467 1972 2527 2028; x_wconf 90' lang='lat' dir='ltr'><strong>in</strong></span> <span class='ocrx_word' id='word_1_418' title='bbox 2547 1971 2691 2029; x_wconf 82' lang='lat' dir='ltr'><strong>coelo</strong></span> <span class='ocrx_word' id='word_1_419' title='bbox 2705 1971 2735 2028; x_wconf 80' lang='lat'><strong>?</strong></span> <span class='ocrx_word' id='word_1_420' title='bbox 2753 1992 2782 2023; x_wconf 87' lang='lat'>»</span> <span class='ocrx_word' id='word_1_421' title='bbox 2807 1972 3065 2029; x_wconf 82' lang='lat' dir='ltr'><strong>ostendit</strong></span> <span class='ocrx_word' id='word_1_422' title='bbox 3083 1988 3145 2030; x_wconf 88' lang='lat' dir='ltr'><strong>se</strong></span> <span class='ocrx_word' id='word_1_423' title='bbox 3160 1987 3365 2030; x_wconf 88' lang='lat' dir='ltr'><strong>verum</strong></span> <span class='ocrx_word' id='word_1_424' title='bbox 3386 1973 3649 2032; x_wconf 86' lang='lat' dir='ltr'><strong>intellec-</strong></span> 
     </span>
    </p>
   </div>
   <div class='ocr_carea' id='block_1_51' title="bbox 2004 2059 3650 2135">
    <p class='ocr_par' dir='ltr' id='par_1_51' title="bbox 2004 2059 3650 2135">
     <span class='ocr_line' id='line_1_51' title="bbox 2004 2059 3650 2135; baseline 0.002 -17"><span class='ocrx_word' id='word_1_425' title='bbox 2004 2065 2134 2118; x_wconf 90' lang='lat' dir='ltr'><strong>tum</strong></span> <span class='ocrx_word' id='word_1_426' title='bbox 2146 2063 2380 2127; x_wconf 86' lang='lat' dir='ltr'><strong>habere,</strong></span> <span class='ocrx_word' id='word_1_427' title='bbox 2395 2064 2452 2118; x_wconf 86' lang='lat' dir='ltr'><strong>et</strong></span> <span class='ocrx_word' id='word_1_428' title='bbox 2461 2062 2589 2134; x_wconf 91' lang='lat' dir='ltr'><strong>jam</strong></span> <span class='ocrx_word' id='word_1_429' title='bbox 2609 2076 2727 2117; x_wconf 92' lang='lat' dir='ltr'><strong>non</strong></span> <span class='ocrx_word' id='word_1_430' title='bbox 2747 2060 3111 2135; x_wconf 85' lang='lat' dir='ltr'><strong>temporalia,</strong></span> <span class='ocrx_word' id='word_1_431' title='bbox 3126 2060 3227 2119; x_wconf 90' lang='lat' dir='ltr'><strong>sed</strong></span> <span class='ocrx_word' id='word_1_432' title='bbox 3249 2059 3442 2120; x_wconf 81' lang='lat' dir='ltr'><strong>solum</strong></span> <span class='ocrx_word' id='word_1_433' title='bbox 3464 2061 3650 2121; x_wconf 88' lang='lat' dir='ltr'><strong>Deum</strong></span> 
     </span>
    </p>
   </div>
   <div class='ocr_carea' id='block_1_52' title="bbox 2005 2147 3653 2229">
    <p class='ocr_par' dir='ltr' id='par_1_52' title="bbox 2005 2147 3653 2229">
     <span class='ocr_line' id='line_1_52' title="bbox 2005 2147 3653 2229; baseline 0.001 -21"><span class='ocrx_word' id='word_1_434' title='bbox 2005 2168 2283 2225; x_wconf 67' lang='lat' dir='ltr'><strong>quaerere.</strong></span> <span class='ocrx_word' id='word_1_435' title='bbox 2332 2151 2583 2207; x_wconf 87' lang='lat' dir='ltr'><strong>Intentio</strong></span> <span class='ocrx_word' id='word_1_436' title='bbox 2632 2152 2741 2217; x_wconf 89' lang='lat' dir='ltr'><strong>est,</strong></span> <span class='ocrx_word' id='word_1_437' title='bbox 2791 2160 3158 2224; x_wconf 70' lang='lat' dir='ltr'><strong>compesCere</strong></span> <span class='ocrx_word' id='word_1_438' title='bbox 3206 2147 3526 2229; x_wconf 75' lang='lat' dir='ltr'><strong>simplices,</strong></span> <span class='ocrx_word' id='word_1_439' title='bbox 3578 2161 3653 2210; x_wconf 81' lang='lat' dir='ltr'><strong>ne</strong></span> 
     </span>
    </p>
   </div>
   <div class='ocr_carea' id='block_1_53' title="bbox 2006 2236 3651 2314">
    <p class='ocr_par' dir='ltr' id='par_1_53' title="bbox 2006 2236 3651 2314">
     <span class='ocr_line' id='line_1_53' title="bbox 2006 2236 3651 2314; baseline 0.001 -16"><span class='ocrx_word' id='word_1_440' title='bbox 2006 2244 2378 2298; x_wconf 78' lang='lat' dir='ltr'><strong>murmurant</strong></span> <span class='ocrx_word' id='word_1_441' title='bbox 2406 2241 2477 2297; x_wconf 87' lang='lat' dir='ltr'><strong>de</strong></span> <span class='ocrx_word' id='word_1_442' title='bbox 2505 2237 2797 2297; x_wconf 86' lang='lat' dir='ltr'><strong>malorum</strong></span> <span class='ocrx_word' id='word_1_443' title='bbox 2827 2236 3216 2314; x_wconf 82' lang='lat' dir='ltr'><strong>prosperitate</strong></span> <span class='ocrx_word' id='word_1_444' title='bbox 3255 2242 3313 2299; x_wconf 88' lang='lat' dir='ltr'><strong>et</strong></span> <span class='ocrx_word' id='word_1_445' title='bbox 3361 2238 3651 2300; x_wconf 85' lang='lat' dir='ltr'><strong>bonorum</strong></span> 
     </span>
    </p>
   </div>
   <div class='ocr_carea' id='block_1_54' title="bbox 2006 2329 2377 2388">
    <p class='ocr_par' dir='ltr' id='par_1_54' title="bbox 2006 2329 2377 2388">
     <span class='ocr_line' id='line_1_54' title="bbox 2006 2329 2377 2388; baseline -0.008 0"><span class='ocrx_word' id='word_1_446' title='bbox 2006 2329 2377 2388; x_wconf 88' lang='lat' dir='ltr'><strong>adversitate.</strong></span> 
     </span>
    </p>
   </div>
   <div class='ocr_carea' id='block_1_55' title="bbox 2073 2416 3655 2493">
    <p class='ocr_par' dir='ltr' id='par_1_55' title="bbox 2073 2416 3655 2493">
     <span class='ocr_line' id='line_1_55' title="bbox 2073 2416 3655 2493; baseline 0.003 -19"><span class='ocrx_word' id='word_1_447' title='bbox 2073 2420 2291 2476; x_wconf 90' lang='lat' dir='ltr'><strong>Videns</strong></span> <span class='ocrx_word' id='word_1_448' title='bbox 2321 2434 2456 2493; x_wconf 86' lang='lat' dir='ltr'><strong>ergo</strong></span> <span class='ocrx_word' id='word_1_449' title='bbox 2487 2419 2773 2492; x_wconf 87' lang='lat' dir='ltr'><strong>quosdam</strong></span> <span class='ocrx_word' id='word_1_450' title='bbox 2798 2416 3094 2493; x_wconf 85' lang='lat' dir='ltr'><strong>simplices</strong></span> <span class='ocrx_word' id='word_1_451' title='bbox 3115 2417 3307 2476; x_wconf 89' lang='lat' dir='ltr'><strong>adhuc</strong></span> <span class='ocrx_word' id='word_1_452' title='bbox 3331 2421 3655 2493; x_wconf 79' lang='lat' dir='ltr'><strong>errare,ju-</strong></span> 
     </span>
    </p>
   </div>
   <div class='ocr_carea' id='block_1_56' title="bbox 2006 2508 3652 2585">
    <p class='ocr_par' dir='ltr' id='par_1_56' title="bbox 2006 2508 3652 2585">
     <span class='ocr_line' id='line_1_56' title="bbox 2006 2508 3652 2585; baseline 0.001 -20"><span class='ocrx_word' id='word_1_453' title='bbox 2006 2510 2270 2566; x_wconf 90' lang='lat' dir='ltr'><strong>dicantes</strong></span> <span class='ocrx_word' id='word_1_454' title='bbox 2299 2509 2484 2566; x_wconf 88' lang='lat' dir='ltr'><strong>Deum</strong></span> <span class='ocrx_word' id='word_1_455' title='bbox 2516 2526 2875 2581; x_wconf 89' lang='lat' dir='ltr'><strong>perversum,</strong></span> <span class='ocrx_word' id='word_1_456' title='bbox 2901 2508 3001 2582; x_wconf 89' lang='lat' dir='ltr'><strong>qui</strong></span> <span class='ocrx_word' id='word_1_457' title='bbox 3034 2508 3207 2566; x_wconf 87' lang='lat' dir='ltr'><strong>malis</strong></span> <span class='ocrx_word' id='word_1_458' title='bbox 3236 2527 3515 2585; x_wconf 88' lang='lat' dir='ltr'><strong>prospera</strong></span> <span class='ocrx_word' id='word_1_459' title='bbox 3546 2511 3652 2567; x_wconf 83' lang='lat' dir='ltr'><strong>tri-</strong></span> 
     </span>
    </p>
   </div>
   <div class='ocr_carea' id='block_1_57' title="bbox 2004 2596 3651 2672">
    <p class='ocr_par' dir='ltr' id='par_1_57' title="bbox 2004 2596 3651 2672">
     <span class='ocr_line' id='line_1_57' title="bbox 2004 2596 3651 2672; baseline 0.001 -16"><span class='ocrx_word' id='word_1_460' title='bbox 2004 2600 2167 2665; x_wconf 89' lang='lat' dir='ltr'><strong>buat,</strong></span> <span class='ocrx_word' id='word_1_461' title='bbox 2194 2603 2253 2654; x_wconf 91' lang='lat' dir='ltr'><strong>et</strong></span> <span class='ocrx_word' id='word_1_462' title='bbox 2276 2597 2403 2654; x_wconf 88' lang='lat' dir='ltr'><strong>suis</strong></span> <span class='ocrx_word' id='word_1_463' title='bbox 2429 2596 2586 2654; x_wconf 90' lang='lat' dir='ltr'><strong>mala</strong></span> <span class='ocrx_word' id='word_1_464' title='bbox 2616 2599 2893 2665; x_wconf 83' lang='lat' dir='ltr'><strong>conferat,</strong></span> <span class='ocrx_word' id='word_1_465' title='bbox 2927 2614 3306 2672; x_wconf 88' lang='lat' dir='ltr'><strong>compescens</strong></span> <span class='ocrx_word' id='word_1_466' title='bbox 3331 2614 3533 2657; x_wconf 91' lang='lat' dir='ltr'><strong>eorum</strong></span> <span class='ocrx_word' id='word_1_467' title='bbox 3560 2617 3651 2657; x_wconf 90' lang='lat' dir='ltr'><strong>er-</strong></span> 
     </span>
    </p>
   </div>
   <div class='ocr_carea' id='block_1_58' title="bbox 2005 2686 3651 2763">
    <p class='ocr_par' dir='ltr' id='par_1_58' title="bbox 2005 2686 3651 2763">
     <span class='ocr_line' id='line_1_58' title="bbox 2005 2686 3651 2763; baseline 0.002 -20"><span class='ocrx_word' id='word_1_468' title='bbox 2005 2704 2216 2753; x_wconf 89' lang='lat' dir='ltr'><strong>rorem,</strong></span> <span class='ocrx_word' id='word_1_469' title='bbox 2242 2686 2419 2742; x_wconf 90' lang='lat' dir='ltr'><strong>dicit:</strong></span> <span class='ocrx_word' id='word_1_470' title='bbox 2444 2686 2488 2743; x_wconf 93' lang='lat'>0</span> <span class='ocrx_word' id='word_1_471' title='bbox 2511 2707 2539 2736; x_wconf 86' lang='lat'><strong>«</strong></span> <span class='ocrx_word' id='word_1_472' title='bbox 2562 2689 2714 2742; x_wconf 91' lang='lat' dir='ltr'><strong>Deus</strong></span> <span class='ocrx_word' id='word_1_473' title='bbox 2747 2686 2924 2743; x_wconf 87' lang='lat' dir='ltr'><strong>Israel</strong></span> <span class='ocrx_word' id='word_1_474' title='bbox 2948 2708 2976 2736; x_wconf 83' lang='lat'><strong>»</strong></span> <span class='ocrx_word' id='word_1_475' title='bbox 3004 2686 3104 2759; x_wconf 89' lang='lat' dir='ltr'><strong>qui</strong></span> <span class='ocrx_word' id='word_1_476' title='bbox 3134 2687 3243 2743; x_wconf 87' lang='lat' dir='ltr'><strong>tibi</strong></span> <span class='ocrx_word' id='word_1_477' title='bbox 3270 2687 3502 2745; x_wconf 86' lang='lat' dir='ltr'><strong>videtur</strong></span> <span class='ocrx_word' id='word_1_478' title='bbox 3519 2705 3651 2763; x_wconf 89' lang='lat' dir='ltr'><strong>per-</strong></span> 
     </span>
    </p>
   </div>
   <div class='ocr_carea' id='block_1_59' title="bbox 2002 2774 3650 2847">
    <p class='ocr_par' dir='ltr' id='par_1_59' title="bbox 2002 2774 3650 2847">
     <span class='ocr_line' id='line_1_59' title="bbox 2002 2774 3650 2847; baseline 0.001 -15"><span class='ocrx_word' id='word_1_479' title='bbox 2002 2792 2228 2842; x_wconf 89' lang='lat' dir='ltr'><strong>versus,</strong></span> <span class='ocrx_word' id='word_1_480' title='bbox 2260 2791 2438 2847; x_wconf 88' lang='lat' dir='ltr'><strong>quam</strong></span> <span class='ocrx_word' id='word_1_481' title='bbox 2470 2776 2660 2831; x_wconf 90' lang='lat' dir='ltr'><strong>bonus</strong></span> <span class='ocrx_word' id='word_1_482' title='bbox 2694 2797 2722 2823; x_wconf 77' lang='grc'>»</span> <span class='ocrx_word' id='word_1_483' title='bbox 2754 2778 2862 2841; x_wconf 90' lang='lat' dir='ltr'><strong>est,</strong></span> <span class='ocrx_word' id='word_1_484' title='bbox 2886 2775 2944 2831; x_wconf 92' lang='lat' dir='ltr'><strong>id</strong></span> <span class='ocrx_word' id='word_1_485' title='bbox 2968 2778 3058 2831; x_wconf 88' lang='lat' dir='ltr'><strong>est</strong></span> <span class='ocrx_word' id='word_1_486' title='bbox 3085 2774 3313 2832; x_wconf 88' lang='lat' dir='ltr'><strong>inﬁnite</strong></span> <span class='ocrx_word' id='word_1_487' title='bbox 3330 2776 3519 2833; x_wconf 88' lang='lat' dir='ltr'><strong>bonus</strong></span> <span class='ocrx_word' id='word_1_488' title='bbox 3539 2781 3650 2834; x_wconf 91' lang='lat' dir='ltr'><strong>est.</strong></span> 
     </span>
    </p>
   </div>
   <div class='ocr_carea' id='block_1_60' title="bbox 2003 2862 3651 2936">
    <p class='ocr_par' dir='ltr' id='par_1_60' title="bbox 2003 2862 3651 2936">
     <span class='ocr_line' id='line_1_60' title="bbox 2003 2862 3651 2936; baseline 0.002 -17"><span class='ocrx_word' id='word_1_489' title='bbox 2003 2864 2126 2931; x_wconf 88' lang='lat' dir='ltr'><strong>Vel,</strong></span> <span class='ocrx_word' id='word_1_490' title='bbox 2161 2887 2189 2915; x_wconf 88' lang='grc'><strong>‹‹</strong></span> <span class='ocrx_word' id='word_1_491' title='bbox 2223 2864 2378 2920; x_wconf 90' lang='lat' dir='ltr'><strong>Deus</strong></span> <span class='ocrx_word' id='word_1_492' title='bbox 2407 2862 2584 2920; x_wconf 86' lang='lat' dir='ltr'><strong>Israel</strong></span> <span class='ocrx_word' id='word_1_493' title='bbox 2619 2885 2648 2912; x_wconf 86' lang='grc'><strong>››</strong></span> <span class='ocrx_word' id='word_1_494' title='bbox 2680 2879 2859 2935; x_wconf 87' lang='lat' dir='ltr'><strong>quam</strong></span> <span class='ocrx_word' id='word_1_495' title='bbox 2889 2863 3080 2919; x_wconf 91' lang='lat' dir='ltr'><strong>bonus</strong></span> <span class='ocrx_word' id='word_1_496' title='bbox 3111 2867 3221 2930; x_wconf 90' lang='lat' dir='ltr'><strong>est,</strong></span> <span class='ocrx_word' id='word_1_497' title='bbox 3255 2878 3381 2936; x_wconf 57' lang='lat' dir='ltr'><strong>qua!</strong></span> <span class='ocrx_word' id='word_1_498' title='bbox 3420 2863 3651 2922; x_wconf 87' lang='lat' dir='ltr'><strong>bonitas</strong></span> 
     </span>
    </p>
   </div>
   <div class='ocr_carea' id='block_1_61' title="bbox 2005 2950 3651 3026">
    <p class='ocr_par' dir='ltr' id='par_1_61' title="bbox 2005 2950 3651 3026">
     <span class='ocr_line' id='line_1_61' title="bbox 2005 2950 3651 3026; baseline 0.001 -17"><span class='ocrx_word' id='word_1_499' title='bbox 2005 2971 2119 3011; x_wconf 91' lang='lat' dir='ltr'><strong>non</strong></span> <span class='ocrx_word' id='word_1_500' title='bbox 2152 2957 2393 3026; x_wconf 89' lang='lat' dir='ltr'><strong>apparet</strong></span> <span class='ocrx_word' id='word_1_501' title='bbox 2411 2952 2687 3008; x_wconf 88' lang='lat' dir='ltr'><strong>omnibus</strong></span> <span class='ocrx_word' id='word_1_502' title='bbox 2707 2950 3066 3019; x_wconf 89' lang='lat' dir='ltr'><strong>hominibus,</strong></span> <span class='ocrx_word' id='word_1_503' title='bbox 3080 2951 3180 3008; x_wconf 89' lang='lat' dir='ltr'><strong>sed</strong></span> <span class='ocrx_word' id='word_1_504' title='bbox 3206 2975 3234 3003; x_wconf 79' lang='grc' dir='ltr'>κ</span> <span class='ocrx_word' id='word_1_505' title='bbox 3258 2951 3352 3008; x_wconf 88' lang='lat' dir='ltr'><strong>his</strong></span> <span class='ocrx_word' id='word_1_506' title='bbox 3372 2951 3471 3025; x_wconf 90' lang='lat' dir='ltr'><strong>qui</strong></span> <span class='ocrx_word' id='word_1_507' title='bbox 3493 2957 3651 3011; x_wconf 90' lang='lat' dir='ltr'><strong>recto</strong></span> 
     </span>
    </p>
   </div>
   <div class='ocr_carea' id='block_1_62' title="bbox 2006 3039 3653 3113">
    <p class='ocr_par' dir='ltr' id='par_1_62' title="bbox 2006 3039 3653 3113">
     <span class='ocr_line' id='line_1_62' title="bbox 2006 3039 3653 3113; baseline 0 -14"><span class='ocrx_word' id='word_1_508' title='bbox 2006 3046 2145 3099; x_wconf 90' lang='lat' dir='ltr'><strong>sunt</strong></span> <span class='ocrx_word' id='word_1_509' title='bbox 2174 3042 2366 3107; x_wconf 90' lang='lat' dir='ltr'><strong>corde,</strong></span> <span class='ocrx_word' id='word_1_510' title='bbox 2402 3063 2429 3091; x_wconf 84' lang='lat'>»</span> <span class='ocrx_word' id='word_1_511' title='bbox 2461 3040 2519 3096; x_wconf 91' lang='lat' dir='ltr'><strong>id</strong></span> <span class='ocrx_word' id='word_1_512' title='bbox 2548 3045 2638 3097; x_wconf 89' lang='lat' dir='ltr'><strong>est</strong></span> <span class='ocrx_word' id='word_1_513' title='bbox 2666 3040 2766 3113; x_wconf 92' lang='lat' dir='ltr'><strong>qui</strong></span> <span class='ocrx_word' id='word_1_514' title='bbox 2798 3044 3077 3113; x_wconf 87' lang='lat' dir='ltr'><strong>reputant</strong></span> <span class='ocrx_word' id='word_1_515' title='bbox 3106 3039 3342 3098; x_wconf 90' lang='lat' dir='ltr'><strong>utiliora</strong></span> <span class='ocrx_word' id='word_1_516' title='bbox 3385 3055 3514 3099; x_wconf 89' lang='lat' dir='ltr'><strong>esse</strong></span> <span class='ocrx_word' id='word_1_517' title='bbox 3543 3043 3653 3099; x_wconf 88' lang='lat' dir='ltr'><strong>ad-</strong></span> 
     </span>
    </p>
   </div>
   <div class='ocr_carea' id='block_1_63' title="bbox 2004 3131 3098 3203">
    <p class='ocr_par' dir='ltr' id='par_1_63' title="bbox 2004 3131 3098 3203">
     <span class='ocr_line' id='line_1_63' title="bbox 2004 3131 3098 3203; baseline -0.002 -16"><span class='ocrx_word' id='word_1_518' title='bbox 2004 3149 2172 3189; x_wconf 90' lang='lat' dir='ltr'><strong>versa</strong></span> <span class='ocrx_word' id='word_1_519' title='bbox 2198 3131 2259 3186; x_wconf 93' lang='lat' dir='ltr'><strong>in</strong></span> <span class='ocrx_word' id='word_1_520' title='bbox 2290 3131 2398 3187; x_wconf 85' lang='lat' dir='ltr'><strong>hac</strong></span> <span class='ocrx_word' id='word_1_521' title='bbox 2417 3131 2555 3197; x_wconf 88' lang='lat' dir='ltr'><strong>vita,</strong></span> <span class='ocrx_word' id='word_1_522' title='bbox 2586 3147 2766 3203; x_wconf 89' lang='lat' dir='ltr'><strong>quam</strong></span> <span class='ocrx_word' id='word_1_523' title='bbox 2797 3146 3098 3203; x_wconf 90' lang='lat' dir='ltr'><strong>prospera.</strong></span> 
     </span>
    </p>
   </div>
   <div class='ocr_carea' id='block_1_64' title="bbox 257 3194 3651 3297">
    <p class='ocr_par' dir='ltr' id='par_1_64' title="bbox 257 3194 3651 3297">
     <span class='ocr_line' id='line_1_64' title="bbox 257 3194 3651 3297; baseline -0 -19"><span class='ocrx_word' id='word_1_524' title='bbox 257 3222 363 3291; x_wconf 88' lang='lat' dir='ltr'><strong>lus,</strong></span> <span class='ocrx_word' id='word_1_525' title='bbox 390 3248 417 3273; x_wconf 74' lang='lat' dir='ltr'><strong>n</strong></span> <span class='ocrx_word' id='word_1_526' title='bbox 438 3224 576 3297; x_wconf 90' lang='lat' dir='ltr'><strong>quia</strong></span> <span class='ocrx_word' id='word_1_527' title='bbox 600 3224 725 3295; x_wconf 90' lang='lat' dir='ltr'><strong>ipse</strong></span> <span class='ocrx_word' id='word_1_528' title='bbox 745 3239 850 3295; x_wconf 91' lang='lat' dir='ltr'><strong>per</strong></span> <span class='ocrx_word' id='word_1_529' title='bbox 870 3238 932 3278; x_wconf 91' lang='lat' dir='ltr'><strong>se</strong></span> <span class='ocrx_word' id='word_1_530' title='bbox 956 3238 969 3276; x_wconf 92' lang='lat'>:</span> <span class='ocrx_word' id='word_1_531' title='bbox 996 3221 1092 3278; x_wconf 90' lang='lat' dir='ltr'><strong>alii</strong></span> <span class='ocrx_word' id='word_1_532' title='bbox 1114 3238 1244 3279; x_wconf 90' lang='lat' dir='ltr'><strong>vero</strong></span> <span class='ocrx_word' id='word_1_533' title='bbox 1268 3222 1316 3278; x_wconf 92' lang='lat' dir='ltr'><strong>si</strong></span> <span class='ocrx_word' id='word_1_534' title='bbox 1340 3222 1565 3279; x_wconf 84' lang='lat' dir='ltr'><strong>faciunt</strong></span> <span class='ocrx_word' id='word_1_535' title='bbox 1586 3221 1891 3291; x_wconf 89' lang='lat' dir='ltr'><strong>miracula,</strong></span> <span class='ocrx_word' id='word_1_536' title='bbox 1925 3194 1970 3264; x_wconf 73' lang='lat' dir='ltr'><strong>CI</strong></span> <span class='ocrx_word' id='word_1_537' title='bbox 2081 3220 2181 3275; x_wconf 87' lang='lat' dir='ltr'><strong>ilic</strong></span> <span class='ocrx_word' id='word_1_538' title='bbox 2206 3218 2414 3290; x_wconf 88' lang='lat' dir='ltr'><strong>incipit</strong></span> <span class='ocrx_word' id='word_1_539' title='bbox 2440 3235 2693 3274; x_wconf 90' lang='lat' dir='ltr'><strong>errorem</strong></span> <span class='ocrx_word' id='word_1_540' title='bbox 2717 3235 2892 3274; x_wconf 91' lang='lat' dir='ltr'><strong>suum</strong></span> <span class='ocrx_word' id='word_1_541' title='bbox 2915 3235 3217 3291; x_wconf 85' lang='lat' dir='ltr'><strong>exponere.</strong></span> <span class='ocrx_word' id='word_1_542' title='bbox 3242 3219 3612 3277; x_wconf 82' lang='lat' dir='ltr'><strong>Continuatio</strong></span> <span class='ocrx_word' id='word_1_543' title='bbox 3637 3235 3651 3277; x_wconf 91' lang='lat'><strong>:</strong></span> 
     </span>
    </p>
   </div>
   <div class='ocr_carea' id='block_1_65' title="bbox 255 3311 1895 3384">
    <p class='ocr_par' dir='ltr' id='par_1_65' title="bbox 255 3311 1895 3384">
     <span class='ocr_line' id='line_1_65' title="bbox 255 3311 1895 3384; baseline 0.001 -18"><span class='ocrx_word' id='word_1_544' title='bbox 255 3317 320 3366; x_wconf 85' lang='lat' dir='ltr'><strong>ut</strong></span> <span class='ocrx_word' id='word_1_545' title='bbox 345 3313 541 3369; x_wconf 85' lang='lat' dir='ltr'><strong>Petrus</strong></span> <span class='ocrx_word' id='word_1_546' title='bbox 568 3315 629 3368; x_wconf 89' lang='lat' dir='ltr'><strong>et</strong></span> <span class='ocrx_word' id='word_1_547' title='bbox 659 3311 873 3380; x_wconf 66' lang='lat' dir='ltr'><strong>caeteri,</strong></span> <span class='ocrx_word' id='word_1_548' title='bbox 905 3328 1021 3367; x_wconf 90' lang='lat' dir='ltr'><strong>non</strong></span> <span class='ocrx_word' id='word_1_549' title='bbox 1052 3329 1154 3384; x_wconf 89' lang='lat' dir='ltr'><strong>per</strong></span> <span class='ocrx_word' id='word_1_550' title='bbox 1182 3329 1244 3368; x_wconf 91' lang='lat' dir='ltr'><strong>se</strong></span> <span class='ocrx_word' id='word_1_551' title='bbox 1274 3315 1529 3381; x_wconf 89' lang='lat' dir='ltr'><strong>tantum,</strong></span> <span class='ocrx_word' id='word_1_552' title='bbox 1554 3312 1653 3368; x_wconf 88' lang='lat' dir='ltr'><strong>scd</strong></span> <span class='ocrx_word' id='word_1_553' title='bbox 1678 3328 1747 3367; x_wconf 80' lang='lat' dir='ltr'><strong>ex</strong></span> <span class='ocrx_word' id='word_1_554' title='bbox 1768 3311 1895 3384; x_wconf 89' lang='lat' dir='ltr'><strong>ipso</strong></span> 
     </span>
    </p>
   </div>
   <div class='ocr_carea' id='block_1_66' title="bbox 254 3400 483 3456">
    <p class='ocr_par' dir='ltr' id='par_1_66' title="bbox 254 3400 483 3456">
     <span class='ocr_line' id='line_1_66' title="bbox 254 3400 483 3456; baseline 0 0"><span class='ocrx_word' id='word_1_555' title='bbox 254 3400 483 3456; x_wconf 79' lang='lat' dir='ltr'><strong>faciunt.</strong></span> 
     </span>
    </p>
   </div>
   <div class='ocr_carea' id='block_1_67' title="bbox 325 3490 1899 3561">
    <p class='ocr_par' dir='ltr' id='par_1_67' title="bbox 325 3490 1899 3561">
     <span class='ocr_line' id='line_1_67' title="bbox 325 3490 1899 3561; baseline 0 -16"><span class='ocrx_word' id='word_1_556' title='bbox 325 3513 351 3539; x_wconf 74' lang='grc' dir='ltr'><strong>ι(</strong></span> <span class='ocrx_word' id='word_1_557' title='bbox 378 3490 444 3545; x_wconf 87' lang='lat' dir='ltr'><strong>Et</strong></span> <span class='ocrx_word' id='word_1_558' title='bbox 471 3506 685 3546; x_wconf 91' lang='lat' dir='ltr'><strong>nomen</strong></span> <span class='ocrx_word' id='word_1_559' title='bbox 718 3490 1048 3561; x_wconf 89' lang='lat' dir='ltr'><strong>majestatis</strong></span> <span class='ocrx_word' id='word_1_560' title='bbox 1091 3491 1240 3561; x_wconf 87' lang='lat' dir='ltr'><strong>ejus,</strong></span> <span class='ocrx_word' id='word_1_561' title='bbox 1278 3512 1305 3539; x_wconf 75' lang='grc' dir='ltr'>η</span> <span class='ocrx_word' id='word_1_562' title='bbox 1338 3490 1394 3545; x_wconf 92' lang='lat' dir='ltr'><strong>id</strong></span> <span class='ocrx_word' id='word_1_563' title='bbox 1446 3494 1535 3545; x_wconf 90' lang='lat' dir='ltr'><strong>est</strong></span> <span class='ocrx_word' id='word_1_564' title='bbox 1584 3490 1739 3561; x_wconf 90' lang='lat' dir='ltr'><strong>quod</strong></span> <span class='ocrx_word' id='word_1_565' title='bbox 1791 3507 1899 3545; x_wconf 88' lang='lat' dir='ltr'><strong>sua</strong></span> 
     </span>
    </p>
   </div>
   <div class='ocr_carea' id='block_1_68' title="bbox 254 3577 1897 3651">
    <p class='ocr_par' dir='ltr' id='par_1_68' title="bbox 254 3577 1897 3651">
     <span class='ocr_line' id='line_1_68' title="bbox 254 3577 1897 3651; baseline 0.001 -18"><span class='ocrx_word' id='word_1_566' title='bbox 254 3579 544 3651; x_wconf 80' lang='lat' dir='ltr'><strong>majestas,</strong></span> <span class='ocrx_word' id='word_1_567' title='bbox 572 3578 635 3634; x_wconf 90' lang='lat' dir='ltr'><strong>id</strong></span> <span class='ocrx_word' id='word_1_568' title='bbox 664 3582 755 3635; x_wconf 91' lang='lat' dir='ltr'><strong>est</strong></span> <span class='ocrx_word' id='word_1_569' title='bbox 784 3577 910 3650; x_wconf 90' lang='lat' dir='ltr'><strong>ipse</strong></span> <span class='ocrx_word' id='word_1_570' title='bbox 941 3594 1193 3651; x_wconf 87' lang='lat' dir='ltr'><strong>magnus</strong></span> <span class='ocrx_word' id='word_1_571' title='bbox 1226 3580 1345 3647; x_wconf 86' lang='lat' dir='ltr'><strong>dat,</strong></span> <span class='ocrx_word' id='word_1_572' title='bbox 1370 3578 1595 3635; x_wconf 89' lang='lat' dir='ltr'><strong>scilicet</strong></span> <span class='ocrx_word' id='word_1_573' title='bbox 1615 3578 1897 3634; x_wconf 84' lang='lat' dir='ltr'><strong>Christia-</strong></span> 
     </span>
    </p>
   </div>
   <div class='ocr_carea' id='block_1_69' title="bbox 256 3666 1897 3740">
    <p class='ocr_par' dir='ltr' id='par_1_69' title="bbox 256 3666 1897 3740">
     <span class='ocr_line' id='line_1_69' title="bbox 256 3666 1897 3740; baseline 0 -18"><span class='ocrx_word' id='word_1_574' title='bbox 256 3684 393 3723; x_wconf 89' lang='lat' dir='ltr'><strong>num</strong></span> <span class='ocrx_word' id='word_1_575' title='bbox 413 3684 645 3735; x_wconf 89' lang='lat' dir='ltr'><strong>nomen,</strong></span> <span class='ocrx_word' id='word_1_576' title='bbox 661 3666 741 3724; x_wconf 90' lang='lat' dir='ltr'><strong>sit</strong></span> <span class='ocrx_word' id='word_1_577' title='bbox 751 3689 778 3717; x_wconf 85' lang='grc'><strong>‹‹</strong></span> <span class='ocrx_word' id='word_1_578' title='bbox 795 3667 1165 3723; x_wconf 91' lang='lat' dir='ltr'><strong>benedictum</strong></span> <span class='ocrx_word' id='word_1_579' title='bbox 1188 3689 1215 3716; x_wconf 87' lang='lat'>»</span> <span class='ocrx_word' id='word_1_580' title='bbox 1238 3684 1588 3740; x_wconf 89' lang='lat' dir='ltr'><strong>permanens</strong></span> <span class='ocrx_word' id='word_1_581' title='bbox 1607 3691 1635 3717; x_wconf 84' lang='lat'><strong><em>«</em></strong></span> <span class='ocrx_word' id='word_1_582' title='bbox 1654 3667 1713 3723; x_wconf 91' lang='lat' dir='ltr'><strong>in</strong></span> <span class='ocrx_word' id='word_1_583' title='bbox 1734 3672 1897 3724; x_wconf 68' lang='lat' dir='ltr'><strong>aeter-</strong></span> 
     </span>
    </p>
   </div>
   <div class='ocr_carea' id='block_1_70' title="bbox 259 3755 1903 3829">
    <p class='ocr_par' dir='ltr' id='par_1_70' title="bbox 259 3755 1903 3829">
     <span class='ocr_line' id='line_1_70' title="bbox 259 3755 1903 3829; baseline 0.001 -18"><span class='ocrx_word' id='word_1_584' title='bbox 259 3773 416 3824; x_wconf 90' lang='lat' dir='ltr'><strong>num,</strong></span> <span class='ocrx_word' id='word_1_585' title='bbox 432 3779 459 3806; x_wconf 85' lang='grc'><strong>››</strong></span> <span class='ocrx_word' id='word_1_586' title='bbox 478 3756 609 3813; x_wconf 90' lang='lat' dir='ltr'><strong>ideo</strong></span> <span class='ocrx_word' id='word_1_587' title='bbox 630 3755 761 3811; x_wconf 90' lang='lat' dir='ltr'><strong>dico</strong></span> <span class='ocrx_word' id='word_1_588' title='bbox 784 3778 812 3805; x_wconf 78' lang='grc' dir='ltr'>α</span> <span class='ocrx_word' id='word_1_589' title='bbox 837 3772 1050 3811; x_wconf 90' lang='lat' dir='ltr'><strong>nomen</strong></span> <span class='ocrx_word' id='word_1_590' title='bbox 1074 3755 1458 3827; x_wconf 79' lang='lat' dir='ltr'><strong>majestatis,»</strong></span> <span class='ocrx_word' id='word_1_591' title='bbox 1481 3756 1621 3829; x_wconf 89' lang='lat' dir='ltr'><strong>quia</strong></span> <span class='ocrx_word' id='word_1_592' title='bbox 1647 3779 1674 3808; x_wconf 81' lang='grc' dir='ltr'><strong>(ι</strong></span> <span class='ocrx_word' id='word_1_593' title='bbox 1695 3757 1903 3829; x_wconf 90' lang='lat' dir='ltr'><strong>majes-</strong></span> 
     </span>
    </p>
   </div>
   <div class='ocr_carea' id='block_1_71' title="bbox 259 3843 1901 3917">
    <p class='ocr_par' dir='ltr' id='par_1_71' title="bbox 259 3843 1901 3917">
     <span class='ocr_line' id='line_1_71' title="bbox 259 3843 1901 3917; baseline 0.002 -19"><span class='ocrx_word' id='word_1_594' title='bbox 259 3847 391 3913; x_wconf 83' lang='lat' dir='ltr'><strong>tate,</strong></span> <span class='ocrx_word' id='word_1_595' title='bbox 415 3868 440 3894; x_wconf 85' lang='lat'><strong>»</strong></span> <span class='ocrx_word' id='word_1_596' title='bbox 462 3845 519 3901; x_wconf 93' lang='lat' dir='ltr'><strong>id</strong></span> <span class='ocrx_word' id='word_1_597' title='bbox 550 3847 643 3901; x_wconf 89' lang='lat' dir='ltr'><strong>est</strong></span> <span class='ocrx_word' id='word_1_598' title='bbox 671 3843 977 3901; x_wconf 89' lang='lat' dir='ltr'><strong>divinitate</strong></span> <span class='ocrx_word' id='word_1_599' title='bbox 1001 3866 1028 3893; x_wconf 85' lang='lat'><strong><em>«</em></strong></span> <span class='ocrx_word' id='word_1_600' title='bbox 1054 3844 1184 3915; x_wconf 87' lang='lat' dir='ltr'><strong>ejus</strong></span> <span class='ocrx_word' id='word_1_601' title='bbox 1206 3844 1529 3917; x_wconf 90' lang='lat' dir='ltr'><strong>replebitur</strong></span> <span class='ocrx_word' id='word_1_602' title='bbox 1558 3844 1751 3902; x_wconf 91' lang='lat' dir='ltr'><strong>omnis</strong></span> <span class='ocrx_word' id='word_1_603' title='bbox 1780 3850 1901 3901; x_wconf 84' lang='lat' dir='ltr'><strong>ter—</strong></span> 
     </span>
    </p>
   </div>
   <div class='ocr_carea' id='block_1_72' title="bbox 263 3931 1904 4006">
    <p class='ocr_par' dir='ltr' id='par_1_72' title="bbox 263 3931 1904 4006">
     <span class='ocr_line' id='line_1_72' title="bbox 263 3931 1904 4006; baseline 0.002 -19"><span class='ocrx_word' id='word_1_604' title='bbox 263 3948 346 3999; x_wconf 82' lang='lat' dir='ltr'><strong>ra,</strong></span> <span class='ocrx_word' id='word_1_605' title='bbox 362 3937 449 3989; x_wconf 85' lang='lat' dir='ltr'><strong>»et</strong></span> <span class='ocrx_word' id='word_1_606' title='bbox 468 3934 621 3990; x_wconf 91' lang='lat' dir='ltr'><strong>hanc</strong></span> <span class='ocrx_word' id='word_1_607' title='bbox 645 3933 1044 4006; x_wconf 89' lang='lat' dir='ltr'><strong>operationem</strong></span> <span class='ocrx_word' id='word_1_608' title='bbox 1068 3931 1416 4006; x_wconf 80' lang='lat' dir='ltr'><strong>ingeminat,</strong></span> <span class='ocrx_word' id='word_1_609' title='bbox 1432 3932 1570 4005; x_wconf 91' lang='lat' dir='ltr'><strong>quia</strong></span> <span class='ocrx_word' id='word_1_610' title='bbox 1591 3951 1712 3990; x_wconf 91' lang='lat' dir='ltr'><strong>rem</strong></span> <span class='ocrx_word' id='word_1_611' title='bbox 1737 3934 1904 3990; x_wconf 92' lang='lat' dir='ltr'><strong>valde</strong></span> 
     </span>
    </p>
   </div>
   <div class='ocr_carea' id='block_1_73' title="bbox 266 4020 1655 4095">
    <p class='ocr_par' dir='ltr' id='par_1_73' title="bbox 266 4020 1655 4095">
     <span class='ocr_line' id='line_1_73' title="bbox 266 4020 1655 4095; baseline -0.001 -20"><span class='ocrx_word' id='word_1_612' title='bbox 266 4020 696 4079; x_wconf 88' lang='lat' dir='ltr'><strong>desiderabilem</strong></span> <span class='ocrx_word' id='word_1_613' title='bbox 729 4025 893 4095; x_wconf 89' lang='lat' dir='ltr'><strong>optat</strong></span> <span class='ocrx_word' id='word_1_614' title='bbox 924 4037 1058 4077; x_wconf 92' lang='lat' dir='ltr'><strong>cum</strong></span> <span class='ocrx_word' id='word_1_615' title='bbox 1094 4022 1259 4091; x_wconf 91' lang='lat' dir='ltr'><strong>dicit,</strong></span> <span class='ocrx_word' id='word_1_616' title='bbox 1284 4046 1311 4072; x_wconf 87' lang='lat'><strong>«</strong></span> <span class='ocrx_word' id='word_1_617' title='bbox 1347 4022 1449 4085; x_wconf 87' lang='lat' dir='ltr'><strong>ﬁat</strong></span> <span class='ocrx_word' id='word_1_618' title='bbox 1479 4022 1596 4080; x_wconf 87' lang='lat' dir='ltr'><strong>ﬁat.</strong></span> <span class='ocrx_word' id='word_1_619' title='bbox 1628 4045 1655 4073; x_wconf 88' lang='grc'><strong>››</strong></span> 
     </span>
    </p>
   </div>
   <div class='ocr_carea' id='block_1_74' title="bbox 717 4163 1443 4220">
    <p class='ocr_par' dir='ltr' id='par_1_74' title="bbox 717 4163 1443 4220">
     <span class='ocr_line' id='line_1_74' title="bbox 717 4163 1443 4220; baseline -0.001 0"><span class='ocrx_word' id='word_1_620' title='bbox 717 4164 794 4220; x_wconf 91' lang='grc' dir='ltr'>ΙΝ</span> <span class='ocrx_word' id='word_1_621' title='bbox 834 4163 1187 4220; x_wconf 88' lang='lat' dir='ltr'><strong>PSALMUM</strong></span> <span class='ocrx_word' id='word_1_622' title='bbox 1231 4164 1443 4220; x_wconf 88' lang='lat' dir='ltr'><strong>LXXII.</strong></span> 
     </span>
    </p>
   </div>
   <div class='ocr_carea' id='block_1_75' title="bbox 387 4271 1780 4343">
    <p class='ocr_par' dir='ltr' id='par_1_75' title="bbox 387 4271 1780 4343">
     <span class='ocr_line' id='line_1_75' title="bbox 387 4271 1780 4343; baseline 0 -17"><span class='ocrx_word' id='word_1_623' title='bbox 387 4272 654 4328; x_wconf 82' lang='lat' dir='ltr'><strong>Trruws.</strong></span> <span class='ocrx_word' id='word_1_624' title='bbox 691 4273 1021 4343; x_wconf 79' lang='lat' dir='ltr'><strong>Defecerunt</strong></span> <span class='ocrx_word' id='word_1_625' title='bbox 1053 4271 1240 4343; x_wconf 79' lang='lat' dir='ltr'><strong>laudes</strong></span> <span class='ocrx_word' id='word_1_626' title='bbox 1259 4272 1453 4337; x_wconf 79' lang='lat' dir='ltr'><strong>David,</strong></span> <span class='ocrx_word' id='word_1_627' title='bbox 1483 4272 1593 4343; x_wconf 77' lang='lat' dir='ltr'><strong>ﬁlii</strong></span> <span class='ocrx_word' id='word_1_628' title='bbox 1618 4273 1780 4327; x_wconf 79' lang='lat' dir='ltr'><strong>Iesse.</strong></span> 
     </span>
    </p>
   </div>
   <div class='ocr_carea' id='block_1_76' title="bbox 831 4342 1329 4415">
    <p class='ocr_par' dir='ltr' id='par_1_76' title="bbox 831 4342 1329 4415">
     <span class='ocr_line' id='line_1_76' title="bbox 831 4342 1329 4415; baseline -0.004 -16"><span class='ocrx_word' id='word_1_629' title='bbox 831 4343 1099 4399; x_wconf 76' lang='lat' dir='ltr'><strong>Psalmus</strong></span> <span class='ocrx_word' id='word_1_630' title='bbox 1129 4342 1329 4415; x_wconf 78' lang='lat' dir='ltr'><strong>Asaph.</strong></span> 
     </span>
    </p>
   </div>
   <div class='ocr_carea' id='block_1_77' title="bbox 338 4466 1910 4531">
    <p class='ocr_par' dir='ltr' id='par_1_77' title="bbox 338 4466 1910 4531">
     <span class='ocr_line' id='line_1_77' title="bbox 338 4466 1910 4531; baseline -0.001 -9"><span class='ocrx_word' id='word_1_631' title='bbox 338 4489 363 4514; x_wconf 74' lang='grc' dir='ltr'>α</span> <span class='ocrx_word' id='word_1_632' title='bbox 391 4469 569 4531; x_wconf 89' lang='lat' dir='ltr'><strong>Quam</strong></span> <span class='ocrx_word' id='word_1_633' title='bbox 603 4467 796 4522; x_wconf 88' lang='lat' dir='ltr'><strong>bonus</strong></span> <span class='ocrx_word' id='word_1_634' title='bbox 826 4466 1010 4523; x_wconf 90' lang='lat' dir='ltr'><strong>Israel</strong></span> <span class='ocrx_word' id='word_1_635' title='bbox 1043 4466 1219 4523; x_wconf 91' lang='lat' dir='ltr'><strong>Deus.</strong></span> <span class='ocrx_word' id='word_1_636' title='bbox 1248 4489 1275 4516; x_wconf 84' lang='lat'><strong><em>»</em></strong></span> <span class='ocrx_word' id='word_1_637' title='bbox 1296 4466 1566 4523; x_wconf 89' lang='lat' dir='ltr'><strong>Psalmus</strong></span> <span class='ocrx_word' id='word_1_638' title='bbox 1586 4467 1697 4522; x_wconf 90' lang='lat' dir='ltr'><strong>iste</strong></span> <span class='ocrx_word' id='word_1_639' title='bbox 1716 4470 1910 4523; x_wconf 91' lang='lat' dir='ltr'><strong>osten-</strong></span> 
     </span>
    </p>
   </div>
   <div class='ocr_carea' id='block_1_78' title="bbox 2006 3306 3656 3383">
    <p class='ocr_par' dir='ltr' id='par_1_78' title="bbox 2006 3306 3656 3383">
     <span class='ocr_line' id='line_1_78' title="bbox 2006 3306 3656 3383; baseline 0.001 -17"><span class='ocrx_word' id='word_1_640' title='bbox 2006 3309 2176 3366; x_wconf 88' lang='lat' dir='ltr'><strong>Modo</strong></span> <span class='ocrx_word' id='word_1_641' title='bbox 2202 3308 2483 3364; x_wconf 88' lang='lat' dir='ltr'><strong>conﬁteor</strong></span> <span class='ocrx_word' id='word_1_642' title='bbox 2510 3311 2691 3362; x_wconf 91' lang='lat' dir='ltr'><strong>Deum</strong></span> <span class='ocrx_word' id='word_1_643' title='bbox 2716 3307 2935 3363; x_wconf 91' lang='lat' dir='ltr'><strong>bonum</strong></span> <span class='ocrx_word' id='word_1_644' title='bbox 2957 3322 3107 3375; x_wconf 89' lang='lat' dir='ltr'><strong>esse,</strong></span> <span class='ocrx_word' id='word_1_645' title='bbox 3132 3308 3234 3365; x_wconf 88' lang='lat' dir='ltr'><strong>sed</strong></span> <span class='ocrx_word' id='word_1_646' title='bbox 3261 3306 3402 3365; x_wconf 91' lang='lat' dir='ltr'><strong>olim</strong></span> <span class='ocrx_word' id='word_1_647' title='bbox 3427 3329 3457 3360; x_wconf 87' lang='lat'><strong><em>«</em></strong></span> <span class='ocrx_word' id='word_1_648' title='bbox 3477 3309 3656 3383; x_wconf 87' lang='lat' dir='ltr'><strong>pedes</strong></span> 
     </span>
    </p>
   </div>
   <div class='ocr_carea' id='block_1_79' title="bbox 2006 3395 3652 3469">
    <p class='ocr_par' dir='ltr' id='par_1_79' title="bbox 2006 3395 3652 3469">
     <span class='ocr_line' id='line_1_79' title="bbox 2006 3395 3652 3469; baseline -0.001 -16"><span class='ocrx_word' id='word_1_649' title='bbox 2006 3396 2141 3463; x_wconf 90' lang='lat' dir='ltr'><strong>mei,</strong></span> <span class='ocrx_word' id='word_1_650' title='bbox 2178 3419 2205 3445; x_wconf 84' lang='grc'><strong>››</strong></span> <span class='ocrx_word' id='word_1_651' title='bbox 2236 3397 2295 3451; x_wconf 91' lang='lat' dir='ltr'><strong>id</strong></span> <span class='ocrx_word' id='word_1_652' title='bbox 2327 3399 2417 3453; x_wconf 91' lang='lat' dir='ltr'><strong>est</strong></span> <span class='ocrx_word' id='word_1_653' title='bbox 2446 3395 2781 3452; x_wconf 70' lang='lat' dir='ltr'><strong>affectiones</strong></span> <span class='ocrx_word' id='word_1_654' title='bbox 2812 3412 2975 3461; x_wconf 67' lang='lat' dir='ltr'><strong>mete,</strong></span> <span class='ocrx_word' id='word_1_655' title='bbox 3010 3419 3037 3446; x_wconf 84' lang='lat'><strong><em>«</em></strong></span> <span class='ocrx_word' id='word_1_656' title='bbox 3072 3413 3217 3469; x_wconf 89' lang='lat' dir='ltr'><strong>pene</strong></span> <span class='ocrx_word' id='word_1_657' title='bbox 3262 3395 3408 3453; x_wconf 91' lang='lat' dir='ltr'><strong>moti</strong></span> <span class='ocrx_word' id='word_1_658' title='bbox 3455 3401 3652 3454; x_wconf 83' lang='lat' dir='ltr'><strong>sunt»</strong></span> 
     </span>
    </p>
   </div>
   <div class='ocr_carea' id='block_1_80' title="bbox 2006 3484 3659 3560">
    <p class='ocr_par' dir='ltr' id='par_1_80' title="bbox 2006 3484 3659 3560">
     <span class='ocr_line' id='line_1_80' title="bbox 2006 3484 3659 3560; baseline 0 -17"><span class='ocrx_word' id='word_1_659' title='bbox 2006 3504 2042 3543; x_wconf 88' lang='lat' dir='ltr'><strong>a</strong></span> <span class='ocrx_word' id='word_1_660' title='bbox 2070 3486 2186 3542; x_wconf 91' lang='lat' dir='ltr'><strong>Deo</strong></span> <span class='ocrx_word' id='word_1_661' title='bbox 2222 3503 2234 3539; x_wconf 91' lang='lat'>:</span> <span class='ocrx_word' id='word_1_662' title='bbox 2270 3489 2327 3541; x_wconf 92' lang='lat' dir='ltr'><strong>et</strong></span> <span class='ocrx_word' id='word_1_663' title='bbox 2357 3502 2470 3540; x_wconf 89' lang='lat' dir='ltr'><strong>non</strong></span> <span class='ocrx_word' id='word_1_664' title='bbox 2501 3488 2733 3540; x_wconf 89' lang='lat' dir='ltr'><strong>tantum</strong></span> <span class='ocrx_word' id='word_1_665' title='bbox 2763 3484 3114 3551; x_wconf 84' lang='lat' dir='ltr'><strong>voluntates,</strong></span> <span class='ocrx_word' id='word_1_666' title='bbox 3140 3486 3240 3541; x_wconf 91' lang='lat' dir='ltr'><strong>sed</strong></span> <span class='ocrx_word' id='word_1_667' title='bbox 3274 3486 3451 3542; x_wconf 90' lang='lat' dir='ltr'><strong>etiam</strong></span> <span class='ocrx_word' id='word_1_668' title='bbox 3482 3504 3659 3560; x_wconf 89' lang='lat' dir='ltr'><strong>opera</strong></span> 
     </span>
    </p>
   </div>
   <div class='ocr_carea' id='block_1_81' title="bbox 2007 3572 3662 3648">
    <p class='ocr_par' dir='ltr' id='par_1_81' title="bbox 2007 3572 3662 3648">
     <span class='ocr_line' id='line_1_81' title="bbox 2007 3572 3662 3648; baseline -0.001 -17"><span class='ocrx_word' id='word_1_669' title='bbox 2007 3592 2153 3648; x_wconf 91' lang='lat' dir='ltr'><strong>pene</strong></span> <span class='ocrx_word' id='word_1_670' title='bbox 2174 3577 2542 3630; x_wconf 90' lang='lat' dir='ltr'><strong>recesserunt</strong></span> <span class='ocrx_word' id='word_1_671' title='bbox 2572 3590 2605 3628; x_wconf 88' lang='lat' dir='ltr'><strong>a</strong></span> <span class='ocrx_word' id='word_1_672' title='bbox 2634 3573 2772 3639; x_wconf 91' lang='lat' dir='ltr'><strong>Deo,</strong></span> <span class='ocrx_word' id='word_1_673' title='bbox 2804 3574 2874 3628; x_wconf 88' lang='lat' dir='ltr'><strong>ad</strong></span> <span class='ocrx_word' id='word_1_674' title='bbox 2916 3572 3208 3628; x_wconf 88' lang='lat' dir='ltr'><strong>culturam</strong></span> <span class='ocrx_word' id='word_1_675' title='bbox 3258 3573 3570 3642; x_wconf 89' lang='lat' dir='ltr'><strong>idolorum,</strong></span> <span class='ocrx_word' id='word_1_676' title='bbox 3602 3578 3662 3631; x_wconf 92' lang='lat' dir='ltr'><strong>et</strong></span> 
     </span>
    </p>
   </div>
   <div class='ocr_carea' id='block_1_82' title="bbox 2009 3662 3661 3737">
    <p class='ocr_par' dir='ltr' id='par_1_82' title="bbox 2009 3662 3661 3737">
     <span class='ocr_line' id='line_1_82' title="bbox 2009 3662 3661 3737; baseline 0 -16"><span class='ocrx_word' id='word_1_677' title='bbox 2009 3666 2118 3722; x_wconf 89' lang='lat' dir='ltr'><strong>hoc</strong></span> <span class='ocrx_word' id='word_1_678' title='bbox 2148 3668 2257 3731; x_wconf 90' lang='lat' dir='ltr'><strong>est,</strong></span> <span class='ocrx_word' id='word_1_679' title='bbox 2294 3684 2322 3714; x_wconf 87' lang='lat'><strong><em>«</em></strong></span> <span class='ocrx_word' id='word_1_680' title='bbox 2353 3679 2592 3736; x_wconf 87' lang='lat' dir='ltr'><strong>gressus</strong></span> <span class='ocrx_word' id='word_1_681' title='bbox 2622 3662 2758 3729; x_wconf 90' lang='lat' dir='ltr'><strong>mei,</strong></span> <span class='ocrx_word' id='word_1_682' title='bbox 2791 3684 2820 3712; x_wconf 83' lang='lat'><strong>»</strong></span> <span class='ocrx_word' id='word_1_683' title='bbox 2855 3663 2912 3717; x_wconf 86' lang='lat' dir='ltr'><strong>id</strong></span> <span class='ocrx_word' id='word_1_684' title='bbox 2944 3667 3035 3719; x_wconf 92' lang='lat' dir='ltr'><strong>est</strong></span> <span class='ocrx_word' id='word_1_685' title='bbox 3066 3678 3241 3737; x_wconf 86' lang='lat' dir='ltr'><strong>Opera</strong></span> <span class='ocrx_word' id='word_1_686' title='bbox 3267 3679 3416 3730; x_wconf 89' lang='lat' dir='ltr'><strong>mea,</strong></span> <span class='ocrx_word' id='word_1_687' title='bbox 3451 3686 3481 3714; x_wconf 90' lang='grc'><em>‹‹</em></span> <span class='ocrx_word' id='word_1_688' title='bbox 3513 3681 3661 3737; x_wconf 90' lang='lat' dir='ltr'><strong>pene</strong></span> 
     </span>
    </p>
   </div>
   <div class='ocr_carea' id='block_1_83' title="bbox 2009 3750 3041 3823">
    <p class='ocr_par' dir='ltr' id='par_1_83' title="bbox 2009 3750 3041 3823">
     <span class='ocr_line' id='line_1_83' title="bbox 2009 3750 3041 3823; baseline -0.005 -12"><span class='ocrx_word' id='word_1_689' title='bbox 2009 3758 2151 3812; x_wconf 89' lang='lat' dir='ltr'><strong>sunt</strong></span> <span class='ocrx_word' id='word_1_690' title='bbox 2180 3752 2371 3818; x_wconf 72' lang='lat' dir='ltr'><strong>effusi,</strong></span> <span class='ocrx_word' id='word_1_691' title='bbox 2408 3775 2436 3801; x_wconf 86' lang='lat'>»</span> <span class='ocrx_word' id='word_1_692' title='bbox 2468 3752 2524 3807; x_wconf 90' lang='lat' dir='ltr'><strong>id</strong></span> <span class='ocrx_word' id='word_1_693' title='bbox 2556 3756 2647 3807; x_wconf 90' lang='lat' dir='ltr'><strong>est</strong></span> <span class='ocrx_word' id='word_1_694' title='bbox 2677 3750 3041 3823; x_wconf 65' lang='lat' dir='ltr'><strong>praecipitati.</strong></span> 
     </span>
    </p>
   </div>
   <div class='ocr_carea' id='block_1_84' title="bbox 2083 3837 3660 3912">
    <p class='ocr_par' dir='ltr' id='par_1_84' title="bbox 2083 3837 3660 3912">
     <span class='ocr_line' id='line_1_84' title="bbox 2083 3837 3660 3912; baseline -0.003 -13"><span class='ocrx_word' id='word_1_695' title='bbox 2083 3843 2238 3908; x_wconf 91' lang='lat' dir='ltr'><strong>Ideo,</strong></span> <span class='ocrx_word' id='word_1_696' title='bbox 2272 3865 2300 3890; x_wconf 86' lang='lat'><strong><em>«</em></strong></span> <span class='ocrx_word' id='word_1_697' title='bbox 2335 3840 2473 3912; x_wconf 88' lang='lat' dir='ltr'><strong>quia</strong></span> <span class='ocrx_word' id='word_1_698' title='bbox 2501 3838 2680 3895; x_wconf 90' lang='lat' dir='ltr'><strong>zelavi</strong></span> <span class='ocrx_word' id='word_1_699' title='bbox 2712 3854 2888 3910; x_wconf 89' lang='lat' dir='ltr'><strong>super</strong></span> <span class='ocrx_word' id='word_1_700' title='bbox 2918 3837 3174 3909; x_wconf 90' lang='lat' dir='ltr'><strong>iniquos,</strong></span> <span class='ocrx_word' id='word_1_701' title='bbox 3212 3860 3239 3887; x_wconf 90' lang='grc'><strong>››</strong></span> <span class='ocrx_word' id='word_1_702' title='bbox 3272 3838 3331 3894; x_wconf 91' lang='lat' dir='ltr'><strong>id</strong></span> <span class='ocrx_word' id='word_1_703' title='bbox 3371 3842 3460 3894; x_wconf 89' lang='lat' dir='ltr'><strong>est</strong></span> <span class='ocrx_word' id='word_1_704' title='bbox 3506 3839 3660 3896; x_wconf 89' lang='lat' dir='ltr'><strong>indi-</strong></span> 
     </span>
    </p>
   </div>
   <div class='ocr_carea' id='block_1_85' title="bbox 2011 3925 3662 4005">
    <p class='ocr_par' dir='ltr' id='par_1_85' title="bbox 2011 3925 3662 4005">
     <span class='ocr_line' id='line_1_85' title="bbox 2011 3925 3662 4005; baseline 0 -19"><span class='ocrx_word' id='word_1_705' title='bbox 2011 3931 2347 4005; x_wconf 87' lang='lat' dir='ltr'><strong>gnationem</strong></span> <span class='ocrx_word' id='word_1_706' title='bbox 2390 3927 2568 3984; x_wconf 91' lang='lat' dir='ltr'><strong>habui</strong></span> <span class='ocrx_word' id='word_1_707' title='bbox 2601 3928 2672 3984; x_wconf 91' lang='lat' dir='ltr'><strong>de</strong></span> <span class='ocrx_word' id='word_1_708' title='bbox 2702 3925 2942 3997; x_wconf 89' lang='lat' dir='ltr'><strong>iniquis,</strong></span> <span class='ocrx_word' id='word_1_709' title='bbox 2976 3949 3004 3977; x_wconf 90' lang='grc'><strong>‹‹</strong></span> <span class='ocrx_word' id='word_1_710' title='bbox 3034 3925 3237 3983; x_wconf 91' lang='lat' dir='ltr'><strong>videns</strong></span> <span class='ocrx_word' id='word_1_711' title='bbox 3282 3941 3507 4000; x_wconf 89' lang='lat' dir='ltr'><strong>pacem,</strong></span> <span class='ocrx_word' id='word_1_712' title='bbox 3542 3950 3571 3979; x_wconf 87' lang='lat'>»</span> <span class='ocrx_word' id='word_1_713' title='bbox 3600 3928 3662 3985; x_wconf 89' lang='lat' dir='ltr'><strong>id</strong></span> 
     </span>
    </p>
   </div>
   <div class='ocr_carea' id='block_1_86' title="bbox 2013 4014 3441 4090">
    <p class='ocr_par' dir='ltr' id='par_1_86' title="bbox 2013 4014 3441 4090">
     <span class='ocr_line' id='line_1_86' title="bbox 2013 4014 3441 4090; baseline -0.008 -13"><span class='ocrx_word' id='word_1_714' title='bbox 2013 4024 2104 4077; x_wconf 91' lang='lat' dir='ltr'><strong>est</strong></span> <span class='ocrx_word' id='word_1_715' title='bbox 2132 4017 2621 4090; x_wconf 89' lang='lat' dir='ltr'><strong>tranquillitatem</strong></span> <span class='ocrx_word' id='word_1_716' title='bbox 2654 4014 2891 4071; x_wconf 89' lang='lat' dir='ltr'><strong>illorum</strong></span> <span class='ocrx_word' id='word_1_717' title='bbox 2923 4039 2953 4066; x_wconf 88' lang='lat'><strong><em>«</em></strong></span> <span class='ocrx_word' id='word_1_718' title='bbox 2983 4018 3376 4088; x_wconf 90' lang='lat' dir='ltr'><strong>peccatorum.</strong></span> <span class='ocrx_word' id='word_1_719' title='bbox 3413 4037 3441 4066; x_wconf 84' lang='lat'><strong>»</strong></span> 
     </span>
    </p>
   </div>
   <div class='ocr_carea' id='block_1_87' title="bbox 2087 4103 3669 4178">
    <p class='ocr_par' dir='ltr' id='par_1_87' title="bbox 2087 4103 3669 4178">
     <span class='ocr_line' id='line_1_87' title="bbox 2087 4103 3669 4178; baseline -0.001 -14"><span class='ocrx_word' id='word_1_720' title='bbox 2087 4110 2219 4165; x_wconf 90' lang='lat' dir='ltr'><strong>Ideo</strong></span> <span class='ocrx_word' id='word_1_721' title='bbox 2244 4107 2542 4162; x_wconf 90' lang='lat' dir='ltr'><strong>habebant</strong></span> <span class='ocrx_word' id='word_1_722' title='bbox 2580 4121 2806 4178; x_wconf 89' lang='lat' dir='ltr'><strong>pacem,</strong></span> <span class='ocrx_word' id='word_1_723' title='bbox 2839 4126 2867 4154; x_wconf 89' lang='grc'><strong>‹‹</strong></span> <span class='ocrx_word' id='word_1_724' title='bbox 2898 4104 3039 4178; x_wconf 90' lang='lat' dir='ltr'><strong>quia</strong></span> <span class='ocrx_word' id='word_1_725' title='bbox 3071 4127 3098 4154; x_wconf 85' lang='lat'>»</span> <span class='ocrx_word' id='word_1_726' title='bbox 3131 4104 3191 4160; x_wconf 92' lang='lat' dir='ltr'><strong>in</strong></span> <span class='ocrx_word' id='word_1_727' title='bbox 3222 4103 3340 4161; x_wconf 90' lang='lat' dir='ltr'><strong>illis</strong></span> <span class='ocrx_word' id='word_1_728' title='bbox 3366 4128 3395 4156; x_wconf 86' lang='lat'><strong>«</strong></span> <span class='ocrx_word' id='word_1_729' title='bbox 3429 4121 3545 4162; x_wconf 91' lang='lat' dir='ltr'><strong>non</strong></span> <span class='ocrx_word' id='word_1_730' title='bbox 3575 4109 3669 4163; x_wconf 90' lang='lat' dir='ltr'><strong>est</strong></span> 
     </span>
    </p>
   </div>
   <div class='ocr_carea' id='block_1_88' title="bbox 2016 4192 3668 4269">
    <p class='ocr_par' dir='ltr' id='par_1_88' title="bbox 2016 4192 3668 4269">
     <span class='ocr_line' id='line_1_88' title="bbox 2016 4192 3668 4269; baseline -0.003 -15"><span class='ocrx_word' id='word_1_731' title='bbox 2016 4200 2317 4269; x_wconf 87' lang='lat' dir='ltr'><strong>respectus</strong></span> <span class='ocrx_word' id='word_1_732' title='bbox 2350 4193 2523 4250; x_wconf 90' lang='lat' dir='ltr'><strong>morti</strong></span> <span class='ocrx_word' id='word_1_733' title='bbox 2545 4209 2769 4259; x_wconf 90' lang='lat' dir='ltr'><strong>eorum,</strong></span> <span class='ocrx_word' id='word_1_734' title='bbox 2798 4214 2825 4243; x_wconf 86' lang='grc'><strong>››</strong></span> <span class='ocrx_word' id='word_1_735' title='bbox 2848 4192 2906 4248; x_wconf 93' lang='lat' dir='ltr'><strong>id</strong></span> <span class='ocrx_word' id='word_1_736' title='bbox 2926 4198 3017 4250; x_wconf 91' lang='lat' dir='ltr'><strong>est</strong></span> <span class='ocrx_word' id='word_1_737' title='bbox 3037 4210 3153 4249; x_wconf 90' lang='lat' dir='ltr'><strong>non</strong></span> <span class='ocrx_word' id='word_1_738' title='bbox 3176 4194 3487 4251; x_wconf 90' lang='lat' dir='ltr'><strong>attendunt</strong></span> <span class='ocrx_word' id='word_1_739' title='bbox 3506 4210 3668 4250; x_wconf 87' lang='lat' dir='ltr'><strong>mor-</strong></span> 
     </span>
    </p>
   </div>
   <div class='ocr_carea' id='block_1_89' title="bbox 2016 4281 3670 4355">
    <p class='ocr_par' dir='ltr' id='par_1_89' title="bbox 2016 4281 3670 4355">
     <span class='ocr_line' id='line_1_89' title="bbox 2016 4281 3670 4355; baseline -0.002 -13"><span class='ocrx_word' id='word_1_740' title='bbox 2016 4290 2137 4342; x_wconf 90' lang='lat' dir='ltr'><strong>tem</strong></span> <span class='ocrx_word' id='word_1_741' title='bbox 2167 4300 2359 4350; x_wconf 91' lang='lat' dir='ltr'><strong>suam,</strong></span> <span class='ocrx_word' id='word_1_742' title='bbox 2393 4299 2571 4355; x_wconf 90' lang='lat' dir='ltr'><strong>quam</strong></span> <span class='ocrx_word' id='word_1_743' title='bbox 2595 4281 2643 4338; x_wconf 90' lang='lat' dir='ltr'><strong>si</strong></span> <span class='ocrx_word' id='word_1_744' title='bbox 2670 4282 3055 4347; x_wconf 90' lang='lat' dir='ltr'><strong>attenderent,</strong></span> <span class='ocrx_word' id='word_1_745' title='bbox 3078 4284 3135 4339; x_wconf 90' lang='lat' dir='ltr'><strong>et</strong></span> <span class='ocrx_word' id='word_1_746' title='bbox 3153 4282 3493 4355; x_wconf 91' lang='lat' dir='ltr'><strong>unucuique</strong></span> <span class='ocrx_word' id='word_1_747' title='bbox 3512 4283 3670 4355; x_wconf 90' lang='lat' dir='ltr'><strong>quod</strong></span> 
     </span>
    </p>
   </div>
   <div class='ocr_carea' id='block_1_90' title="bbox 2017 4370 3669 4444">
    <p class='ocr_par' dir='ltr' id='par_1_90' title="bbox 2017 4370 3669 4444">
     <span class='ocr_line' id='line_1_90' title="bbox 2017 4370 3669 4444; baseline -0.003 -12"><span class='ocrx_word' id='word_1_748' title='bbox 2017 4376 2299 4432; x_wconf 88' lang='lat' dir='ltr'><strong>reddatur</strong></span> <span class='ocrx_word' id='word_1_749' title='bbox 2327 4373 2389 4428; x_wconf 92' lang='lat' dir='ltr'><strong>in</strong></span> <span class='ocrx_word' id='word_1_750' title='bbox 2420 4375 2606 4428; x_wconf 88' lang='lat' dir='ltr'><strong>morte</strong></span> <span class='ocrx_word' id='word_1_751' title='bbox 2637 4387 2739 4443; x_wconf 92' lang='lat' dir='ltr'><strong>pro</strong></span> <span class='ocrx_word' id='word_1_752' title='bbox 2760 4370 3009 4438; x_wconf 90' lang='lat' dir='ltr'><strong>meritis,</strong></span> <span class='ocrx_word' id='word_1_753' title='bbox 3025 4386 3141 4427; x_wconf 91' lang='lat' dir='ltr'><strong>non</strong></span> <span class='ocrx_word' id='word_1_754' title='bbox 3162 4370 3447 4427; x_wconf 77' lang='lat' dir='ltr'><strong>haberent</strong></span> <span class='ocrx_word' id='word_1_755' title='bbox 3465 4386 3669 4444; x_wconf 89' lang='lat' dir='ltr'><strong>pacem</strong></span> 
     </span>
    </p>
   </div>
   <div class='ocr_carea' id='block_1_91' title="bbox 2018 4457 3671 4537">
    <p class='ocr_par' dir='ltr' id='par_1_91' title="bbox 2018 4457 3671 4537">
     <span class='ocr_line' id='line_1_91' title="bbox 2018 4457 3671 4537; baseline -0.004 -17"><span class='ocrx_word' id='word_1_756' title='bbox 2018 4469 2076 4520; x_wconf 91' lang='lat' dir='ltr'><strong>et</strong></span> <span class='ocrx_word' id='word_1_757' title='bbox 2104 4461 2551 4537; x_wconf 88' lang='lat' dir='ltr'><strong>prosperitatem</strong></span> <span class='ocrx_word' id='word_1_758' title='bbox 2583 4460 2764 4531; x_wconf 89' lang='lat' dir='ltr'><strong>hujus</strong></span> <span class='ocrx_word' id='word_1_759' title='bbox 2789 4458 2942 4525; x_wconf 65' lang='lat' dir='ltr'><strong>vitae,</strong></span> <span class='ocrx_word' id='word_1_760' title='bbox 2975 4459 3077 4515; x_wconf 91' lang='lat' dir='ltr'><strong>sed</strong></span> <span class='ocrx_word' id='word_1_761' title='bbox 3118 4459 3405 4532; x_wconf 85' lang='lat' dir='ltr'><strong>lugerent,</strong></span> <span class='ocrx_word' id='word_1_762' title='bbox 3437 4462 3496 4514; x_wconf 90' lang='lat' dir='ltr'><strong>et</strong></span> <span class='ocrx_word' id='word_1_763' title='bbox 3538 4457 3671 4514; x_wconf 88' lang='lat' dir='ltr'><strong>ideo</strong></span> 
     </span>
    </p>
   </div>
   <div class='ocr_carea' id='block_1_92' title="bbox 270 4546 3674 4633">
    <p class='ocr_par' dir='ltr' id='par_1_92' title="bbox 270 4546 3674 4633">
     <span class='ocr_line' id='line_1_92' title="bbox 270 4546 3674 4633; baseline -0.001 -27"><span class='ocrx_word' id='word_1_764' title='bbox 270 4552 351 4607; x_wconf 88' lang='lat' dir='ltr'><strong>dit</strong></span> <span class='ocrx_word' id='word_1_765' title='bbox 370 4553 546 4610; x_wconf 90' lang='lat' dir='ltr'><strong>Deum</strong></span> <span class='ocrx_word' id='word_1_766' title='bbox 570 4555 700 4626; x_wconf 87' lang='lat' dir='ltr'><strong>jam</strong></span> <span class='ocrx_word' id='word_1_767' title='bbox 733 4570 849 4610; x_wconf 94' lang='lat' dir='ltr'><strong>non</strong></span> <span class='ocrx_word' id='word_1_768' title='bbox 883 4555 1026 4610; x_wconf 91' lang='lat' dir='ltr'><strong>dare</strong></span> <span class='ocrx_word' id='word_1_769' title='bbox 1056 4554 1383 4611; x_wconf 90' lang='lat' dir='ltr'><strong>cultoribus</strong></span> <span class='ocrx_word' id='word_1_770' title='bbox 1431 4555 1575 4623; x_wconf 89' lang='lat' dir='ltr'><strong>suis,</strong></span> <span class='ocrx_word' id='word_1_771' title='bbox 1606 4559 1673 4610; x_wconf 91' lang='lat' dir='ltr'><strong>ut</strong></span> <span class='ocrx_word' id='word_1_772' title='bbox 1702 4554 1912 4611; x_wconf 90' lang='lat' dir='ltr'><strong>solitus</strong></span> <span class='ocrx_word' id='word_1_773' title='bbox 1946 4568 1993 4633; x_wconf 74' lang='grc' dir='ltr'>ι]</span> <span class='ocrx_word' id='word_1_774' title='bbox 2023 4570 2137 4609; x_wconf 91' lang='lat' dir='ltr'><strong>non</strong></span> <span class='ocrx_word' id='word_1_775' title='bbox 2170 4553 2390 4608; x_wconf 91' lang='lat' dir='ltr'><strong>habent</strong></span> <span class='ocrx_word' id='word_1_776' title='bbox 2418 4566 2621 4624; x_wconf 88' lang='lat' dir='ltr'><strong>pacem</strong></span> <span class='ocrx_word' id='word_1_777' title='bbox 2642 4553 2700 4605; x_wconf 93' lang='lat' dir='ltr'><strong>et</strong></span> <span class='ocrx_word' id='word_1_778' title='bbox 2721 4546 3343 4621; x_wconf 86' lang='lat' dir='ltr'><strong>prosperitatem,quia</strong></span> <span class='ocrx_word' id='word_1_779' title='bbox 3364 4570 3393 4599; x_wconf 85' lang='lat'><strong>«</strong></span> <span class='ocrx_word' id='word_1_780' title='bbox 3417 4546 3477 4604; x_wconf 88' lang='lat' dir='ltr'><strong>in</strong></span> <span class='ocrx_word' id='word_1_781' title='bbox 3499 4546 3674 4621; x_wconf 85' lang='lat' dir='ltr'><strong>plaga</strong></span> 
     </span>
    </p>
   </div>
   <div class='ocr_carea' id='block_1_93' title="bbox 269 4639 1918 4716">
    <p class='ocr_par' dir='ltr' id='par_1_93' title="bbox 269 4639 1918 4716">
     <span class='ocr_line' id='line_1_93' title="bbox 269 4639 1918 4716; baseline 0.003 -21"><span class='ocrx_word' id='word_1_782' title='bbox 269 4639 693 4716; x_wconf 83' lang='lat' dir='ltr'><strong>fuit,prospera,</strong></span> <span class='ocrx_word' id='word_1_783' title='bbox 728 4643 829 4698; x_wconf 90' lang='lat' dir='ltr'><strong>sed</strong></span> <span class='ocrx_word' id='word_1_784' title='bbox 866 4644 1110 4699; x_wconf 89' lang='lat' dir='ltr'><strong>adversa</strong></span> <span class='ocrx_word' id='word_1_785' title='bbox 1132 4660 1145 4698; x_wconf 90' lang='lat'><strong>:</strong></span> <span class='ocrx_word' id='word_1_786' title='bbox 1171 4644 1328 4714; x_wconf 91' lang='lat' dir='ltr'><strong>quod</strong></span> <span class='ocrx_word' id='word_1_787' title='bbox 1350 4642 1681 4715; x_wconf 88' lang='lat' dir='ltr'><strong>intelligens</strong></span> <span class='ocrx_word' id='word_1_788' title='bbox 1702 4644 1918 4700; x_wconf 88' lang='lat' dir='ltr'><strong>Esdras</strong></span> 
     </span>
    </p>
   </div>
   <div class='ocr_carea' id='block_1_94' title="bbox 273 4727 1914 4803">
    <p class='ocr_par' dir='ltr' id='par_1_94' title="bbox 273 4727 1914 4803">
     <span class='ocr_line' id='line_1_94' title="bbox 273 4727 1914 4803; baseline 0.002 -20"><span class='ocrx_word' id='word_1_789' title='bbox 273 4727 605 4803; x_wconf 86' lang='lat' dir='ltr'><strong>Prophetam</strong></span> <span class='ocrx_word' id='word_1_790' title='bbox 622 4728 980 4787; x_wconf 80' lang='lat' dir='ltr'><strong>intellexisse</strong></span> <span class='ocrx_word' id='word_1_791' title='bbox 995 4731 1053 4785; x_wconf 92' lang='lat' dir='ltr'><strong>in</strong></span> <span class='ocrx_word' id='word_1_792' title='bbox 1070 4731 1180 4787; x_wconf 90' lang='lat' dir='ltr'><strong>hoc</strong></span> <span class='ocrx_word' id='word_1_793' title='bbox 1202 4730 1451 4803; x_wconf 90' lang='lat' dir='ltr'><strong>psalmo,</strong></span> <span class='ocrx_word' id='word_1_794' title='bbox 1468 4731 1550 4787; x_wconf 91' lang='lat' dir='ltr'><strong>sic</strong></span> <span class='ocrx_word' id='word_1_795' title='bbox 1576 4731 1914 4802; x_wconf 89' lang='lat' dir='ltr'><strong>intitulavit,</strong></span> 
     </span>
    </p>
   </div>
   <div class='ocr_carea' id='block_1_95' title="bbox 272 4815 1916 4891">
    <p class='ocr_par' dir='ltr' id='par_1_95' title="bbox 272 4815 1916 4891">
     <span class='ocr_line' id='line_1_95' title="bbox 272 4815 1916 4891; baseline 0.002 -20"><span class='ocrx_word' id='word_1_796' title='bbox 272 4815 459 4876; x_wconf 90' lang='lat' dir='ltr'><strong>laudes</strong></span> <span class='ocrx_word' id='word_1_797' title='bbox 478 4819 765 4876; x_wconf 86' lang='lat' dir='ltr'><strong>David.Et</strong></span> <span class='ocrx_word' id='word_1_798' title='bbox 789 4836 861 4876; x_wconf 93' lang='lat' dir='ltr'><strong>ne</strong></span> <span class='ocrx_word' id='word_1_799' title='bbox 884 4837 988 4891; x_wconf 89' lang='lat' dir='ltr'><strong>per</strong></span> <span class='ocrx_word' id='word_1_800' title='bbox 1017 4819 1197 4875; x_wconf 91' lang='lat' dir='ltr'><strong>David</strong></span> <span class='ocrx_word' id='word_1_801' title='bbox 1230 4819 1587 4891; x_wconf 87' lang='lat' dir='ltr'><strong>accipiamus</strong></span> <span class='ocrx_word' id='word_1_802' title='bbox 1617 4820 1916 4877; x_wconf 87' lang='lat' dir='ltr'><strong>Christum</strong></span> 
     </span>
    </p>
   </div>
   <div class='ocr_carea' id='block_1_96' title="bbox 274 4906 1918 4981">
    <p class='ocr_par' dir='ltr' id='par_1_96' title="bbox 274 4906 1918 4981">
     <span class='ocr_line' id='line_1_96' title="bbox 274 4906 1918 4981; baseline 0.002 -22"><span class='ocrx_word' id='word_1_803' title='bbox 274 4906 352 4961; x_wconf 88' lang='lat' dir='ltr'><strong>vel</strong></span> <span class='ocrx_word' id='word_1_804' title='bbox 378 4908 720 4975; x_wconf 85' lang='lat' dir='ltr'><strong>Ecclesiam,</strong></span> <span class='ocrx_word' id='word_1_805' title='bbox 753 4908 1110 4963; x_wconf 90' lang='lat' dir='ltr'><strong>determinat</strong></span> <span class='ocrx_word' id='word_1_806' title='bbox 1140 4908 1575 4981; x_wconf 89' lang='lat' dir='ltr'><strong>generationem</strong></span> <span class='ocrx_word' id='word_1_807' title='bbox 1627 4909 1918 4964; x_wconf 91' lang='lat' dir='ltr'><strong>carnalem</strong></span> 
     </span>
    </p>
   </div>
   <div class='ocr_carea' id='block_1_97' title="bbox 274 4993 1921 5069">
    <p class='ocr_par' dir='ltr' id='par_1_97' title="bbox 274 4993 1921 5069">
     <span class='ocr_line' id='line_1_97' title="bbox 274 4993 1921 5069; baseline 0.002 -20"><span class='ocrx_word' id='word_1_808' title='bbox 274 4993 463 5065; x_wconf 88' lang='lat' dir='ltr'><strong>David,</strong></span> <span class='ocrx_word' id='word_1_809' title='bbox 495 5014 633 5053; x_wconf 91' lang='lat' dir='ltr'><strong>cum</strong></span> <span class='ocrx_word' id='word_1_810' title='bbox 667 4995 829 5066; x_wconf 91' lang='lat' dir='ltr'><strong>dicit,</strong></span> <span class='ocrx_word' id='word_1_811' title='bbox 866 4996 973 5051; x_wconf 87' lang='lat' dir='ltr'><strong>ﬁlii</strong></span> <span class='ocrx_word' id='word_1_812' title='bbox 1003 4997 1189 5065; x_wconf 85' lang='lat' dir='ltr'><strong>Jcsse,</strong></span> <span class='ocrx_word' id='word_1_813' title='bbox 1220 5001 1277 5053; x_wconf 91' lang='lat' dir='ltr'><strong>et</strong></span> <span class='ocrx_word' id='word_1_814' title='bbox 1308 5014 1410 5069; x_wconf 91' lang='lat' dir='ltr'><strong>per</strong></span> <span class='ocrx_word' id='word_1_815' title='bbox 1448 4996 1556 5052; x_wconf 90' lang='lat' dir='ltr'><strong>hoc</strong></span> <span class='ocrx_word' id='word_1_816' title='bbox 1607 4998 1706 5052; x_wconf 89' lang='lat' dir='ltr'><strong>dat</strong></span> <span class='ocrx_word' id='word_1_817' title='bbox 1751 4998 1921 5053; x_wconf 91' lang='lat' dir='ltr'><strong>nobis</strong></span> 
     </span>
    </p>
   </div>
   <div class='ocr_carea' id='block_1_98' title="bbox 277 5083 1923 5159">
    <p class='ocr_par' dir='ltr' id='par_1_98' title="bbox 277 5083 1923 5159">
     <span class='ocr_line' id='line_1_98' title="bbox 277 5083 1923 5159; baseline 0.002 -21"><span class='ocrx_word' id='word_1_818' title='bbox 277 5083 589 5159; x_wconf 85' lang='lat' dir='ltr'><strong>intelligere</strong></span> <span class='ocrx_word' id='word_1_819' title='bbox 609 5085 924 5141; x_wconf 88' lang='lat' dir='ltr'><strong>Judaicum</strong></span> <span class='ocrx_word' id='word_1_820' title='bbox 953 5084 1251 5141; x_wconf 88' lang='lat' dir='ltr'><strong>carnalem</strong></span> <span class='ocrx_word' id='word_1_821' title='bbox 1274 5085 1724 5158; x_wconf 86' lang='lat' dir='ltr'><strong>populum,quia</strong></span> <span class='ocrx_word' id='word_1_822' title='bbox 1742 5086 1923 5142; x_wconf 88' lang='lat' dir='ltr'><strong>David</strong></span> 
     </span>
    </p>
   </div>
   <div class='ocr_carea' id='block_1_99' title="bbox 274 5166 1925 5247">
    <p class='ocr_par' dir='ltr' id='par_1_99' title="bbox 274 5166 1925 5247">
     <span class='ocr_line' id='line_1_99' title="bbox 274 5166 1925 5247; baseline 0.002 -19"><span class='ocrx_word' id='word_1_823' title='bbox 274 5166 590 5229; x_wconf 85' lang='lat' dir='ltr'><strong>secundum</strong></span> <span class='ocrx_word' id='word_1_824' title='bbox 612 5173 916 5230; x_wconf 88' lang='lat' dir='ltr'><strong>carnalem</strong></span> <span class='ocrx_word' id='word_1_825' title='bbox 949 5173 1382 5247; x_wconf 87' lang='lat' dir='ltr'><strong>generationem</strong></span> <span class='ocrx_word' id='word_1_826' title='bbox 1407 5191 1561 5229; x_wconf 90' lang='lat' dir='ltr'><strong>unus</strong></span> <span class='ocrx_word' id='word_1_827' title='bbox 1583 5173 1695 5229; x_wconf 82' lang='lat' dir='ltr'><strong>fuit</strong></span> <span class='ocrx_word' id='word_1_828' title='bbox 1714 5176 1785 5231; x_wconf 91' lang='lat' dir='ltr'><strong>dc</strong></span> <span class='ocrx_word' id='word_1_829' title='bbox 1805 5192 1925 5231; x_wconf 89' lang='lat' dir='ltr'><strong>car-</strong></span> 
     </span>
    </p>
   </div>
   <div class='ocr_carea' id='block_1_100' title="bbox 276 5261 1923 5335">
    <p class='ocr_par' dir='ltr' id='par_1_100' title="bbox 276 5261 1923 5335">
     <span class='ocr_line' id='line_1_100' title="bbox 276 5261 1923 5335; baseline 0.002 -19"><span class='ocrx_word' id='word_1_830' title='bbox 276 5262 379 5317; x_wconf 87' lang='lat' dir='ltr'><strong>nali</strong></span> <span class='ocrx_word' id='word_1_831' title='bbox 403 5262 649 5335; x_wconf 89' lang='lat' dir='ltr'><strong>populo:</strong></span> <span class='ocrx_word' id='word_1_832' title='bbox 674 5263 847 5334; x_wconf 90' lang='lat' dir='ltr'><strong>cujus</strong></span> <span class='ocrx_word' id='word_1_833' title='bbox 870 5262 1070 5334; x_wconf 86' lang='lat' dir='ltr'><strong>David,</strong></span> <span class='ocrx_word' id='word_1_834' title='bbox 1082 5263 1139 5319; x_wconf 93' lang='lat' dir='ltr'><strong>id</strong></span> <span class='ocrx_word' id='word_1_835' title='bbox 1154 5267 1244 5320; x_wconf 90' lang='lat' dir='ltr'><strong>cst</strong></span> <span class='ocrx_word' id='word_1_836' title='bbox 1258 5264 1287 5319; x_wconf 90' lang='lat' dir='ltr'><strong>J</strong></span> <span class='ocrx_word' id='word_1_837' title='bbox 1296 5261 1487 5318; x_wconf 88' lang='lat' dir='ltr'><strong>udaici</strong></span> <span class='ocrx_word' id='word_1_838' title='bbox 1505 5262 1703 5333; x_wconf 90' lang='lat' dir='ltr'><strong>populi</strong></span> <span class='ocrx_word' id='word_1_839' title='bbox 1721 5263 1923 5319; x_wconf 88' lang='lat' dir='ltr'><strong>laudes</strong></span> 
     </span>
    </p>
   </div>
   <div class='ocr_carea' id='block_1_101' title="bbox 274 5349 1927 5423">
    <p class='ocr_par' dir='ltr' id='par_1_101' title="bbox 274 5349 1927 5423">
     <span class='ocr_line' id='line_1_101' title="bbox 274 5349 1927 5423; baseline 0.002 -20"><span class='ocrx_word' id='word_1_840' title='bbox 274 5349 637 5407; x_wconf 83' lang='lat' dir='ltr'><strong>defecerunt:</strong></span> <span class='ocrx_word' id='word_1_841' title='bbox 668 5350 807 5423; x_wconf 87' lang='lat' dir='ltr'><strong>quia</strong></span> <span class='ocrx_word' id='word_1_842' title='bbox 843 5352 997 5407; x_wconf 83' lang='lat' dir='ltr'><strong>Deus</strong></span> <span class='ocrx_word' id='word_1_843' title='bbox 1018 5352 1145 5423; x_wconf 86' lang='lat' dir='ltr'><strong>jam</strong></span> <span class='ocrx_word' id='word_1_844' title='bbox 1181 5368 1294 5405; x_wconf 91' lang='lat' dir='ltr'><strong>non</strong></span> <span class='ocrx_word' id='word_1_845' title='bbox 1319 5350 1418 5405; x_wconf 88' lang='lat' dir='ltr'><strong>dat</strong></span> <span class='ocrx_word' id='word_1_846' title='bbox 1438 5350 1562 5406; x_wconf 88' lang='lat' dir='ltr'><strong>suis</strong></span> <span class='ocrx_word' id='word_1_847' title='bbox 1586 5352 1927 5422; x_wconf 84' lang='lat' dir='ltr'><strong>temporalia</strong></span> 
     </span>
    </p>
   </div>
   <div class='ocr_carea' id='block_1_102' title="bbox 270 5436 1923 5511">
    <p class='ocr_par' dir='ltr' id='par_1_102' title="bbox 270 5436 1923 5511">
     <span class='ocr_line' id='line_1_102' title="bbox 270 5436 1923 5511; baseline 0.002 -19"><span class='ocrx_word' id='word_1_848' title='bbox 270 5436 660 5511; x_wconf 85' lang='lat' dir='ltr'><strong>bona,quibus</strong></span> <span class='ocrx_word' id='word_1_849' title='bbox 686 5439 833 5496; x_wconf 91' lang='lat' dir='ltr'><strong>solis</strong></span> <span class='ocrx_word' id='word_1_850' title='bbox 860 5438 1114 5497; x_wconf 89' lang='lat' dir='ltr'><strong>carnalis</strong></span> <span class='ocrx_word' id='word_1_851' title='bbox 1135 5438 1418 5495; x_wconf 87' lang='lat' dir='ltr'><strong>Judaicus</strong></span> <span class='ocrx_word' id='word_1_852' title='bbox 1445 5437 1697 5511; x_wconf 89' lang='lat' dir='ltr'><strong>populus</strong></span> <span class='ocrx_word' id='word_1_853' title='bbox 1716 5439 1923 5496; x_wconf 90' lang='lat' dir='ltr'><strong>lauda-</strong></span> 
     </span>
    </p>
   </div>
   <div class='ocr_carea' id='block_1_103' title="bbox 270 5526 1929 5600">
    <p class='ocr_par' dir='ltr' id='par_1_103' title="bbox 270 5526 1929 5600">
     <span class='ocr_line' id='line_1_103' title="bbox 270 5526 1929 5600; baseline 0.003 -20"><span class='ocrx_word' id='word_1_854' title='bbox 270 5526 831 5595; x_wconf 88' lang='lat' dir='ltr'><strong>bateum,etutcerti</strong></span> <span class='ocrx_word' id='word_1_855' title='bbox 847 5527 1203 5600; x_wconf 69' lang='lat' dir='ltr'><strong>simusquod</strong></span> <span class='ocrx_word' id='word_1_856' title='bbox 1211 5530 1337 5600; x_wconf 92' lang='lat' dir='ltr'><strong>jam</strong></span> <span class='ocrx_word' id='word_1_857' title='bbox 1352 5527 1505 5583; x_wconf 85' lang='lat' dir='ltr'><strong>Deus</strong></span> <span class='ocrx_word' id='word_1_858' title='bbox 1527 5546 1643 5584; x_wconf 90' lang='lat' dir='ltr'><strong>non</strong></span> <span class='ocrx_word' id='word_1_859' title='bbox 1666 5529 1765 5583; x_wconf 86' lang='lat' dir='ltr'><strong>dat</strong></span> <span class='ocrx_word' id='word_1_860' title='bbox 1786 5533 1929 5585; x_wconf 88' lang='lat' dir='ltr'><strong>tem-</strong></span> 
     </span>
    </p>
   </div>
   <div class='ocr_carea' id='block_1_104' title="bbox 272 5613 1926 5690">
    <p class='ocr_par' dir='ltr' id='par_1_104' title="bbox 272 5613 1926 5690">
     <span class='ocr_line' id='line_1_104' title="bbox 272 5613 1926 5690; baseline 0.003 -20"><span class='ocrx_word' id='word_1_861' title='bbox 272 5613 493 5688; x_wconf 88' lang='lat' dir='ltr'><strong>poralia</strong></span> <span class='ocrx_word' id='word_1_862' title='bbox 524 5616 697 5687; x_wconf 88' lang='lat' dir='ltr'><strong>bona,</strong></span> <span class='ocrx_word' id='word_1_863' title='bbox 734 5616 955 5690; x_wconf 90' lang='lat' dir='ltr'><strong>quibus</strong></span> <span class='ocrx_word' id='word_1_864' title='bbox 986 5618 1234 5690; x_wconf 90' lang='lat' dir='ltr'><strong>negatis,</strong></span> <span class='ocrx_word' id='word_1_865' title='bbox 1270 5616 1472 5674; x_wconf 88' lang='lat' dir='ltr'><strong>laudes</strong></span> <span class='ocrx_word' id='word_1_866' title='bbox 1502 5617 1780 5674; x_wconf 88' lang='lat' dir='ltr'><strong>deﬁciunt</strong></span> <span class='ocrx_word' id='word_1_867' title='bbox 1802 5636 1926 5675; x_wconf 88' lang='lat' dir='ltr'><strong>car-</strong></span> 
     </span>
    </p>
   </div>
   <div class='ocr_carea' id='block_1_105' title="bbox 2026 4635 3671 4708">
    <p class='ocr_par' dir='ltr' id='par_1_105' title="bbox 2026 4635 3671 4708">
     <span class='ocr_line' id='line_1_105' title="bbox 2026 4635 3671 4708; baseline -0.005 -9"><span class='ocrx_word' id='word_1_868' title='bbox 2026 4659 2250 4708; x_wconf 89' lang='lat' dir='ltr'><strong>eorum,</strong></span> <span class='ocrx_word' id='word_1_869' title='bbox 2286 4663 2313 4689; x_wconf 75' lang='grc' dir='ltr'><strong>ι)</strong></span> <span class='ocrx_word' id='word_1_870' title='bbox 2345 4640 2404 4695; x_wconf 86' lang='lat' dir='ltr'><strong>id</strong></span> <span class='ocrx_word' id='word_1_871' title='bbox 2425 4642 2514 4696; x_wconf 88' lang='lat' dir='ltr'><strong>est</strong></span> <span class='ocrx_word' id='word_1_872' title='bbox 2532 4638 2591 4693; x_wconf 91' lang='lat' dir='ltr'><strong>in</strong></span> <span class='ocrx_word' id='word_1_873' title='bbox 2613 4636 2954 4693; x_wconf 91' lang='lat' dir='ltr'><strong>vulneribus</strong></span> <span class='ocrx_word' id='word_1_874' title='bbox 2972 4635 3393 4703; x_wconf 89' lang='lat' dir='ltr'><strong>vitiorum,non</strong></span> <span class='ocrx_word' id='word_1_875' title='bbox 3415 4639 3504 4694; x_wconf 92' lang='lat' dir='ltr'><strong>est</strong></span> <span class='ocrx_word' id='word_1_876' title='bbox 3520 4658 3548 4686; x_wconf 87' lang='lat'><em>«</em></span> <span class='ocrx_word' id='word_1_877' title='bbox 3573 4635 3671 4691; x_wconf 88' lang='lat' dir='ltr'><strong>ﬁr-</strong></span> 
     </span>
    </p>
   </div>
   <div class='ocr_carea' id='block_1_106' title="bbox 2027 4723 3677 4800">
    <p class='ocr_par' dir='ltr' id='par_1_106' title="bbox 2027 4723 3677 4800">
     <span class='ocr_line' id='line_1_106' title="bbox 2027 4723 3677 4800; baseline -0.004 -14"><span class='ocrx_word' id='word_1_878' title='bbox 2027 4735 2414 4796; x_wconf 90' lang='lat' dir='ltr'><strong>mamentum,</strong></span> <span class='ocrx_word' id='word_1_879' title='bbox 2452 4752 2478 4777; x_wconf 83' lang='lat'>»</span> <span class='ocrx_word' id='word_1_880' title='bbox 2506 4727 2644 4800; x_wconf 88' lang='lat' dir='ltr'><strong>quia</strong></span> <span class='ocrx_word' id='word_1_881' title='bbox 2673 4723 2781 4783; x_wconf 92' lang='lat' dir='ltr'><strong>etsi</strong></span> <span class='ocrx_word' id='word_1_882' title='bbox 2802 4725 2956 4781; x_wconf 89' lang='lat' dir='ltr'><strong>Deus</strong></span> <span class='ocrx_word' id='word_1_883' title='bbox 2978 4723 3178 4796; x_wconf 86' lang='lat' dir='ltr'><strong>aliqua</strong></span> <span class='ocrx_word' id='word_1_884' title='bbox 3197 4723 3538 4782; x_wconf 83' lang='lat' dir='ltr'><strong>infirmitate</strong></span> <span class='ocrx_word' id='word_1_885' title='bbox 3558 4741 3677 4780; x_wconf 91' lang='lat' dir='ltr'><strong>mo-</strong></span> 
     </span>
    </p>
   </div>
   <div class='ocr_carea' id='block_1_107' title="bbox 2026 4815 3674 4888">
    <p class='ocr_par' dir='ltr' id='par_1_107' title="bbox 2026 4815 3674 4888">
     <span class='ocr_line' id='line_1_107' title="bbox 2026 4815 3674 4888; baseline -0.005 -12"><span class='ocrx_word' id='word_1_886' title='bbox 2026 4823 2188 4877; x_wconf 90' lang='lat' dir='ltr'><strong>verat</strong></span> <span class='ocrx_word' id='word_1_887' title='bbox 2212 4836 2310 4875; x_wconf 89' lang='lat' dir='ltr'><strong>eos</strong></span> <span class='ocrx_word' id='word_1_888' title='bbox 2330 4820 2402 4874; x_wconf 87' lang='lat' dir='ltr'><strong>ad</strong></span> <span class='ocrx_word' id='word_1_889' title='bbox 2425 4815 2956 4888; x_wconf 89' lang='lat' dir='ltr'><strong>compunctionem,</strong></span> <span class='ocrx_word' id='word_1_890' title='bbox 2980 4830 3096 4870; x_wconf 92' lang='lat' dir='ltr'><strong>non</strong></span> <span class='ocrx_word' id='word_1_891' title='bbox 3120 4815 3317 4871; x_wconf 90' lang='lat' dir='ltr'><strong>tamen</strong></span> <span class='ocrx_word' id='word_1_892' title='bbox 3341 4815 3674 4880; x_wconf 85' lang='lat' dir='ltr'><strong>firmantur,</strong></span> 
     </span>
    </p>
   </div>
   <div class='ocr_carea' id='block_1_108' title="bbox 2029 4903 3676 4980">
    <p class='ocr_par' dir='ltr' id='par_1_108' title="bbox 2029 4903 3676 4980">
     <span class='ocr_line' id='line_1_108' title="bbox 2029 4903 3676 4980; baseline -0.005 -18"><span class='ocrx_word' id='word_1_893' title='bbox 2029 4908 2183 4980; x_wconf 91' lang='lat' dir='ltr'><strong>quod</strong></span> <span class='ocrx_word' id='word_1_894' title='bbox 2208 4908 2444 4978; x_wconf 90' lang='lat' dir='ltr'><strong>peccata</strong></span> <span class='ocrx_word' id='word_1_895' title='bbox 2462 4919 2663 4961; x_wconf 89' lang='lat' dir='ltr'><strong>eorum</strong></span> <span class='ocrx_word' id='word_1_896' title='bbox 2683 4919 2925 4975; x_wconf 90' lang='lat' dir='ltr'><strong>prorsus</strong></span> <span class='ocrx_word' id='word_1_897' title='bbox 2948 4904 3232 4958; x_wconf 83' lang='lat' dir='ltr'><strong>sanentur</strong></span> <span class='ocrx_word' id='word_1_898' title='bbox 3252 4904 3309 4959; x_wconf 90' lang='lat' dir='ltr'><strong>et</strong></span> <span class='ocrx_word' id='word_1_899' title='bbox 3328 4903 3676 4958; x_wconf 80' lang='lat' dir='ltr'><strong>conﬁrmen-</strong></span> 
     </span>
    </p>
   </div>
   <div class='ocr_carea' id='block_1_109' title="bbox 2029 4987 3679 5063">
    <p class='ocr_par' dir='ltr' id='par_1_109' title="bbox 2029 4987 3679 5063">
     <span class='ocr_line' id='line_1_109' title="bbox 2029 4987 3679 5063; baseline -0.007 -10"><span class='ocrx_word' id='word_1_900' title='bbox 2029 4995 2255 5053; x_wconf 89' lang='lat' dir='ltr'><strong>tur.Vel</strong></span> <span class='ocrx_word' id='word_1_901' title='bbox 2276 4994 2584 5060; x_wconf 89' lang='lat' dir='ltr'><strong>aliter,non</strong></span> <span class='ocrx_word' id='word_1_902' title='bbox 2606 4996 2695 5049; x_wconf 91' lang='lat' dir='ltr'><strong>est</strong></span> <span class='ocrx_word' id='word_1_903' title='bbox 2707 5016 2735 5042; x_wconf 91' lang='grc'><strong>‹‹</strong></span> <span class='ocrx_word' id='word_1_904' title='bbox 2754 4994 3053 5063; x_wconf 89' lang='lat' dir='ltr'><strong>respectus</strong></span> <span class='ocrx_word' id='word_1_905' title='bbox 3078 5013 3104 5041; x_wconf 86' lang='lat'>»</span> <span class='ocrx_word' id='word_1_906' title='bbox 3129 4989 3335 5046; x_wconf 66' lang='lat' dir='ltr'><strong>divinas</strong></span> <span class='ocrx_word' id='word_1_907' title='bbox 3357 4987 3679 5044; x_wconf 85' lang='lat' dir='ltr'><strong>misericor-</strong></span> 
     </span>
    </p>
   </div>
   <div class='ocr_carea' id='block_1_110' title="bbox 2032 5075 3677 5149">
    <p class='ocr_par' dir='ltr' id='par_1_110' title="bbox 2032 5075 3677 5149">
     <span class='ocr_line' id='line_1_110' title="bbox 2032 5075 3677 5149; baseline -0.005 -9"><span class='ocrx_word' id='word_1_908' title='bbox 2032 5084 2138 5141; x_wconf 67' lang='lat' dir='ltr'><strong>dia:</strong></span> <span class='ocrx_word' id='word_1_909' title='bbox 2162 5108 2190 5135; x_wconf 85' lang='lat'><strong>«</strong></span> <span class='ocrx_word' id='word_1_910' title='bbox 2217 5082 2392 5139; x_wconf 91' lang='lat' dir='ltr'><strong>morti</strong></span> <span class='ocrx_word' id='word_1_911' title='bbox 2412 5099 2636 5149; x_wconf 88' lang='lat' dir='ltr'><strong>eorum,</strong></span> <span class='ocrx_word' id='word_1_912' title='bbox 2651 5102 2679 5132; x_wconf 84' lang='lat'>»</span> <span class='ocrx_word' id='word_1_913' title='bbox 2697 5081 2754 5136; x_wconf 88' lang='lat' dir='ltr'><strong>id</strong></span> <span class='ocrx_word' id='word_1_914' title='bbox 2778 5085 2866 5137; x_wconf 89' lang='lat' dir='ltr'><strong>est</strong></span> <span class='ocrx_word' id='word_1_915' title='bbox 2885 5097 3001 5136; x_wconf 89' lang='lat' dir='ltr'><strong>non</strong></span> <span class='ocrx_word' id='word_1_916' title='bbox 3023 5080 3123 5135; x_wconf 93' lang='lat' dir='ltr'><strong>dat</strong></span> <span class='ocrx_word' id='word_1_917' title='bbox 3141 5079 3295 5134; x_wconf 91' lang='lat' dir='ltr'><strong>Deus</strong></span> <span class='ocrx_word' id='word_1_918' title='bbox 3314 5076 3399 5133; x_wconf 90' lang='lat' dir='ltr'><strong>eis</strong></span> <span class='ocrx_word' id='word_1_919' title='bbox 3418 5075 3677 5149; x_wconf 90' lang='lat' dir='ltr'><strong>aliquam</strong></span> 
     </span>
    </p>
   </div>
   <div class='ocr_carea' id='block_1_111' title="bbox 2033 5163 3677 5244">
    <p class='ocr_par' dir='ltr' id='par_1_111' title="bbox 2033 5163 3677 5244">
     <span class='ocr_line' id='line_1_111' title="bbox 2033 5163 3677 5244; baseline -0.005 -15"><span class='ocrx_word' id='word_1_920' title='bbox 2033 5172 2609 5244; x_wconf 89' lang='lat' dir='ltr'><strong>tribulationem,per</strong></span> <span class='ocrx_word' id='word_1_921' title='bbox 2619 5187 2796 5242; x_wconf 89' lang='lat' dir='ltr'><strong>quam</strong></span> <span class='ocrx_word' id='word_1_922' title='bbox 2810 5187 2843 5225; x_wconf 91' lang='lat' dir='ltr'><strong>a</strong></span> <span class='ocrx_word' id='word_1_923' title='bbox 2856 5172 3041 5224; x_wconf 93' lang='lat' dir='ltr'><strong>morte</strong></span> <span class='ocrx_word' id='word_1_924' title='bbox 3060 5166 3270 5222; x_wconf 67' lang='lat' dir='ltr'><strong>animae</strong></span> <span class='ocrx_word' id='word_1_925' title='bbox 3292 5163 3677 5234; x_wconf 89' lang='lat' dir='ltr'><strong>redimantur,</strong></span> 
     </span>
    </p>
   </div>
   <div class='ocr_carea' id='block_1_112' title="bbox 2031 5255 3677 5335">
    <p class='ocr_par' dir='ltr' id='par_1_112' title="bbox 2031 5255 3677 5335">
     <span class='ocr_line' id='line_1_112' title="bbox 2031 5255 3677 5335; baseline -0.006 -16"><span class='ocrx_word' id='word_1_926' title='bbox 2031 5263 2120 5320; x_wconf 88' lang='lat' dir='ltr'><strong>vel</strong></span> <span class='ocrx_word' id='word_1_927' title='bbox 2151 5262 2411 5335; x_wconf 86' lang='lat' dir='ltr'><strong>aliquam</strong></span> <span class='ocrx_word' id='word_1_928' title='bbox 2443 5261 2624 5316; x_wconf 89' lang='lat' dir='ltr'><strong>mittit</strong></span> <span class='ocrx_word' id='word_1_929' title='bbox 2653 5255 3211 5320; x_wconf 88' lang='lat' dir='ltr'><strong>adversitatem,non</strong></span> <span class='ocrx_word' id='word_1_930' title='bbox 3237 5259 3433 5310; x_wconf 90' lang='lat' dir='ltr'><strong>tamen</strong></span> <span class='ocrx_word' id='word_1_931' title='bbox 3452 5270 3677 5321; x_wconf 90' lang='lat' dir='ltr'><strong>eorum,</strong></span> 
     </span>
    </p>
   </div>
   <div class='ocr_carea' id='block_1_113' title="bbox 2035 5342 3684 5425">
    <p class='ocr_par' dir='ltr' id='par_1_113' title="bbox 2035 5342 3684 5425">
     <span class='ocr_line' id='line_1_113' title="bbox 2035 5342 3684 5425; baseline -0.006 -16"><span class='ocrx_word' id='word_1_932' title='bbox 2035 5354 2135 5410; x_wconf 88' lang='lat' dir='ltr'><strong>sed</strong></span> <span class='ocrx_word' id='word_1_933' title='bbox 2168 5352 2356 5425; x_wconf 89' lang='lat' dir='ltr'><strong>plagis</strong></span> <span class='ocrx_word' id='word_1_934' title='bbox 2387 5366 2610 5414; x_wconf 88' lang='lat' dir='ltr'><strong>eorum,</strong></span> <span class='ocrx_word' id='word_1_935' title='bbox 2645 5349 2702 5402; x_wconf 92' lang='lat' dir='ltr'><strong>id</strong></span> <span class='ocrx_word' id='word_1_936' title='bbox 2736 5352 2825 5402; x_wconf 90' lang='lat' dir='ltr'><strong>est</strong></span> <span class='ocrx_word' id='word_1_937' title='bbox 2856 5362 2971 5400; x_wconf 92' lang='lat' dir='ltr'><strong>non</strong></span> <span class='ocrx_word' id='word_1_938' title='bbox 3005 5345 3104 5399; x_wconf 88' lang='lat' dir='ltr'><strong>dat</strong></span> <span class='ocrx_word' id='word_1_939' title='bbox 3133 5342 3311 5399; x_wconf 85' lang='lat' dir='ltr'><strong>talem</strong></span> <span class='ocrx_word' id='word_1_940' title='bbox 3333 5361 3460 5415; x_wconf 74' lang='lat' dir='ltr'><strong>qua:</strong></span> <span class='ocrx_word' id='word_1_941' title='bbox 3489 5343 3684 5399; x_wconf 87' lang='lat' dir='ltr'><strong>ﬁrmet</strong></span> 
     </span>
    </p>
   </div>
   <div class='ocr_carea' id='block_1_114' title="bbox 2033 5430 3683 5509">
    <p class='ocr_par' dir='ltr' id='par_1_114' title="bbox 2033 5430 3683 5509">
     <span class='ocr_line' id='line_1_114' title="bbox 2033 5430 3683 5509; baseline -0.006 -12"><span class='ocrx_word' id='word_1_942' title='bbox 2033 5459 2133 5497; x_wconf 89' lang='lat' dir='ltr'><strong>eos</strong></span> <span class='ocrx_word' id='word_1_943' title='bbox 2164 5441 2263 5506; x_wconf 88' lang='lat' dir='ltr'><strong>ita,</strong></span> <span class='ocrx_word' id='word_1_944' title='bbox 2300 5444 2363 5494; x_wconf 88' lang='lat' dir='ltr'><strong>ut</strong></span> <span class='ocrx_word' id='word_1_945' title='bbox 2391 5441 2627 5509; x_wconf 87' lang='lat' dir='ltr'><strong>peccata</strong></span> <span class='ocrx_word' id='word_1_946' title='bbox 2666 5449 2906 5506; x_wconf 88' lang='lat' dir='ltr'><strong>prorsus</strong></span> <span class='ocrx_word' id='word_1_947' title='bbox 2954 5431 3275 5497; x_wconf 89' lang='lat' dir='ltr'><strong>deleantur,</strong></span> <span class='ocrx_word' id='word_1_948' title='bbox 3307 5436 3365 5487; x_wconf 92' lang='lat' dir='ltr'><strong>et</strong></span> <span class='ocrx_word' id='word_1_949' title='bbox 3397 5431 3595 5487; x_wconf 89' lang='lat' dir='ltr'><strong>anima</strong></span> <span class='ocrx_word' id='word_1_950' title='bbox 3620 5430 3683 5487; x_wconf 89' lang='lat' dir='ltr'><strong>in</strong></span> 
     </span>
    </p>
   </div>
   <div class='ocr_carea' id='block_1_115' title="bbox 2035 5520 3683 5600">
    <p class='ocr_par' dir='ltr' id='par_1_115' title="bbox 2035 5520 3683 5600">
     <span class='ocr_line' id='line_1_115' title="bbox 2035 5520 3683 5600; baseline -0.007 -13"><span class='ocrx_word' id='word_1_951' title='bbox 2035 5531 2245 5587; x_wconf 88' lang='lat' dir='ltr'><strong>virtute</strong></span> <span class='ocrx_word' id='word_1_952' title='bbox 2268 5527 2503 5600; x_wconf 90' lang='lat' dir='ltr'><strong>propria</strong></span> <span class='ocrx_word' id='word_1_953' title='bbox 2526 5524 2886 5579; x_wconf 88' lang='lat' dir='ltr'><strong>restituatur.</strong></span> <span class='ocrx_word' id='word_1_954' title='bbox 2904 5520 3272 5593; x_wconf 90' lang='lat' dir='ltr'><strong>Loquiturde</strong></span> <span class='ocrx_word' id='word_1_955' title='bbox 3287 5524 3400 5576; x_wconf 89' lang='lat' dir='ltr'><strong>Deo</strong></span> <span class='ocrx_word' id='word_1_956' title='bbox 3423 5521 3495 5577; x_wconf 91' lang='lat' dir='ltr'><strong>ad</strong></span> <span class='ocrx_word' id='word_1_957' title='bbox 3519 5520 3683 5577; x_wconf 88' lang='lat' dir='ltr'><strong>simi-</strong></span> 
     </span>
    </p>
   </div>
   <div class='ocr_carea' id='block_1_116' title="bbox 2036 5610 3685 5684">
    <p class='ocr_par' dir='ltr' id='par_1_116' title="bbox 2036 5610 3685 5684">
     <span class='ocr_line' id='line_1_116' title="bbox 2036 5610 3685 5684; baseline -0.005 -8"><span class='ocrx_word' id='word_1_958' title='bbox 2036 5618 2344 5676; x_wconf 89' lang='lat' dir='ltr'><strong>litudinem</strong></span> <span class='ocrx_word' id='word_1_959' title='bbox 2377 5613 2609 5678; x_wconf 88' lang='lat' dir='ltr'><strong>medici,</strong></span> <span class='ocrx_word' id='word_1_960' title='bbox 2634 5610 2736 5684; x_wconf 89' lang='lat' dir='ltr'><strong>qui</strong></span> <span class='ocrx_word' id='word_1_961' title='bbox 2767 5627 2902 5666; x_wconf 91' lang='lat' dir='ltr'><strong>cum</strong></span> <span class='ocrx_word' id='word_1_962' title='bbox 2933 5610 3243 5684; x_wconf 82' lang='lat' dir='ltr'><strong>pramoscit</strong></span> <span class='ocrx_word' id='word_1_963' title='bbox 3264 5613 3547 5684; x_wconf 64' lang='lat' dir='ltr'><strong>aegrotum</strong></span> <span class='ocrx_word' id='word_1_964' title='bbox 3568 5626 3685 5668; x_wconf 89' lang='lat' dir='ltr'><strong>non</strong></span> 
     </span>
    </p>
   </div>
  </div>
