4080 6180
360 302 481 371 439

779 304 1191 365 HAYMONIS
1221 297 1761 363 HALBERSTAT.
1794 292 2240 359 EPISG..0PP.
2273 292 2478 355 PARS
2506 292 2557 355 1.
2586 324 2666 334 —
2695 287 3103 351 COMMENT.
3137 285 3334 347 BIBL.

3639 280 3762 348 M0

359 432 964 508 posse'evaderemihil
987 433 1038 491 ei
1061 430 1458 507 prohibetzsi'c
1477 430 1807 502 Deus.quoe
1827 425 2002 483 murti
2031 422 2089 495 Α
2116 424 2271 482 Deus
2296 423 2557 496 injustas
2588 425 2677 479 est
2700 440 2712 477 :
2738 406 2838 479 sed
2859 418 3024 494 ponit
3042 418 3385 475 defeetivam
3411 414 3758 508 orationem,

362 502 592 599 praescit
619 502 1083 596 prasdestinates,
1106 522 1306 579 omnia
1333 521 1520 576 facere
1546 516 1829 583 concedit,
1854 520 1910 572 et
1931 515 2002 571 ab
2114 512 2251 584 quia
2283 512 2461 567 nimis
2493 514 2694 583 aperta
2724 507 3021 599 calumnia
3049 510 3205 599 esset
3230 508 3437 599 contra
3478 502 3690 599 Deum.

358 614 533 679 istius
560 612 770 669 mundi
801 611 1189 686 prosperitate
1220 628 1332 667 non
1368 608 1631 666 retrahit.

2189 601 2319 656 ideo
2351 600 2479 654 dico
2511 600 2668 672 quod
2701 599 2855 654 Deus
2880 596 2969 653 vel
3004 612 3118 651 non
3145 594 3437 667 disponat,
3460 591 3550 649 vel
3573 592 3761 664 injus-

429 702 574 758 Vere
594 724 622 750 «
646 717 763 756 non
785 681 874 756 est
896 681 1194 773 respectus
1217 698 1389 754 morti
1410 713 1672 762 eorum,»
1687 694 1827 767 quia
1847 692 2009 747 nulla
2115 694 2215 744 tus
2246 688 2343 755 sit,
2365 688 2503 760 quia
2530 712 2558 737 ‹‹
2593 704 2726 743 ecce
2760 709 2787 735 »
2818 684 2876 740 in
2907 684 3218 744 manifesto
3240 687 3350 752 est,
3373 706 3401 732 «
3424 681 3538 752 ipsi
3560 696 3765 773 pecea-

362 790 653 848 medicina
681 766 1009 845 adhibetur.
1022 790 1107 845 eis
1131 805 1143 843 :
1169 800 1306 843 nam
1339 810 1367 836 «
1402 803 1516 842 non
1550 766 1779 841 suntin
1813 782 2009 836 labore
2116 782 2295 844 tores,
2316 781 2373 831 et
2398 776 2766 832 abundantes
2797 775 2855 829 in
2888 772 3099 829 saeculo
3125 796 3153 821 »
3175 772 3329 844 quod
3349 770 3581 826 videtur
3598 766 3766 824 valde

362 879 693 944 hominum,
722 901 750 926 »
771 877 830 932 id
859 881 949 934 est
979 874 1439 939 rationabilium,
1468 878 1530 929 ut
1550 871 1808 945 vigilent,
1825 868 1912 925 vel
1936 867 2012 921 vi-

364 972 526 1035 vant,
547 966 634 1023 vel
658 966 880 1038 aliquid
903 965 1017 1021 tale
1040 965 1291 1020 iaciant:
1317 988 1344 1013 ‹‹
1366 968 1474 1020 et»
1499 967 1805 1034 propterea
1824 984 1850 1008 «
1876 971 2009 1012 cum

368 1056 711 1114 hominibus
741 1071 855 1109 non
890 1053 1343 1126 ﬂagellabantur
1372 1075 1392 1100 ι
1429 1050 1621 1107 abillo
1644 1049 1744 1121 qui
1769 1073 1796 1097 «
1823 1045 2016 1119 ﬂagel-

368 1145 452 1202 lat
481 1160 715 1200 omnem
747 1142 933 1197 tilium
964 1158 1140 1214 quem
1175 1141 1380 1213 recipit
1406 1141 1554 1212 (Ileb.
1588 1141 1711 1208 xu).
1749 1161 1774 1185 »

442 1234 514 1287 Et
541 1232 682 1303 quia
713 1247 814 1302 per
841 1248 904 1286 se
934 1247 1120 1302 neque
1150 1230 1395 1293 laborat,
1429 1246 1617 1301 neque
1647 1246 1677 1283 a
1706 1228 1822 1283 Deo
1855 1250 1881 1275 ‹‹
1914 1225 2014 1280 ila-

373 1320 806 1395 gellabantur,»
819 1322 876 1374 et
891 1318 1155 1375 obtinent
1170 1320 1612 1391 prosperitatcm
1635 1317 1814 1388 hujus
1836 1331 2016 1369 saecu-

374 1409 438 1476 li,
469 1431 497 1458 ‹‹
532 1407 661 1480 ideo
691 1407 968 1479 superbia
1012 1406 1202 1463 tenuit
1247 1424 1346 1462 eos
1382 1430 1408 1455 »
1442 1406 1609 1478 quasi
1660 1404 2018 1477 quibusdam

375 1495 673 1562 manibus,
723 1512 796 1551 ne
850 1494 1068 1551 auferri
1122 1496 1396 1567 possint:
1430 1499 1487 1551 et
1541 1510 1616 1550 ne
1673 1493 2022 1566 resipiscant

378 1608 407 1637 «ι
437 1584 621 1658 operti
654 1589 813 1652 sunt,
849 1607 877 1634 »
908 1583 965 1640 id
999 1588 1086 1641 est
1109 1582 1353 1640 involuti
1385 1608 1412 1633 ‹‹
1447 1582 1756 1656 iniquitate
1791 1604 1818 1632 »
1851 1581 2021 1655 quasi

374 1675 447 1734 ad
480 1673 833 1747 proximum,
865 1697 893 1723 «
927 1677 986 1730 et
1013 1672 1311 1746 impietate
1342 1690 1471 1740 sua,
1507 1696 1533 1721 »
1563 1672 1621 1728 id
1642 1676 1731 1728 est
1750 1670 2021 1743 blasphe-

2120 866 2433 937 injustnm,
2455 866 2608 937 quod
2640 869 2698 919 et
2723 868 3055 935 peccatores
3087 860 3227 928 sint,
3249 864 3309 915 et
3326 861 3768 932 prospcrcntur,

2122 978 2149 1005 «
2183 954 2570 1009 obtinuerunt
2599 952 2853 1020 divitias,
2889 974 2916 1000 »
2947 950 3088 1023 quia
3116 950 3164 1006 si
3197 947 3411 1022 aliquis
3451 945 3638 1003 voluit
3682 946 3770 1001 eis

2123 1044 2369 1112 auferre,
2407 1061 2524 1099 non
2555 1041 2764 1115 potuit.

2199 1132 2283 1189 Illi
2315 1132 2605 1198 dixerunt,
2640 1156 2667 1181 ‹‹
2701 1136 2759 1187 et
2791 1154 2817 1179 »
2849 1146 2954 1203 ego
3002 1145 3206 1185 errans
3252 1125 3569 1198 aliquando
3618 1124 3779 1180 sicut

2125 1222 2263 1294 ipsi,
2291 1245 2311 1270 σι
2341 1222 2456 1276 dixi
2484 1219 2998 1293 »quandoquidem
3020 1218 3101 1274 ita
3118 1220 3451 1290 peccatores
3467 1214 3783 1269 abundant

2126 1310 2365 1376 divitiis,
2400 1332 2427 1358 α
2459 1325 2596 1381 ergo
2632 1330 2658 1357 »
2699 1324 2803 1380 ego
2843 1331 2871 1357 ‹‹
2913 1307 3042 1362 sine
3089 1322 3269 1361 causa
3307 1302 3627 1376 justiticavi
3676 1317 3783 1357 cor

2127 1415 2345 1466 meum,
2364 1423 2390 1447 »
2406 1398 2462 1453 id
2476 1402 2566 1454 est
2586 1396 2943 1454 voluntatem
2966 1412 3155 1451 meam
3172 1411 3185 1450 :
3200 1418 3228 1444 ‹‹
3242 1396 3302 1449 et
3320 1409 3531 1448 manus
3551 1407 3783 1463 meas,»

2127 1489 2186 1544 id
2217 1492 2307 1543 est
2335 1503 2512 1559 opera
2558 1502 2707 1552 mea,
2736 1508 2765 1534 ‹‹
2797 1484 2930 1554 lavi,
2966 1506 2995 1533 »
3026 1483 3084 1539 id
3125 1487 3216 1539 est
3259 1479 3523 1555 purgavi,
3558 1503 3587 1529 ‹‹
3622 1479 3788 1535 inter

2129 1577 2467 1632 innocentes
2502 1599 2528 1625 »
2560 1580 2625 1631 ut
2656 1591 2847 1630 essem
2878 1574 2949 1630 de
2976 1588 3221 1628 numero
3251 1586 3474 1628 eorum.

2201 1667 2272 1722 Et
2287 1665 2463 1722 etiam
2485 1664 2611 1721 sine
2633 1680 2813 1721 causa
2831 1687 2860 1714 «
2884 1662 2971 1718 fui
2991 1659 3323 1735 ﬁagellatas
3346 1682 3375 1709 »
3397 1675 3501 1733 per
3518 1656 3792 1730 discipli-

374 1746 497 1821 mia
524 1761 693 1836 quasi
725 1763 798 1819 ad
828 1762 1015 1819 Deam
1049 1778 1062 1818 :
1096 1785 1125 1812 ‹‹
1161 1778 1270 1818 sua
1303 1785 1329 1811 »
1360 1761 1520 1827 dicit,
1554 1762 1692 1834 quia
1717 1777 1787 1817 ex
1812 1778 2022 1828 se,non
2053 1782 2101 1853 Β
2132 1771 2267 1811 nam
2300 1754 2400 1811 Dei
2431 1778 2459 1803 ‹‹
2495 1758 2613 1809 tota
2641 1753 2758 1821 die,
2795 1752 3033 1853 υ.
3062 1750 3319 1850 assidue,
3346 1772 3373 1799 κ

373 1869 443 1910 ex
472 1851 588 1913 Deo
618 1852 797 1908 habet
826 1852 1001 1908 homo
1033 1851 1378 1925 nequitiam.

445 1942 517 1998 Et
546 1957 662 1997 non
692 1940 914 1998 sufﬁcit
936 1940 1028 1997 eis
1065 1958 1194 1997 esse
1241 1939 1429 1996 malos
1476 1939 1537 1995 in
1587 1956 1668 2005 se,
1703 1941 1803 1996 sed
1848 1940 2029 1995 etiam

377 2052 406 2081 α
440 2028 658 2102 prodiit
689 2049 717 2078 κ
747 2028 809 2084 in
855 2032 1056 2101 aperte
1086 2051 1115 2078 α
1149 2027 1431 2100 iniquitas
1477 2043 1704 2094 eorum,
1745 2028 1914 2100 quasi
1958 2043 2032 2085 ex

379 2118 571 2189 adipe,
607 2139 635 2166 η
667 2115 727 2172 id
748 2120 838 2172 est
866 2131 937 2173 ex
966 2116 1371 2188 superﬂuitate
1394 2115 1736 2172 dtvitiarum
1759 2116 2030 2172 a'simili-

380 2204 587 2262 tudine
614 2204 852 2277 pinguis
881 2203 1175 2271 animalis,
1208 2203 1363 2261 sicut
1408 2204 1584 2272 tauri,
1617 2208 1683 2260 ut
1721 2206 1861 2261 dent
1901 2205 2032 2263 aliis

382 2290 715 2365 exemplum
759 2292 1158 2365 superbiendi,
1191 2296 1249 2349 et
1276 2292 1541 2367 deposito
1590 2294 1749 2350 omni
1802 2294 2031 2362 timore,

392 2403 423 2443 ς‹
453 2379 813 2437 transierunt
844 2404 872 2432 »
902 2379 1232 2438 humanum
1282 2396 1526 2447 morem,
1577 2384 1882 2439 tendentes
1913 2406 1940 2433 ‹‹
1973 2384 2035 2440 in

388 2470 662 2531 affectum
694 2469 885 2526 cordis
919 2493 947 2520 »
975 2469 1217 2536 scilicet,
1239 2474 1304 2526 ut
1324 2469 1665 2544 impleretur
1683 2474 1838 2545 quod
1861 2475 2038 2530 corda

388 2574 591 2621 eorum
623 2556 1052 2616 desiderabant.

459 2648 528 2703 Et
556 2647 665 2703 hoc
696 2662 812 2704 non
843 2647 1013 2721 quasi
1043 2663 1111 2704 ex
1133 2648 1448 2721 improviso
1470 2649 1752 2717 fecerunt,
1776 2653 1877 2707 sed
1899 2668 2036 2707 cum

388 2752 605 2813 magna
623 2735 944 2794 attentione
965 2761 991 2787 ‹‹
1009 2737 1409 2811 cogitaverunt
1431 2738 1812 2811 nequitiam,»
1826 2744 1883 2796 et
1893 2742 2038 2798 adeo

387 2826 542 2882 bona
561 2825 686 2883 visa
709 2829 799 2884 est
817 2826 901 2883 eis
924 2826 1368 2901 nequitia,qued
1390 2851 1417 2877 «
1439 2827 1613 2883 etiam
1642 2828 1820 2884 locuti
1842 2833 2037 2893 sunt,»

387 2913 445 2970 id
477 2918 568 2970 est
597 2913 743 2972 alios
774 2917 1099 2971 docuerunt
1130 2914 1450 2987 nequitiam
1483 2933 1496 2970 :
1532 2920 1589 2971 ct
1607 2914 1783 2972 etiam
1807 2939 1834 2964 «
1860 2915 2039 2972 locuti

387 3006 530 3059 sunt
557 3001 951 3075 iniquitatem,
980 3025 1007 3052 »
1032 3006 1089 3058 et
1114 3001 1265 3057 hanc
1291 3001 1663 3074 iniquitatem
1692 3002 2041 3058 determinat

387 3095 591 3164 postea
621 3114 648 3140 ‹‹
686 3090 744 3145 in
775 3089 1023 3155 excelso,
1059 3112 1086 3138 »
1121 3090 1179 3144 id
1211 3093 1299 3145 est
1326 3090 1385 3143 in
1408 3090 1684 3161 superbia
1713 3107 1839 3153 sua.

456 3179 602 3233 Ecce
624 3198 652 3226 ς(
675 3176 1044 3249 iniquitatem
1072 3200 1098 3225 »
1122 3193 1300 3249 quam
1322 3199 1350 3225 ‹‹
1370 3176 1547 3232 locuti
1572 3181 1731 3242 sunt,
1751 3200 1778 3226 »
1792 3178 2032 3246 scilicet,

390 3288 420 3318 ιι
450 3268 773 3340 posuerunt
784 3264 843 3320 in
857 3263 1067 3320 oculum
1083 3281 1148 3320 os
1160 3281 1334 3320 suum
1345 3286 1395 3330 ,»
1410 3264 1629 3320 scilicet
1641 3264 2038 3339 blasphemias

386 3356 590 3410 contra
609 3352 791 3407 Deum
807 3375 833 3401 ‹‹
850 3351 1027 3407 locuti
1042 3352 1473 3425 sunt,etlingua
1495 3369 1697 3409 eorum
1722 3356 2035 3411 transivit»

388 3442 627 3498 modum
649 3439 1056 3507 humanitatis,
1080 3441 1349 3514 quamvis
1369 3441 1453 3496 illi
1479 3446 1677 3498 essent
1696 3466 1724 3492 ‹‹
1748 3442 1807 3498 in
1830 3448 1983 3500 terra
2006 3468 2034 3494 »

386 3529 740 3595 habitantes,
757 3529 816 3584 in
840 3546 957 3603 quo
980 3533 1221 3602 apparet
1243 3530 1498 3585 maxima
1514 3548 1716 3586 eorum
1738 3533 2033 3605 superbia,

385 3621 451 3674 ut
475 3635 609 3674 cum
642 3618 703 3674 in
734 3622 890 3675 terra
909 3617 1048 3686 sint,
1068 3620 1139 3675 de
1161 3619 1276 3675 Deo
1299 3618 1588 3675 altissimo
1610 3619 1928 3693 loquantur
1943 3640 2037 3679 su-

385 3706 646 3780 perbiam
678 3723 869 3764 suam.
901 3707 1003 3764 Vel
1028 3731 1055 3757 ‹‹
1080 3706 1282 3782 lingua
1309 3724 1510 3780 eorum
1544 3709 1864 3766 transivit»
1888 3710 2036 3768 alios

294 3852 299 3857 .
382 3796 606 3870 positos
623 3796 681 3853 in
695 3797 1143 3863 terra,deterius
1164 3813 1343 3870 quam
1367 3796 1463 3853 alii
1486 3796 1699 3853 terreni
1720 3796 2030 3871 loquendo.

454 3909 483 3935 ‹‹
518 3886 649 3942 ideo
680 3889 1068 3943 convertetur.
1096 3909 1122 3934 »
1157 3885 1295 3942 Pars
1327 3886 1603 3942 secunda.
1632 3887 1745 3941 Hoc
1767 3886 2031 3943 conside-

383 3978 529 4039 rato,
562 3974 704 4046 quia
731 3974 1090 4047 prosperitas
1119 3991 1321 4031 eorum
1360 3974 1523 4031 ducit
1566 3973 1627 4029 in
1672 3976 2029 4048 superbiam,

381 4061 523 4116 facit
542 4059 718 4116 etiam
740 4060 899 4133 loqui
925 4062 1291 4135 iniquitalcm
1309 4080 1320 4118 :
1340 4085 1367 4112 «
1382 4062 1510 4120 ideo
1533 4063 1784 4137 populus
1806 4080 2030 4131 meus,»

382 4146 441 4203 id
472 4150 563 4202 est
590 4146 735 4202 mihi
767 4146 1113 4215 consimilis,
1138 4150 1208 4205 de
1228 4167 1345 4221 quo
1368 4167 1473 4224 ego
1496 4168 1651 4206 unus
1671 4169 1825 4219 sum,
1847 4176 1873 4202 ‹‹
1900 4170 2033 4209 cou-

380 4237 636 4290 vertetur
664 4255 691 4283 »
721 4236 794 4291 ab
826 4252 1039 4302 errore,
1074 4253 1145 4293 ne
1176 4241 1477 4293 moveatur
1504 4254 1643 4310 erga
1670 4238 1875 4295 divites
1905 4257 2029 4297 ma-

381 4320 469 4378 los
497 4322 887 4395 prosperitate
917 4322 1099 4395 hujus
1126 4324 1277 4391 vita),
1309 4328 1375 4380 ut
1399 4325 1479 4381 sit
1509 4349 1536 4374 ‹‹
1571 4324 1686 4391 hic,
1713 4348 1740 4375 »
1771 4326 1831 4381 id
1860 4327 2028 4385 estin

381 4409 488 4466 hac
510 4409 888 4476 sententia,in
909 4427 1028 4483 qua
1047 4428 1152 4484 ego
1174 4430 1309 4469 sum
1324 4428 1339 4467 :
1354 4416 1412 4469 et
1431 4417 1744 4486 postquam
1766 4417 2024 4472 conversi

2136 1860 2267 1899 mea
2300 1866 2326 1891 »
2357 1858 2536 1915 quam
2576 1845 2779 1899 contra
2826 1838 3152 1913 libidinem,
3183 1844 3243 1896 et
3268 1836 3543 1895 similiter
3584 1839 3802 1893 contra

2137 1937 2347 1990 caetera
2374 1932 2514 1987 vitia
2553 1931 2920 2001 refrenanda,
2954 1929 3191 1986 exhibui
3220 1952 3252 1978 α
3286 1928 3345 1984 in
3394 1925 3733 1993 matutinis,
3770 1947 3800 1975 ιι

2138 2020 2198 2077 id
2228 2025 2317 2077 est
2346 2021 2608 2078 studiose
2640 2037 2653 2076 :
2682 2018 2824 2092 quia
2850 2034 2977 2075 rem
3009 2034 3187 2091 quam
3219 2015 3480 2073 studiose
3515 2015 3799 2082 facimus,

2139 2108 2197 2164 in
2231 2126 2404 2165 mane
2433 2108 2787 2181 incipimus:
2811 2106 2923 2163 fuit
2950 2130 2980 2157 κ
3011 2107 3140 2163 sine
3167 2122 3369 2173 causa,
3394 2127 3425 2154 κ
3454 2103 3514 2160 id
3541 2108 3637 2161 est
3662 2104 3803 2162 sine

2142 2198 2412 2254 utilitate.
2450 2198 2644 2254 Potest
2673 2196 2849 2253 etiam
2882 2196 3003 2253 hinc
3034 2195 3227 2251 littera
3255 2194 3368 2268 legi
3403 2192 3751 2265 suspensive
3780 2210 3796 2250 :

2143 2288 2227 2344 ita
2250 2303 2387 2361 ergo
2420 2310 2448 2336 ‹‹
2480 2286 2793 2359 iustiﬁcavi
2824 2301 2922 2341 cor
2954 2300 3150 2342 meum
3182 2284 3311 2341 sine
3338 2299 3541 2354 causa,
3568 2303 3597 2331 »
3628 2285 3690 2338 et
3711 2282 3796 2338 si-

2144 2376 2363 2434 militer
2390 2379 2616 2431 caetera.

2219 2464 2386 2520 Prius
2415 2462 2524 2520 hoc
2556 2463 2695 2532 dixi,
2720 2464 2821 2520 sed
2849 2467 3051 2537 postea
3078 2477 3440 2536 cognoscens
3463 2460 3799 2531 veritatem,

2147 2580 2173 2605 α
2208 2554 2494 2622 dicebam,
2511 2555 2557 2610 si
2585 2554 2834 2609 narrabo
2857 2552 2940 2610 sic
2959 2576 2985 2602 »
2999 2552 3155 2626 quod
3180 2574 3209 2601 «
3232 2550 3359 2606 sine
3379 2566 3556 2606 causa
3577 2572 3606 2599 »
3619 2548 3796 2606 homo

2147 2667 2174 2693 α
2209 2660 2307 2698 cor
2341 2664 2368 2692 »
2401 2660 2575 2699 suum
2600 2641 2904 2715 justiﬁcet,
2927 2644 2986 2697 et
3014 2657 3189 2714 opera
3219 2640 3482 2707 mandet,
3506 2640 3563 2693 et
3588 2642 3796 2694 cetera

2145 2749 2274 2805 qua:
2306 2731 2461 2788 dicta
2480 2736 2639 2799 sunt,
2665 2755 2691 2780 «
2719 2731 2845 2787 sine
2866 2747 3045 2786 causa
3064 2753 3091 2779 »
3113 2730 3306 2796 faciat,
3322 2728 3432 2784 hoc
3443 2723 3795 2783 conveniens

2147 2822 2435 2894 sequitur,
2465 2820 2689 2876 scilicet
2719 2843 2745 2869 ‹‹
2779 2834 2912 2875 ecce
2941 2819 3202 2892 probavi,
3229 2841 3256 2867 »
3279 2818 3337 2874 id
3366 2820 3458 2873 est
3487 2816 3793 2889 reprobam

2138 2909 2514 2982 judicavi,vel
2540 2927 2575 2965 a
2595 2925 2689 2965 me
2720 2908 2983 2982 separavi
3006 2932 3033 2959 «ι
3060 2908 3355 2963 nationem
3388 2905 3645 2961 filiorum
3667 2908 3795 2959 tuo-

2149 3000 2343 3070 rum'»
2374 2998 2687 3066 Abraham,
2722 2999 2906 3065 isaac,
2948 3002 3007 3053 et
3054 2996 3255 3065 Jacob,
3286 2999 3345 3051 et
3390 2993 3667 3051 aliorum.
3696 2992 3794 3049 Vel

2150 3088 2338 3157 aliter,
2370 3088 2660 3155 dixerunt,
2693 3090 2797 3142 aut
2825 3086 2980 3142 Deus
3012 3085 3199 3140 nescit
3245 3084 3367 3140 haec
3414 3087 3667 3151 terrena,
3696 3085 3798 3138 aut

2149 3178 2197 3233 si
2230 3177 2363 3245 scit,
2396 3177 2654 3248 injustas
2683 3178 2791 3243 est,
2815 3178 2874 3230 et
2894 3175 2965 3231 ad
2988 3173 3409 3229 confutandam
3439 3187 3643 3228 eorum
3665 3188 3795 3227 sen-

2145 3266 2388 3321 tentiam
2420 3281 2526 3337 ego
2555 3262 2709 3319 dixi:
2733 3264 2794 3319 Si
2826 3263 2981 3319 Deus
3009 3266 3100 3317 est
3122 3261 3346 3318 inscius
3374 3259 3461 3315 vel
3511 3260 3794 3332 injustas,

2148 3359 2215 3409 ut
2243 3371 2345 3409 vos
2375 3352 2591 3411 dicitis.
2617 3356 2756 3407 tunc
2787 3367 2893 3425 ego
2922 3355 2979 3408 et
3007 3350 3255 3423 quilibet
3282 3349 3381 3405 alii
3412 3350 3551 3405 boni
3580 3350 3795 3407 frustra

2146 3442 2367 3498 fuimus
2398 3440 2815 3497 correctionem
2846 3440 2948 3497 Dei
2974 3439 3353 3507 sustinentes,
3378 3439 3519 3511 quia
3540 3438 3695 3494 sicut
3714 3438 3793 3493 di-

2144 3532 2225 3587 cit
2251 3530 2566 3603 Apostolus
2591 3530 2636 3602 (1
2666 3529 2788 3585 Cor.
2819 3532 2917 3598 κν(
2939 3546 2953 3585 :
2979 3552 3006 3578 α
3032 3527 3485 3584 Miserabiliores
3515 3526 3792 3583 omnibus

2144 3619 2485 3675 hominibus
2515 3635 2744 3686 sumus,
2782 3640 2808 3668 »
2835 3617 2884 3673 si
2915 3618 3068 3674 Deus
3112 3617 3372 3689 injustas
3412 3615 3691 3672 creditur.
3723 3614 3796 3671 Et

2144 3712 2352 3781 praeter
2379 3708 2487 3763 hoc
2519 3706 2955 3774 inconveniens,
2988 3706 3147 3762 aliud
3196 3703 3612 3761 inconveniens
3655 3704 3794 3760 inde

2144 3797 2544 3865 ostendebam,
2578 3795 2720 3869 quia
2747 3795 3011 3851 dicebam
3039 3810 3051 3849 :
3079 3819 3105 3843 ‹‹
3133 3795 3193 3850 Si
3233 3793 3483 3850 narrabo
3525 3792 3638 3860 sic,
3675 3815 3702 3843 »
3732 3792 3791 3849 id

2141 3890 2231 3942 est
2260 3886 2444 3941 Deum
2475 3885 2764 3958 injustam
2804 3883 2893 3939 vel
2939 3882 3215 3952 inscium,
3250 3906 3277 3932 ‹‹
3311 3898 3445 3938 ecce
3491 3881 3792 3939 nationem

2140 3975 2397 4030 ﬁliorum
2414 3973 2711 4046 reprobavi
2723 4015 2736 4041 ,
2760 3994 2786 4021 »
2805 3976 2871 4027 ut
2887 3970 3234 4045 supra,quia
3250 3970 3475 4028 scilicet
3491 3968 3791 4026 Abraham

2139 4069 2197 4119 et
2224 4061 2370 4118 alios
2399 4062 2615 4117 credidi
2649 4077 2764 4115 non
2797 4078 2923 4116 esse
2954 4063 3376 4127 remuneratos,
3408 4057 3497 4115 vel
3528 4081 3558 4108 «
3592 4074 3789 4131 repro-

2139 4150 2290 4219 bavi,
2326 4173 2353 4200 »
2388 4150 2445 4205 id
2477 4153 2566 4205 est
2594 4149 2750 4205 sensi
2784 4153 2990 4205 contra
3014 4164 3224 4205 omnes
3256 4147 3409 4204 filios
3438 4147 3561 4203 Dei.

2210 4240 2280 4294 Et
2292 4237 2561 4294 videbam
2583 4236 2694 4293 hoc
2712 4236 3129 4293 inconveniens
3150 4254 3221 4293 ex
3239 4236 3529 4293 sententia
3542 4234 3793 4308 illapro-

2137 4328 2352 4393 venire,
2384 4326 2512 4381 ideo
2544 4350 2571 4375 ‹‹
2601 4322 3035 4396 existimabam,
3070 4346 3097 4374 »
3128 4324 3189 4380 id
3218 4330 3309 4381 est
3336 4323 3786 4398 cognoscebam,

2137 4416 2292 4488 quod
2310 4415 2487 4471 habet
2503 4413 2617 4470 alia
2635 4412 2964 4484 translatio,
2981 4436 3011 4464 κ
3031 4418 3098 4469 ut
3117 4429 3527 4487 cognoscerem
3552 4434 3580 4460 »
3602 4429 3787 4485 quare

377 4497 613 4566 fuerint,
645 4522 672 4549 «
708 4499 1081 4556 inveniantur
1112 4501 1169 4557 in
1201 4501 1285 4558 eis
1315 4499 1469 4575 pleni
1504 4501 1628 4557 dies
1662 4524 1689 4550 »
1723 4519 1825 4574 per
1854 4504 2024 4560 etfec-
2055 4515 2103 4579 D
2136 4503 2334 4576 impiis
2364 4502 2740 4575 prosperitas,
2772 4506 2830 4557 et
2859 4502 3026 4557 bouis
3057 4503 3228 4558 detur
3248 4502 3417 4559 aDeo
3437 4501 3783 4569 adversitas,

377 4592 504 4644 tum
536 4588 879 4662 suum,quia
907 4590 1017 4646 crit
1045 4589 1101 4645 in
1137 4590 1221 4646 eis
1252 4589 1543 4662 hoc,quod
1566 4589 1835 4647 etl‘ectum
1855 4592 2023 4650 estin

375 4680 637 4749 tempore
683 4678 903 4748 gratim,
939 4678 994 4733 id
1028 4682 1117 4734 est
1148 4683 1520 4752 contemptus
1552 4684 1935 4747 terrenarum,
1968 4688 2025 4739 et

376 4763 671 4838 appetitus
700 4764 1153 4823 ccnlestium.Vel
1178 4791 1203 4817 ‹‹
1241 4768 1367 4823 dies
1395 4766 1573 4839 pleni,
1599 4791 1627 4816 »
1650 4768 1709 4823 id
1738 4774 1826 4825 est
1858 4774 2019 4827 aiter-

375 4852 457 4919 ni,
490 4851 862 4908 invenientur
890 4853 948 4909 in
996 4854 1101 4921 eis,
1135 4860 1192 4911 et
1238 4855 1287 4910 si
1336 4856 1507 4913 modo
1559 4873 1671 4912 non
1720 4864 2017 4930 appareat,

373 4940 615 5007 scilicet,
647 4941 789 5013 quia
818 4940 1120 4998 habebunt
1150 4944 1553 5000 mternitatem.

445 5030 611 5087 Ponit
636 5031 792 5088 unde
832 5037 1243 5088 convertantur
1273 5050 1283 5088 :
1319 5032 1486 5097 illud,
1518 5037 1575 5089 et
1603 5033 1893 5100 dixerunt,
1924 5053 2015 5092 re-

373 5118 546 5190 spicit
576 5119 646 5174 ad
681 5134 953 5191 sequens,
980 5120 1078 5174 ubi
1101 5120 1305 5187 dicit,«
1331 5126 1387 5176 ct
1407 5120 1581 5177 dixi.»
1604 5121 1973 5178 Coutinuatio
1999 5141 2011 5179 :

371 5204 509 5261 Dico
542 5229 569 5256 ‹‹
606 5210 995 5274 convertetur,
1034 5231 1059 5257 »
1085 5213 1142 5264 et
1172 5226 1409 5265 necesse
1439 5213 1529 5266 est
1558 5210 1664 5275 eis,
1697 5209 1835 5281 quia
1882 5217 2016 5268 ante

370 5294 807 5361 conversionem
839 5319 867 5346 «
901 5294 1172 5353 dixerunt
1204 5314 1216 5352 :
1251 5297 1545 5369 quomodo
1576 5297 1686 5353 scit
1713 5297 1867 5355 Deus
1901 5321 1928 5347 »
1959 5302 2018 5355 et

369 5381 660 5453 quomodo
680 5387 867 5454 potest
881 5400 1011 5440 esse
1030 5386 1412 5457 verum,quod
1426 5384 1579 5441 Deus
1601 5385 1874 5457 disponat
1892 5385 2015 5442 bmc

366 5468 637 5525 terrena?
667 5469 907 5536 scilicet,
941 5489 1053 5527 non
1105 5471 1363 5545 disponit
1395 5490 1407 5527 :
1443 5497 1469 5522 u
1505 5477 1562 5530 et
1590 5496 1620 5521 »
1653 5473 1701 5528 si
1733 5473 2010 5544 disponit,

365 5557 475 5615 hoc
507 5561 631 5613 est:
656 5580 682 5605 ι(
708 5555 756 5613 si
787 5563 875 5614 est
897 5558 1141 5615 scientia
1170 5559 1229 5615 in
1262 5560 1530 5618 excelso?
1564 5584 1590 5609 »
1622 5560 1844 5617 scilicet
1871 5565 2012 5616 tunc

2134 4599 2192 4649 et
2224 4618 2249 4643 «
2284 4592 2392 4648 hoc
2427 4614 2453 4641 »
2484 4607 2851 4664 cognoscere,
2878 4614 2905 4641 ‹‹
2926 4594 3015 4647 cst
3034 4590 3198 4647 labor
3216 4594 3350 4646 ante
3373 4607 3488 4656 me,
3512 4613 3539 4639 »
3558 4589 3787 4646 scilicet

2133 4679 2399 4754 superior
2428 4697 2541 4737 me.
2574 4676 2676 4735 Vel
2708 4703 2733 4729 α
2769 4684 2903 4734 ante
2953 4696 3065 4745 me,
3104 4701 3129 4727 »
3161 4677 3219 4735 id
3248 4682 3339 4735 est
3386 4682 3676 4750 quantum
3708 4678 3780 4733 ad

2132 4769 2253 4826 hazc
2284 4766 2613 4841 praesentia.

2201 4882 2229 4907 «
2259 4844 2449 4914 Labor
2479 4879 2507 4907 »
2539 4857 2688 4923 dico,
2722 4879 2749 4907 α
2781 4856 2964 4913 donec
2993 4855 3206 4912 intrem
3230 4878 3259 4905 »
3282 4854 3544 4930 agilitate
3563 4854 3780 4911 mentis

2129 4970 2157 4997 ‹‹
2192 4947 2251 5001 in
2282 4945 2685 5001 sanctuarium
2717 4945 2840 5012 Dei,
2876 4968 2905 4994 »
2935 4944 2990 5000 id
3018 4949 3112 5001 est
3134 4944 3195 5000 in
3226 4943 3537 5001 consilium
3569 4943 3696 5011 Dei,
3720 4941 3778 4997 id

2126 5038 2213 5089 est
2243 5034 2424 5088 donec
2457 5048 2562 5105 ego
2583 5032 2946 5089 considerem
2969 5049 3088 5105 qua
3107 5031 3473 5104 providentia
3494 5031 3651 5086 Deus
3669 5029 3781 5085 hoc
3850 5030 3858 5035 ’

2126 5121 2301 5177 faciat
2333 5119 2525 5187 malis,
2559 5124 2618 5176 et
2647 5120 2756 5176 hoc
2782 5119 3204 5189 bonis,scilicet
3235 5120 3389 5194 quod
3420 5118 3622 5192 impiis
3643 5135 3778 5192 pro-

2124 5225 2296 5281 spera
2309 5206 2828 5277 dat,justejudicio
2849 5207 3057 5274 suo,ad
3080 5224 3284 5263 eorum
3305 5206 3778 5275 excaecatinnem,

2124 5296 2293 5353 bonis
2321 5312 2455 5352 vero
2487 5294 2662 5361 mala,
2686 5295 2757 5349 ad
2789 5311 2990 5351 eorum
3018 5296 3445 5370 purgationem.
3465 5292 3569 5350 Vel
3590 5294 3779 5351 donec

2124 5409 2151 5435 «
2185 5386 2244 5440 in
2275 5383 2676 5441 sanctuarium
2708 5383 2868 5450 Dei,»
2890 5384 2950 5439 id
2972 5390 3062 5439 est
3080 5384 3139 5440 in
3161 5390 3395 5441 sanctas
3414 5382 3774 5455 Scriptores,

2121 5490 2249 5545 qua:
2280 5473 2351 5527 de
2376 5471 2469 5527 his
2501 5473 2777 5528 omnibus
2808 5473 3060 5530 rationes
3091 5474 3362 5540 reddant,
3396 5496 3421 5521 ‹‹
3448 5475 3506 5527 et
3533 5494 3558 5519 »
3590 5471 3776 5528 etiam

2122 5561 2324 5617 tandiu
2347 5585 2373 5610 ‹‹
2395 5560 2558 5617 labor
2578 5565 2724 5630 est,»
2743 5561 2926 5617 donec
2948 5586 2974 5611 «
3001 5560 3323 5635 intelligam
3349 5583 3375 5609 »
3397 5564 3592 5617 mente
3613 5560 3779 5632 posi-
