4080 6180
405 326 528 390 «M3

830 325 1238 393 HAYMONIS
1268 323 1810 392 HALBERSTAT.
1841 319 2087 389 EPISC.
2121 324 2293 392 OPP.
2323 323 2527 392 PARS
2557 327 2606 391 Ῑ.
2637 361 2718 376 -—
2743 327 3148 394 COMMENT.
3179 329 3380 393 BIBL.

3679 327 3803 391 444

407 461 784 523 tur.Intentio
797 465 908 533 est,
923 462 1140 520 hortari
1162 467 1228 519 ut
1247 462 1676 535 compatiamur
1706 461 1878 518 malis
1907 461 2048 518 alio-
2077 459 2135 526 Α
2163 483 2193 512 ‹‹
2219 459 2449 535 gloriati
2491 462 2550 518 in
2599 461 2792 520 medio
2848 462 3238 520 solemnitatis
3289 454 3424 532 tua),
3454 455 3482 516 ἠ
3515 462 3572 518 id
3603 465 3715 530 est,
3745 462 3808 519 in

411 573 566 624 rum,
599 555 738 628 quia
765 553 860 609 hic
890 557 980 610 est
1007 553 1249 626 quidam
1281 555 1502 627 gradus
1532 552 1860 608 charitatis.
1892 553 2056 608 Unde

408 645 719 719 Apostolus
750 645 833 700 ait
864 661 877 699 :
926 667 956 693 «
988 644 1245 699 Gaudete
1293 659 1428 698 cum
1476 642 1890 715 gaudentibus,
1925 641 2058 697 ﬂete

410 751 544 792 cum
576 733 849 790 ﬂentibus
879 735 1052 801 (Rom.
1081 733 1204 802 xu).
1242 754 1270 782 »

479 825 549 879 Et
568 821 731 895 ponit
763 822 1236 895 conquestionem
1271 821 1374 890 sic,
1397 821 1598 877 dicens
1622 839 1634 876 :
1659 821 1703 876 Ο
1735 843 1762 869 ‹‹
1780 820 1935 876 Deus
1969 836 2055 875 re-

408 911 610 987 pulisti
636 935 658 960 ι
694 915 918 984 partem
950 915 1114 967 tuam
1151 935 1172 962 α
1197 911 1258 966 in
1290 913 1530 975 finem,»
1566 908 1858 966 scilicetin
1878 911 2052 964 ﬁnem

409 1000 798 1074 repulsionis:
833 1000 971 1072 quia
1000 1018 1133 1055 cum
1165 1000 1478 1072 aliquando
1509 999 1824 1072 repulisses
1852 1015 1951 1054 eos
1981 997 2052 1053 ad

405 1095 640 1162 tempus
663 1090 721 1145 in
749 1089 878 1144 aliis
908 1089 1496 1160 captivitatibus,hzec
1527 1087 2057 1160 repulsio'estirrc-

406 1177 924 1251 cuperabilis,quia
944 1195 1246 1250 nunquam
1265 1179 1323 1232 in
1341 1179 1464 1233 loco
1477 1177 1590 1232 isto
1604 1175 1789 1232 Judaei
1809 1175 2054 1231 ulterius

405 1269 1001 1334 dominabuntur,ncc
1033 1267 1280 1323 ulterius
1311 1267 1759 1338 reparabuntur,
1782 1281 1968 1337 usque
1992 1264 2051 1319 in

405 1359 583 1414 ﬁnem
605 1356 1064 1429 seculi.chulit
1085 1375 1184 1412 eos
1206 1358 1380 1423 Deus,
1395 1357 1628 1428 quando
1649 1369 1764 1411 non
1795 1355 2056 1410 defendit

405 1465 505 1504 eos
526 1447 680 1504 sicut
708 1446 1016 1512 solebat,et
1045 1445 1312 1518 permisit
1341 1445 1561 1501 destrui
1595 1461 1630 1500 a
1661 1443 1958 1500 Romanis.
1989 1444 2052 1500 In

406 1535 860 1608 interrogatione
891 1538 1056 1590 notat
1083 1533 1764 1606 conquestionem,quasi
1796 1533 2049 1588 diceret:

405 1626 580 1683 Doleo
601 1625 672 1681 de
691 1623 929 1680 illorum
952 1627 1116 1678 tanta
1145 1622 1559 1688 destructione,
1585 1621 1846 1693 «utquid
1867 1621 2054 1676 iratus

405 1719 494 1772 est
515 1715 677 1770 furor
697 1718 838 1770 tuus
858 1714 888 1769 ‘I
909 1735 937 1764 »
963 1712 1020 1767 id
1046 1715 1134 1767 cst
1155 1728 1338 1784 quare
1365 1711 1552 1767 iratus
1580 1727 1642 1767 es
1674 1726 1860 1783 usque
1877 1710 1948 1766 ad
1963 1709 2053 1766 fu-

404 1820 595 1861 rorem
617 1802 884 1860 ?scilicet
913 1806 979 1858 ut
1007 1799 1386 1874 gravissimas
1416 1799 1728 1856 diuturnas
1752 1816 1954 1872 pmnas
1969 1799 2054 1855 eis
2080 1829 2132 1895 Β

403 1893 622 1950 inferas
654 1915 683 1942 «
711 1908 888 1964 super
915 1907 1050 1947 oves
1080 1906 1310 1962 pascuae
1341 1893 1476 1957 tuae,
1495 1911 1524 1939 »
1554 1889 1612 1944 id
1645 1893 1735 1945 est
1764 1904 1940 1961 super
1959 1905 2055 1960 po-

404 1983 610 2058 pulum
639 1986 830 2049 tuum,
863 1995 1040 2053 quem
1093 1979 1396 2034 reﬁciebas
1425 1978 1552 2051 lege
1579 1982 1701 2046 tua,
1735 1979 1890 2034 sicut
1919 1994 2054 2034 oves

404 2071 751 2130 reﬁciuntur
769 2067 829 2124 in
852 2067 1089 2140 pascuis
1104 2083 1117 2122 :
1132 2071 1190 2123 et
1207 2065 1302 2124 hic
1323 2082 1427 2141 per
1446 2066 1730 2123 beneficia
1753 2083 1880 2140 qua:
1899 2066 2054 2122 Deus

404 2158 492 2217 eis
543 2154 810 2226 contulit,
843 2153 1052 2230 incipit
1109 2158 1342 2230 captare
1397 2153 1858 2213 benevolentiam
1916 2169 2055 2228 erga

405 2247 558 2305 illos.

477 2336 628 2406 Noli,
651 2335 918 2401 Domine,
943 2335 1240 2409 repellere,
1265 2335 1363 2390 sed
1403 2334 1598 2406 potius
1634 2355 1664 2385 α
1685 2349 1912 2390 memor
1929 2336 2055 2389 esto

406 2423 876 2501 congregationis
899 2428 1014 2480 tuas
1032 2445 1060 2475 »
1093 2439 1270 2497 quam
1293 2421 1658 2495 congregasti
1683 2421 1742 2478 in
1764 2423 2005 2495 [Egypto
2036 2437 2050 2475 :

409 2539 438 2570 ι(
469 2533 650 2590 quam
682 2544 707 2570 ι.
739 2513 1251 2588 congregalionem
1281 2515 1344 2568 tu
1380 2539 1408 2570 α
1437 2511 1750 2585 possedisti
1781 2534 1805 2559 »
1837 2511 1944 2567 tibi
1977 2511 2056 2566 fa-

406 2604 732 2662 mulantem
766 2621 791 2646 «ι
823 2603 897 2659 ab
927 2601 1116 2668 initio,
1148 2621 1172 2646 υ
1203 2601 1262 2658 id
1294 2604 1382 2658 est
1409 2618 1444 2658 a
1479 2605 1740 2674 tempore
1785 2601 2052 2669 Abrahae,

405 2694 548 2764 Noe,
579 2695 639 2750 et
667 2692 824 2761 Ade),
859 2696 918 2749 et
943 2690 1218 2748 aliorum.

481 2785 625 2839 Item
659 2784 986 2838 commovet
1007 2779 1192 2835 Deum
1225 2781 1296 2836 ad
1329 2779 1791 2836 misericordiam
1823 2795 1926 2852 per
1943 2777 2059 2834 alia

407 2870 955 2942 beneﬁcia.Propter
982 2869 1093 2926 hoc
1123 2885 1354 2942 quoque
1374 2869 1552 2926 debes
1575 2885 1705 2926 esse
1719 2885 2000 2934 «memor,
2028 2888 2051 2916 ι

411 2961 550 3036 quia
577 2964 644 3018 tu
673 2987 703 3019 α
731 2958 1051 3026 redemisti,
1083 2977 1108 3004 ιι
1141 2957 1198 3014 id
1231 2963 1322 3016 est
1359 2957 1620 3015 liberasti
1650 2959 1721 3015 de
1751 2975 1929 3014 manu
1960 2957 2058 3012 IE—

411 3050 766 3126 gypticrum,
799 3052 858 3104 et
886 3049 958 3104 de
987 3047 1120 3104 aliis
1163 3047 1600 3121 captivitatibus
1632 3067 1655 3093 ‹‹
1687 3046 1908 3120 virgam
1939 3045 2058 3101 hae-

411 3137 677 3195 reditatis
705 3141 842 3202 tuas,
871 3167 896 3193 ν»
929 3136 988 3192 id
1019 3139 1108 3191 est
1136 3134 1534 3190 haereditatem
1591 3139 1776 3200 tuam,
1809 3134 2054 3198 scilicet,

412 3223 698 3298 pepulum
727 3195 1304 3294 Judaicum,propter
1330 3238 1506 3294 quem
1536 3222 1720 3278 fecisti
1751 3195 1939 3278 multa
1957 3195 2060 3277 mi-
2088 3195 2134 3264 α

412 3311 642 3377 rabilis,
675 3311 831 3367 sicut
873 3327 978 3382 per
1020 3310 1245 3382 virgam
1291 3311 1505 3380 Aaron.
1536 3310 1638 3366 Vel
1689 3327 1791 3384 per
1837 3311 2061 3384 virgam

412 3403 713 3472 sceptrum
745 3397 908 3470 regni
935 3414 1255 3470 possumus
1284 3398 1638 3470 accipere,ut
1657 3399 1742 3455 sic
1771 3399 2060 3456 dicamus:

414 3515 440 3543 α
463 3487 784 3545 Redemisti
805 3486 1029 3560 virgam
1051 3485 1410 3542 haereditatis
1430 3491 1564 3555 tum,
1579 3487 1636 3543 id
1661 3488 2064 3561 est'populum

412 3594 589 3652 quem
619 3580 685 3633 tu
716 3575 872 3651 regis
901 3574 962 3632 in
990 3575 1175 3649 virga,
1207 3575 1268 3631 id
1295 3580 1382 3632 est
1413 3576 1472 3632 in
1504 3581 1734 3650 sceptro
1771 3575 1929 3650 regio
1961 3595 1975 3634 :
2009 3581 2068 3634 et

413 3671 622 3742 printer
648 3669 856 3724 caetera
873 3663 1246 3733 beneﬁcia,tu
1265 3663 1392 3738 ipse
1411 3665 1791 3738 corporaliter
1813 3665 2064 3724 visitasti

412 3773 512 3814 eos
531 3759 590 3814 et
607 3752 889 3812 habitasti
921 3752 1074 3810 inter
1101 3769 1202 3810 eos
1236 3768 1250 3808 :
1283 3757 1344 3809 et
1361 3753 1593 3810 hoc-est
1620 3769 1633 3808 :
1669 3771 1695 3798 ιι
1725 3771 1896 3810 mons
1925 3753 2064 3812 Sion

412 3845 472 3902 in
495 3862 612 3918 quo
633 3841 914 3901 habitasti
937 3866 962 3892 ιν
987 3841 1060 3899 ad
1083 3841 1339 3900 litteram
1373 3859 1386 3898 :
1421 3841 1560 3914 quia
1587 3841 1854 3900 Christus
1871 3859 2069 3916 corpo-

412 3935 612 3992 raliter
647 3932 932 3990 habitavit
959 3931 1017 3986 in
1054 3953 1080 3980 α
1100 3931 1262 4000 Sion,
1286 3949 1311 3976 υ
1343 3931 1402 3988 id
1433 3934 1524 3988 est
1550 3930 1608 3986 in
1639 3931 1864 3998 Judaea,
1895 3933 2066 4005 cujus

413 4025 592 4094 caput
618 4023 708 4076 est
735 4021 876 4077 Sion
894 4035 908 4076 :
925 4019 1182 4076 Hmbrzea
1199 4021 1414 4076 veritas
1446 4037 1561 4076 non
1591 4020 1767 4077 habet
1787 4021 1888 4077 «in
1921 4038 2008 4078 eo.
2036 4043 2064 4070 »

414 4111 610 4166 Potest
638 4112 838 4164 tamen
867 4107 952 4164 sic
983 4107 1125 4180 legi:
1153 4110 1478 4167 «Habitasti
1503 4111 1562 4165 in
1584 4110 1744 4180 Sion,
1769 4134 1794 4158 ιι
1820 4129 1934 4168 non
1965 4129 2068 4184 per

413 4213 612 4254 servos
627 4200 858 4252 tantum
873 4197 945 4252 ad
959 4195 1186 4252 vineam
1205 4197 1442 4267 missos,
1457 4199 1556 4254 sed
1572 4199 2090 4272 prepriapersona-

418 4307 441 4334 ι
475 4282 755 4340 habitasti
785 4283 846 4338 in
877 4299 964 4340 eo.
997 4303 1024 4330 ιι

485 4373 802 4444 Postquam
835 4371 1089 4444 captavit
1135 4372 1596 4430 benevolentiam
1645 4390 1748 4446 per
1783 4375 2067 4433 beneficia

413 4478 542 4535 quis
567 4459 699 4517 Fecit
718 4459 874 4517 Deus
897 4459 1352 4534 populorcaptat
1377 4460 1841 4519 benevolentiam
1873 4480 1908 4519 a
1935 4481 2066 4536 per-

2165 551 2357 606 medio
2381 551 2582 624 templi
2612 551 2786 620 tui,in
2809 568 2925 624 quo
2947 555 3048 609 tua
3071 551 3410 608 solemnitas
3431 551 3654 608 solebat
3669 551 3816 608 cele-

2165 640 2342 696 brari.

2239 748 2263 773 α
2287 730 2657 790 Posuerunt»
2689 731 2866 787 etiam
2893 762 2915 786 (ι
2940 731 3108 804 signa
3141 748 3271 798 sua,
3297 763 3320 786 ι»
3354 731 3412 786 id
3442 734 3554 798 est,
3585 731 3814 804 aquilas

2165 837 2326 886 suas,
2353 841 2376 863 ‹‹
2404 819 2573 894 signa
2594 853 2618 877 ιι
2640 820 2893 876 victoriae
2917 838 3056 885 suae,
3081 847 3107 878 α
3130 825 3188 876 et
3217 836 3332 876 non
3364 824 3759 894 cognoverunt
3787 842 3812 865 ιι

2162 909 2488 976 veritatem,
2520 910 2741 966 scilicet
2792 911 2948 982 quod
2997 909 3097 965 illa
3125 909 3365 966 victoria
3394 910 3472 966 sit
3502 926 3574 965 ex
3603 914 3680 975 te,
3714 910 3809 965 sed

2165 997 2276 1054 sibi
2299 998 2720 1054 attribuerunt:
2745 1003 3160 1071 «posuerunt»
3181 997 3330 1064 dico,
3363 998 3598 1076 «sicut»
3623 997 3810 1053 solent

2163 1087 2298 1159 poni
2323 1087 2492 1160 signa
2512 1107 2535 1131 α
2561 1105 2736 1160 super
2766 1104 3128 1153 summum,»
3161 1087 3220 1143 id
3249 1091 3358 1153 est,
3392 1103 3570 1160 super
3591 1087 3808 1158 januas

2162 1175 2470 1230 domorum
2495 1174 2581 1231 vel
2612 1175 2963 1247 templorum
2997 1201 3021 1226 (ι
3043 1174 3102 1230 in
3134 1175 3346 1241 exitu,»
3376 1175 3434 1230 id
3464 1176 3639 1242 est,in
3659 1191 3813 1231 com-

2162 1264 2303 1335 pito.
2333 1264 2542 1336 Tangit
2571 1263 3077 1330 consuetudinem,
3111 1265 3266 1336 quod
3313 1263 3560 1320 victores
3620 1263 3812 1320 solent

2162 1367 2375 1422 ponere
2402 1367 2580 1422 super
2607 1353 2834 1422 portam
2859 1351 2946 1406 vel
2967 1368 3144 1422 super
3172 1351 3380 1406 turrim
3409 1351 3579 1424 signa
3607 1368 3738 1408 sua.

2233 1441 2558 1511 Exaggerat
2583 1456 2784 1495 eorum
2821 1439 3143 1512 nequitiam
3174 1455 3189 1495 :
3225 1444 3282 1496 et
3311 1440 3489 1496 etiam
3522 1460 3546 1485 «ι
3577 1440 3814 1496 excide-

2165 1547 2188 1572 «ι
2212 1531 2350 1583 runt
2359 1528 2580 1600 januas
2603 1530 2734 1602 ejus
2755 1549 2780 1573 ιν
2804 1529 3028 1602 templi,
3045 1530 3349 1586 tendentes
3371 1554 3394 1578 ιι
3417 1529 3477 1586 in
3499 1528 3812 1603 idipsump

2163 1617 2220 1672 id
2243 1617 2416 1683 est,in
2439 1617 2704 1672 eamdem
2725 1617 3084 1674 voluntatem
3111 1617 3550 1687 destructionis,
3575 1618 3819 1692 «quasi»

2161 1709 2358 1762 essent
2405 1707 2509 1762 «in
2535 1706 2700 1774 silva,
2727 1727 2750 1752 »
2784 1723 2898 1762 non
2931 1722 3059 1779 qua:
3094 1706 3518 1774 observaretur,
3551 1707 3654 1764 sed
3685 1724 3822 1780 qua

2161 1812 2361 1852 eorum
2383 1795 2666 1852 voluntati
2687 1799 2843 1852 esset
2863 1795 3125 1869 exposita
3147 1796 3218 1852 ad
3253 1795 3519 1853 facienda
3545 1795 3731 1870 ligna,
3765 1803 3821 1854 ei

2162 1887 2272 1942 hoc
2319 1885 2462 1942 dicit
2506 1913 2534 1944 α
2565 1885 2880 1958 lignorum,
2914 1909 2940 1933 π
2987 1890 3044 1941 et
3095 1900 3123 1931 α
3153 1886 3512 1957 dejecerunt,
3542 1904 3566 1930 ι
3599 1885 3661 1941 id
3705 1890 3823 1957 est,

2162 1976 2578 2032 destruxerunt
2603 1989 2764 2030 «eam
2781 1995 2808 2023 ιο
2833 1974 3125 2032 civitatem
3153 1995 3181 2026 ‹‹
3203 1975 3264 2031 in
3295 1974 3486 2032 securi
3505 1979 3563 2032 et
3589 1974 3776 2032 ascia.
3794 2004 3822 2029 ι.

2159 2063 2331 2121 Ascia
2357 2068 2447 2120 est
2470 2063 2891 2120 ferramentum
2923 2063 2995 2121 ad
3028 2062 3316 2122 dolendus
3345 2064 3604 2123 minutas
3625 2063 3828 2138 sculp-

2161 2155 2325 2210 turas
2355 2151 2754 2226 aptissimum.

2238 2262 2263 2288 α
2285 2242 2676 2299 Incenderunt
2697 2269 2722 2294 ι»
2755 2242 2932 2300 etiam
2964 2263 2989 2289 α
3013 2241 3418 2300 sanctuarlum
3439 2247 3607 2300 tuum
3633 2241 3785 2318 igni,
3800 2263 3828 2287 ι·

2163 2333 2218 2388 id
2251 2335 2339 2390 est
2366 2331 2654 2404 templum
2684 2335 2879 2400 tuum,
2912 2331 3254 2405 dejicientes
3281 2331 3562 2400 culmina,
3593 2349 3729 2406 quas
3759 2331 3824 2389 in

2164 2421 2350 2478 altum
2374 2421 2445 2476 ad
2466 2419 2747 2478 honorem
2771 2425 2943 2478 tuum
2967 2425 3136 2478 erant
3157 2421 3460 2487 (adificata,
3495 2443 3520 2468 α
3543 2420 3603 2478 in
3623 2425 3826 2478 terra»

2163 2510 2246 2567 ita
2274 2513 2340 2566 ut
2367 2527 2483 2567 non
2515 2515 2846 2567 remaneret
2873 2510 3026 2584 lapis
3057 2527 3236 2584 super
3261 2509 3543 2583 lapidem,
3563 2541 3587 2564 α
3605 2510 3834 2584 pollue-

2166 2627 2191 2654 ‹‹
2211 2603 2352 2656 runt
2379 2599 2826 2656 tabernaculum
2857 2599 3117 2656 nominis
3144 2599 3285 2666 tui,»
3317 2598 3377 2654 id
3405 2602 3498 2656 est
3526 2599 3822 2673 templum

2163 2689 2223 2746 in
2254 2705 2370 2762 quo
2399 2689 2733 2746 invocatum
2763 2688 2950 2746 fuerat
2978 2704 3191 2747 nomen
3221 2693 3413 2756 tuum,
3445 2687 3714 2746 faciendo
3738 2688 3823 2745 ibi

2165 2779 2356 2836 multa
2376 2777 2619 2852 polluta.

2237 2892 2264 2924 α
2295 2867 2622 2924 Dixerunt»
2653 2866 2830 2924 etiam
2864 2890 2888 2915 «ι
2917 2866 2976 2923 in
3004 2867 3176 2924 corde
3207 2883 3354 2924 suo»
3383 2870 3442 2924 et
3471 2884 3587 2924 non
3617 2866 3818 2940 pauci,

2166 2959 2268 3016 sed
2304 2957 2614 3031 «cognatio
2643 2972 2845 3014 eorum
2876 2955 3052 3012 simul
3077 2976 3101 3002 ι»
3135 2972 3270 3012 cum
3301 2955 3440 3024 illis,
3466 2975 3495 3008 α
3514 2955 3820 3029 quiessem

2166 3047 2452 3112 faciamus
2505 3063 2710 3104 omnes
2768 3045 2895 3103 dies
2949 3045 3128 3102 festos
3183 3045 3346 3102 Deia
3373 3049 3550 3112 terra,
3584 3073 3608 3100 ιο
3645 3044 3703 3101 id
3731 3048 3828 3101 est

2167 3064 2278 3104 18.01
2382 3064 2452 3104 us
2505 3064 2710 3104 omnes
2768 3064 2895 3103 (1108
2949 3064 3128 3102 restes
3183 3064 3346 3102 υθιιι
3373 3064 3550 3112 terra,
3584 3073 3608 3100 ιο
3645 3064 3703 3101 ια
3731 3064 3828 3101 ρει

2167 3064 2542 3194 deas-[Samus
2561 3135 2860 3203 omnia,ne
2887 3134 3014 3192 dies
3038 3134 3168 3192 festi
3197 3134 3521 3209 aganturin
3539 3137 3697 3191 terra
3711 3131 3830 3192 ista

2171 3225 2440 3282 ulterius.

2243 3315 2423 3371 Istam
2452 3314 2911 3370 destructionem
2944 3312 3212 3386 permisit
3240 3312 3412 3369 nobis
3441 3311 3598 3369 Deus
3613 3311 3833 3368 fieri-ex

2172 3403 2382 3460 merito
2413 3406 2635 3471 nostro,
2669 3403 2810 3475 quia
2832 3419 2940 3459 nos
2971 3419 3128 3458 «non
3156 3401 3468 3470 vidimus,»
3489 3401 3548 3457 id
3578 3403 3689 3467 est,
3711 3417 3831 3456 non

2173 3490 2587 3557 intelleximus,
2633 3510 2658 3534 ιι
2684 3491 2854 3564 signa
2879 3494 3102 3559 nostra,
3129 3511 3155 3537 ιν
3189 3490 3247 3546 id
3280 3494 3391 3558 est,
3418 3489 3590 3545 nobis
3619 3505 3837 3561 propo-

2174 3580 2620 3648 sitam,scilicet,
2637 3579 3054 3647 visitationem,
3087 3595 3265 3652 quam
3291 3577 3460 3635 nobis
3490 3577 3626 3633 fecit
3647 3577 3829 3633 Deus.

2171 3668 2244 3724 Et
2272 3665 2368 3722 hic
2397 3665 2562 3740 ponit
2590 3683 2652 3722 se
2683 3666 2991 3740 Synagoga
3016 3666 3078 3722 in
3120 3681 3364 3722 numero
3393 3666 3832 3722 destructorum

2173 3754 2406 3813 illorum
2417 3796 2431 3822 ,
2455 3771 2590 3812 cum
2603 3755 2765 3824 dicit,
2783 3775 2808 3802 α
2822 3771 2938 3812 non
2949 3755 3206 3812 vidimus
3219 3785 3244 3810 η
3261 3754 3385 3811 haec
3400 3776 3423 3800 α
3436 3753 3658 3829 signa,»
3689 3753 3831 3828 quia

2175 3869 2204 3901 α
2227 3845 2352 3916 jam
2378 3861 2494 3900 non
2530 3847 2620 3900 est
2637 3843 2960 3917 propheta»
2983 3845 3139 3917 apud
3169 3861 3297 3913 nos,
3331 3859 3508 3916 quem
3536 3841 3834 3900 consulta-

2174 3949 2330 4000 mus,
2363 3931 2516 3988 sicut
2544 3931 2708 4005 prius
2750 3931 3137 3990 habebamus.
3171 3932 3318 3990 Cum
3345 3931 3503 3989 enim
3529 3930 3827 4004 propheta

2175 4025 2491 4088 cessarent,
2523 4021 2760 4094 signum
2812 4020 2924 4077 fuit
2969 4021 3254 4078 adventus
3281 4019 3464 4088 illius,
3494 4017 3598 4092 qui
3629 4018 3742 4075 fuit
3769 4022 3828 4075 et

2175 4109 2311 4167 finis
2338 4113 2396 4166 et
2433 4107 2741 4182 completio
2793 4109 3208 4182 prophetarum
3242 4125 3258 4165 :
3293 4128 3319 4156 α
3347 4111 3406 4166 et
3435 4107 3694 4180 amplius
3722 4124 3828 4163 nos

2176 4216 2291 4254 non
2322 4202 2634 4272 cognoscet
2661 4224 2686 4248 ι)
2721 4197 2896 4264 Deus,
2931 4197 3220 4254 visitando
3268 4214 3372 4270 per
3411 4195 3671 4269 aliquem
3702 4213 3830 4269 pro-

2175 4287 2434 4360 phetam.
2463 4285 2567 4344 Vel
2622 4285 2705 4342 ita
2761 4289 2954 4358 potest
2990 4285 3104 4360 legi
3135 4287 3469 4360 praecedens
3497 4301 3725 4352 versus,
3757 4285 3830 4341 de

2175 4375 2350 4448 culpa
2379 4375 3140 4433 Judaorumﬂontinuatio.
3168 4375 3325 4433 Licet
3352 4375 3509 4432 Deus
3538 4377 3708 4430 tanta
3735 4373 3832 4430 be-

2174 4464 2382 4520 neficia
2409 4463 2901 4537 Judaico'populo
2949 4462 3317 4530 contulisset,
3349 4467 3546 4520 tamen
3576 4477 3695 4518 non
3719 4461 3834 4518 erit

413 4567 560 4608 sena
598 4548 1086 4616 adversariorum,
1119 4549 1388 4622 ponendo
1441 4549 1777 4622 superbiam
1836 4569 2060 4608 eorum.
2090 4557 2140 4623 Β
2173 4551 2232 4606 in
2258 4551 2572 4607 clementia
2602 4550 2813 4624 ipsius,
2845 4551 2896 4606 si
2930 4551 3230 4624 permittat
3276 4567 3376 4608 eos
3404 4547 3652 4619 destrui,
3685 4549 3833 4622 quia

413 4637 807 4695 Continuatio.
840 4636 988 4704 Quia
1015 4637 1138 4693 haec
1167 4637 1449 4694 beneﬁcia
1478 4638 1666 4695 fecisti
1693 4640 1907 4712 populo
1934 4645 2057 4709 tuo,

415 4726 604 4792 ideo,o
629 4726 807 4793 Deus,
829 4744 855 4770 ιι
872 4724 999 4782 leva
1021 4742 1232 4782 manus
1255 4729 1407 4791 tuas,
1433 4747 1456 4772 η
1487 4725 1545 4782 id
1579 4730 1668 4784 est
1695 4729 2060 4801 operationes

414 4817 550 4870 tuas
570 4829 698 4884 quas
719 4812 958 4868 fuerunt
983 4813 1263 4883 remissa),
1296 4831 1430 4870 cum
1461 4830 1560 4872 eos
1591 4817 1956 4888 permitteres
1983 4820 2064 4875 fa-

415 4918 545 4959 cere
565 4901 637 4957 de
658 4899 889 4957 civitate
909 4905 1012 4956 tua
1032 4903 1186 4974 quod
1223 4902 1520 4959 volebant:
1565 4925 1588 4950 «
1612 4903 1736 4960 leva
1754 4919 1782 4951 ι»
1804 4905 1933 4962 dico
1957 4927 1981 4953 α
2003 4908 2061 4962 in

416 5013 446 5042 ‹‹
479 4989 788 5063 superbius
817 5006 1042 5057 eorum,
1073 5010 1099 5036 ιι
1133 4991 1190 5046 id
1220 4995 1308 5048 est
1357 4996 1560 5048 contra
1603 4995 1928 5066 superbiae,
1963 4995 2064 5069 qui

415 5079 710 5136 civitatem
734 5079 1068 5147 destruunt,
1101 5083 1159 5135 et
1187 5079 1296 5135 hoc
1329 5079 1504 5137 facies
1537 5105 1561 5130 ‹‹
1595 5082 1654 5138 in
1685 5083 1859 5139 finem
1895 5110 1918 5134 »
1947 5102 2066 5141 om-

419 5167 673 5234 nimode,
690 5166 748 5222 id
773 5172 881 5235 est,
904 5168 986 5224 ita
1013 5167 1256 5238 scilicet,
1277 5169 1431 5242 quod
1464 5176 1892 5240 convertantur,
1925 5175 2066 5246 quia

420 5276 448 5304 ‹‹
471 5258 692 5327 quanta
711 5259 802 5311 est
819 5255 1230 5330 malignatus,»
1253 5257 1312 5313 id
1335 5261 1444 5323 est,
1459 5263 1678 5330 quanto
1699 5260 1854 5316 malo
1870 5261 2067 5318 animo

418 5342 555 5398 fecit
580 5343 897 5400 «inimicus
915 5368 940 5394 η
963 5345 1060 5401 ille
1083 5346 1382 5402 Romanus
1402 5347 1654 5419 populus
1678 5369 1702 5392 «ι
1725 5349 1782 5403 in
1805 5355 2008 5406 sancto
2039 5375 2066 5404 ››

419 5427 565 5495 loco,
596 5429 654 5485 id
688 5435 798 5500 est,
823 5432 884 5487 in
915 5433 1132 5507 templo
1162 5438 1284 5491 tuo.

491 5516 562 5573 Et
590 5534 725 5573 cum
758 5519 854 5575 alii
887 5520 1176 5590 homines,
1209 5523 1310 5596 qui
1341 5523 1494 5579 mala
1523 5523 1712 5580 solent
1740 5525 1948 5594 facere,
1981 5545 2070 5584 so-

420 5603 578 5660 leant
596 5609 912 5681 compungi
935 5613 991 5666 et
1012 5611 1336 5676 dolere,isti
1361 5631 1385 5656 «
1407 5613 1507 5685 qui
1541 5617 1595 5668 te
1626 5615 1892 5687 oderunt,
1927 5621 2070 5674 sunt

2169 4639 2283 4713 ipsi
2307 4639 2583 4696 dixerunt
2599 4638 2788 4696 ,ἰυόωὶ
2809 4638 2869 4695 in
2902 4640 3074 4696 corde
3105 4656 3235 4707 suo,
3267 4639 3327 4696 id
3349 4642 3458 4708 est,
3493 4637 3649 4696 sicut
3677 4635 3835 4694 dixe-

2171 4732 2330 4794 runt,
2355 4728 2438 4784 ita
2466 4728 2526 4784 in
2557 4729 2729 4786 corde
2760 4728 3114 4798 habuerunt,
3147 4731 3208 4784 et
3237 4745 3352 4786 non
3383 4726 3552 4802 pauci
3585 4727 3660 4782 de
3689 4725 3832 4794 illis,

2172 4817 2291 4874 imo
2307 4817 2575 4890 cognatio
2605 4815 2840 4873 illorum
2859 4820 2980 4874 tota
2998 4817 3174 4874 simul
3191 4834 3204 4873 :
3221 4817 3520 4889 quiescere
3543 4815 3840 4872 faciamus

2172 4922 2376 4964 omnes
2421 4905 2547 4961 dies
2597 4905 2775 4962 festos
2817 4905 2918 4962 Dei
2950 4923 2985 4962 a
3015 4910 3187 4973 terra,
3221 4905 3463 4976 scilicet,
3496 4909 3564 4961 ut
3593 4903 3837 4960 nullum

2173 4996 2388 5052 festum
2411 4993 2776 5050 celebremus
2799 4995 2872 5050 ei.
2900 4995 3016 5051 Nec
3037 4994 3321 5052 debemus
3354 4994 3667 5062 celebrare,
3690 5010 3840 5066 quo-

2174 5083 2334 5139 niam
2359 5103 2381 5128 ‹‹
2396 5099 2511 5138 non
2533 5082 2789 5138 vidimus
2809 5083 2980 5156 signa
3002 5088 3238 5140 nostra»
3258 5100 3386 5156 qua:
3418 5082 3588 5139 nobis
3609 5082 3841 5154 promi-

2177 5175 2336 5229 serat
2356 5171 2531 5238 Deus,
2563 5171 2621 5226 id
2653 5177 2744 5227 est
2773 5188 2888 5227 non
2919 5171 3178 5228 ostendit
3207 5171 3377 5227 nobis
3409 5170 3608 5242 aliqua
3635 5169 3839 5242 signa,

2176 5277 2280 5334 per
2308 5277 2434 5332 quae
2482 5276 2791 5316 caveamus
2843 5260 2916 5316 ab
2963 5259 3253 5329 hostibus,
3285 5259 3441 5316 sicut
3469 5258 3702 5315 solebat
3732 5275 3748 5313 :
3782 5263 3848 5314 et

2177 5350 2353 5406 etiam
2389 5369 2414 5395 α
2417 5350 2546 5421 jam
2566 5367 2681 5404 non
2697 5353 2787 5405 est
2804 5348 3124 5422 propheta»
3140 5348 3241 5420 qui
3267 5347 3605 5405 consoletur
3635 5352 3850 5417 nos,et

2177 5443 2382 5496 caetera
2413 5439 2638 5494 eodem.

2253 5527 2368 5601 Ipsi
2418 5527 2498 5583 ita
2547 5531 2950 5600 peccaverunt,
2985 5527 3108 5593 sed,
3141 5543 3174 5582 o
3207 5548 3230 5572 «
3264 5527 3419 5582 Deus
3468 5542 3793 5599 usquequo
3822 5555 3848 5581 ιι

2179 5617 2416 5690 patieris
2473 5615 2606 5673 illos
2665 5631 3006 5688 permanere
3059 5617 3117 5672 in
3159 5617 3434 5689 peccatis,
3467 5621 3527 5673 et
3555 5615 3671 5672 hoc
3705 5621 3807 5675 est
3839 5629 3854 5667 ε
