4048 6180
213 339 306 401 445
1370 333 1866 397 EXPLANATIO
1907 333 1988 397 IN
2031 334 2411 401 PSALMOS.

3469 348 3589 412 446

211 487 552 546 «usquequo
602 467 1021 544 improperabit
1054 491 1081 518 »
1133 462 1238 525 tibi
1289 493 1317 519 ‹‹
1359 468 1655 535 inimicus,
1693 491 1720 518 »
1769 466 1829 523 id
1859 467 1917 537 Α
1944 472 3588 555 quasimmittitdiabolus,tuncdisrumpitDeus,quando

212 566 298 630 est,
326 560 614 618 Judaicus
644 559 900 633 populus
935 575 948 615 :
981 563 1038 615 et
1069 575 1372 631 usquequo
1405 583 1431 608 ‹‹
1466 560 1678 625 irritat,
1715 582 1742 609 »
1776 560 1833 615 id

211 657 298 718 est,
327 654 605 724 provocat
633 650 707 705 ad
739 650 907 713 iram,
942 672 969 699 ‹‹
1003 648 1391 713 adversarius,
1430 672 1457 697 ››
1490 649 1545 704 id
1586 653 1695 716 est,
1726 649 1833 705 Ju-

213 741 390 798 daicus
424 739 705 813 populus,
738 761 767 788 «
802 754 1014 794 nomen
1047 743 1237 803 tuum,
1275 760 1302 787 »
1334 737 1532 804 id‘est,
1567 743 1624 794 te
1655 738 1836 793 nomi-

211 829 441 886 nabilem
462 829 491 883 ?
521 828 634 884 erit
655 828 764 883 hoc
795 852 821 878 «
855 828 915 882 in
950 828 1125 882 ﬁnem
1161 846 1174 883 :
1214 850 1240 876 ››
1272 826 1329 882 id
1364 832 1472 894 est,
1501 828 1613 884 erit
1642 827 1835 883 omni-

213 920 374 976 mode.
407 917 511 974 Vel
545 935 734 990 usque
766 940 793 967 ‹‹
827 916 888 971 in
922 917 1097 972 ﬁnem
1129 938 1156 965 »
1193 916 1409 981 saeculi,
1444 917 1677 988 quando
1709 916 1836 972 reli-

210 1008 337 1082 quiae
366 1008 709 1063 Judzeorum
741 1005 913 1061 salva:
946 1006 1105 1061 ﬁent.

265 1099 326 1153 Et
354 1119 383 1146 ‹‹
419 1101 485 1151 ut
515 1097 681 1168 quid,
704 1120 732 1143 ››
760 1094 1253 1160 Domine,avertis
1276 1118 1303 1144 n
1324 1096 1395 1149 ab
1426 1095 1509 1150 eis
1532 1119 1557 1144 ‹‹
1594 1112 1832 1150 manum

206 1194 370 1251 tuam,
400 1210 428 1235 ι)
478 1186 538 1240 id
587 1190 679 1241 est
731 1184 1128 1257 operationem
1182 1189 1341 1239 tuam
1385 1201 1503 1255 qua
1531 1190 1834 1240 convertas

200 1294 284 1332 eos
304 1277 373 1331 ad
410 1280 504 1343 te;
538 1275 656 1330 alia
686 1273 996 1329 translatio
1047 1274 1243 1339 habet,
1278 1274 1483 1329 faciem
1534 1279 1695 1329 tuam
1728 1292 1741 1328 :
1777 1279 1835 1329 et

201 1391 223 1415 ‹‹
253 1371 312 1421 ut
335 1365 479 1438 quid
501 1364 717 1420 avertis
739 1364 1033 1418 dexteram
1066 1368 1296 1429 tuam,»
1327 1363 1383 1417 id
1416 1362 1832 1419 estJudaicum

198 1453 606 1528 populum,qui
636 1451 767 1508 ideo
797 1451 1026 1507 Domini
1060 1453 1295 1508 dextera
1319 1452 1553 1518 dicitur,
1573 1452 1712 1525 quia
1732 1470 1834 1524 per

197 1562 283 1602 eos
312 1543 450 1600 fecit
477 1544 633 1599 Deus
679 1542 868 1598 multa
921 1540 1260 1597 mirabilia:
1310 1542 1464 1598 sicut
1509 1558 1611 1614 per
1652 1541 1831 1598 David

196 1633 406 1691 Goliam
438 1630 757 1698 interemit,
789 1635 924 1699 etc.,
957 1654 984 1680 ‹‹
1021 1631 1092 1686 de
1133 1629 1324 1686 medio
1373 1630 1507 1686 sinu
1558 1634 1680 1695 tuo,
1718 1653 1744 1679 »
1773 1629 1831 1685 id

193 1721 365 1779 estde
396 1721 667 1776 ubertate
699 1717 1134 1785 misericordiae,
1168 1718 1307 1791 quia
1352 1719 1453 1791 qui
1503 1724 1834 1775 removetur

194 1828 224 1867 a
249 1811 382 1876 Deo,
416 1825 534 1865 non
566 1813 657 1865 est
688 1807 748 1863 in
781 1806 1184 1864 misericordia
1212 1807 1474 1864 Dei.Erit
1502 1808 1611 1864 hoc
1642 1824 1831 1880 usque
1858 1840 1909 1905 Β

193 1924 219 1951 κ
247 1900 303 1955 in
332 1899 535 1965 ﬁnem,
566 1920 594 1947 η
627 1897 740 1954 erit
770 1896 972 1970 utique
1015 1897 1075 1952 in
1124 1898 1320 1963 ﬁnem,
1355 1898 1616 1969 quando
1643 1898 1831 1953 Judaei

192 1990 597 2046 convertentur
644 1987 717 2043 ad
767 1985 1084 2052 Christum,
1118 1985 1474 2058 recipientur
1519 1985 1579 2041 in
1631 1985 1831 2042 sinum

193 2077 304 2133 Dei.
336 2077 473 2132 Haec
502 2076 694 2149 ﬁgura
721 2074 831 2132 fuit
860 2062 919 2130 in
951 2074 1285 2147 Moyse,qui
1315 2075 1562 2132 extraxit
1590 2091 1832 2131 manum

195 2165 257 2221 de
282 2163 440 2232 sinu,
473 2167 533 2221 et
561 2162 853 2238 leprosum
882 2162 1125 2231 invenit,
1158 2167 1216 2219 et
1253 2179 1389 2219 cum
1439 2158 1671 2220 iterum'
1703 2180 1833 2221 eam

196 2254 247 2310 in
276 2253 475 2311 sinum
507 2251 884 2327 reposuisset,
919 2252 1143 2308 munda
1173 2251 1304 2319 fuit,
1338 2257 1395 2308 et
1424 2253 1532 2309 hoc
1576 2256 1667 2310 est
1696 2252 1831 2308 rim-

198 2342 410 2415 pictum
440 2342 503 2397 in
527 2340 744 2415 populo
772 2341 1132 2407 Judaeorum,
1149 2340 1248 2413 qui
1284 2359 1418 2397 cum
1442 2346 1835 2399 removeretur

202 2449 232 2488 a
256 2431 384 2488 sinu
416 2431 543 2498 Dei,
574 2430 633 2487 id
664 2434 755 2486 est
786 2447 820 2486 a
848 2430 1103 2496 Christo,
1138 2431 1327 2486 factus
1357 2435 1447 2487 est
1476 2431 1743 2503 leprosus
1773 2431 1833 2487 in

207 2521 441 2592 peccatis
466 2538 480 2588 ;
515 2536 653 2575 cum
683 2524 881 2575 autem
911 2519 1261 2575 converterit
1295 2537 1358 2576 se
1386 2522 1459 2576 ad
1510 2520 1832 2587 Christum,

212 2607 581 2665 mundabitur
607 2626 643 2664 a
659 2608 820 2681 lepra
842 2612 1241 2681 peccatorum.

273 2720 299 2747 α
346 2698 501 2754 Deus
558 2701 777 2754 autem.
832 2719 859 2747 »
909 2698 1049 2753 Pars
1097 2699 1374 2754 secunda.
1428 2698 1582 2754 Deus
1628 2697 1839 2754 avertit

216 2788 371 2843 modo
398 2803 644 2842 manum
673 2803 863 2852 suam,
895 2785 1140 2853 scilicet,
1174 2787 1299 2859 ipse
1329 2810 1358 2837 ‹‹
1383 2788 1537 2843 Deus
1569 2805 1667 2844 rex
1697 2804 1837 2843 nos-

218 2879 294 2931 ter
323 2898 349 2925 ››
375 2876 632 2932 existens
680 2899 710 2926 ‹‹
760 2880 896 2931 ante
944 2875 1177 2942 saecula,
1217 2881 1492 2949 operatus
1539 2881 1630 2933 est
1675 2876 1839 2933 salu-

222 2968 343 3030 tem,
376 2989 404 3015 »
424 2964 483 3020 id
512 2968 626 3031 est,
656 2964 1153 3029 liberationem,et
1181 2970 1315 3022 ante
1346 2967 1659 3021 adventum
1691 2971 1749 3021 et
1780 2966 1838 3021 in

220 3051 332 3126 ipso
354 3055 601 3110 adventu
631 3053 847 3110 Christi
879 3078 907 3103 «
943 3053 1002 3108 in
1055 3054 1245 3111 medio
1275 3058 1462 3122 terrae,
1498 3077 1525 3103 ››
1559 3055 1616 3109 id
1661 3060 1752 3111 est
1780 3056 1839 3111 in

221 3144 495 3200 communi
527 3143 795 3200 omnium
826 3143 1155 3199 hominum.

1943 562 2176 619 alleviat
2208 568 2462 635 peccata,
2496 569 2554 620 et
2602 564 2650 619 si
2682 582 2797 621 non
2830 565 3064 636 penitus
3114 570 3425 637 condonet,
3448 573 3590 627 tunc

1946 653 2127 708 siccat
2158 678 2178 704 ι
2214 654 2421 710 fluvios
2450 655 2659 721 Ethan,
2694 678 2715 707 ι
2752 655 2811 709 id
2842 661 2952 721 est,
2978 657 3391 715 inundantiam
3415 659 3589 715 vitio-

1946 759 2099 807 rum,
2152 744 2386 815 quando
2430 744 2663 815 penitus
2709 747 3002 801 condonat
3049 750 3305 817 peccata.
3352 746 3453 803 Vel
3502 749 3588 805 sic

1950 852 1971 880 α
2008 831 2311 903 disrupisti
2346 834 2554 899 fontes,
2589 853 2620 885 ι
2651 835 2887 905 quando
2918 834 2977 890 in
3029 835 3258 891 deserto
3304 836 3375 891 de
3423 841 3588 909 petra

1945 936 2158 992 aquam
2208 922 2480 987 eduxisti,
2515 926 2573 977 et
2619 926 2926 991 torrentes,
2958 923 3112 978 sicut
3158 941 3373 996 aquam
3421 924 3586 982 illam

1946 1026 2073 1080 quze
2096 1011 2450 1082 sequebatur
2471 1028 2569 1066 eos
2601 1028 2702 1083 per
2724 1013 3040 1067 desertum.
3061 1013 3161 1069 Vel
3187 1014 3293 1070 hos
3322 1015 3511 1071 fontes
3531 1018 3589 1071 et

1945 1103 2232 1154 torrentes
2261 1099 2645 1171 intelligimus
2682 1102 3224 1174 praedicatores,qui
3261 1105 3590 1160 refecerunt

1946 1191 2133 1243 totum
2170 1190 2456 1243 mundum
2491 1188 2897 1261 praedicatione
2927 1190 3244 1263 Evangelii,
3277 1196 3336 1246 et
3375 1209 3477 1263 per
3506 1194 3588 1248 is-

1946 1281 2035 1331 tos
2063 1277 2468 1349 praedicatores
2505 1301 2525 1326 ιι
2556 1283 2616 1334 tu
2649 1278 2879 1333 siccasti
2905 1279 3110 1334 fluvios
3144 1280 3353 1343 Ethan,
3373 1299 3393 1326 ι
3420 1281 3590 1336 inun-

1945 1366 2203 1420 dantiam
2236 1371 2627 1437 peccatorum,
2661 1384 2839 1439 quam
2864 1368 3217 1424 immittebat
3235 1368 3525 1424 diabolus.

2019 1478 2045 1503 ‹‹
2078 1456 2241 1509 Tuus
2271 1460 2362 1510 est
2390 1456 2536 1522 dies,
2568 1461 2678 1512 etc.
2716 1478 2737 1507 ι
2775 1458 2987 1512 Totum
3019 1458 3091 1512 ad
3121 1455 3398 1513 litteram.
3434 1457 3590 1514 Alle-

1942 1542 2137 1616 gorice
2183 1547 2377 1600 autem
2426 1561 2530 1617 per
2558 1546 2714 1602 diem
2746 1546 3068 1618 accipimus
3109 1546 3455 1618 sapientem,
3489 1548 3589 1620 qui

1941 1636 2031 1688 est
2052 1631 2421 1689 illuminatus
2443 1634 2775 1706 cognitione
2803 1635 2927 1690 Dei.
2944 1635 3050 1690 Per
3069 1639 3300 1691 noctem
3322 1640 3593 1707 peccator

1943 1720 2247 1793 accipitur,
2280 1721 2382 1794 qui
2410 1726 2499 1778 est
2527 1723 2588 1778 in
2621 1722 2897 1791 tenebris,
2922 1739 3024 1796 per
3052 1723 3447 1797 ignorantiam
3467 1726 3589 1781 veri

1942 1810 2100 1878 boni,
2134 1810 2233 1883 qui
2266 1816 2535 1883 peccator
2580 1816 2669 1869 est
2698 1817 2856 1879 tuus,
2888 1829 2920 1868 ο
2951 1813 3127 1881 Deus,
3161 1814 3302 1886 quia
3347 1829 3483 1869 eum
3513 1816 3587 1870 ad

1941 1904 1997 1955 te
2027 1900 2336 1956 convertis.
2375 1921 2397 1948 α
2431 1902 2519 1957 Tu
2546 1901 2863 1958 fabricatus
2892 1917 2955 1958 es
2985 1918 3279 1969 auroram,
3310 1921 3338 1953 ι
3384 1902 3443 1958 id
3474 1906 3586 1970 est,

1940 1988 2296 2061 principium
2333 1989 2746 2058 conversionis,
2799 1990 3021 2048 scilicet
3076 1990 3210 2048 illos
3264 1991 3366 2064 qui
3414 1993 3587 2048 modo

1941 2077 2167 2133 noviter
2195 2083 2630 2147 convertuntur,
2668 2103 2690 2130 ι
2725 2084 2784 2136 et
2809 2077 3012 2145 solem,
3049 2101 3071 2130 ι
3105 2080 3163 2135 id
3211 2084 3321 2145 est,
3356 2080 3586 2152 perfec-

1941 2164 2204 2223 tissimos
2234 2166 2549 2239 sapientes,
2578 2167 2678 2241 qui
2702 2166 2847 2225 alios
2869 2171 3118 2241 possunt
3147 2166 3501 2226 illuminare.

2020 2274 2042 2307 ι
2076 2256 2165 2311 Tu
2199 2277 2220 2304 ι
2255 2255 2431 2311 etiam
2470 2273 2493 2304 α
2527 2256 2711 2313 fecisti
2753 2272 2959 2314 omnes
3008 2254 3292 2313 terminos
3337 2258 3525 2323 teme,
3559 2277 3587 2307 ››

1944 2344 2002 2399 id
2023 2348 2245 2410 est,eos
2274 2345 2374 2417 qui
2408 2361 2470 2401 se
2488 2345 2711 2402 faciunt
2739 2344 3023 2403 terminos
3042 2349 3110 2403 et
3137 2345 3471 2402 defensores
3491 2347 3590 2401 Ec-

1943 2432 2154 2500 clesia),
2186 2437 2391 2490 contra
2429 2434 2729 2491 diabolum
2778 2439 2837 2491 et
2885 2435 3187 2492 ministros
3234 2434 3384 2507 ejus,
3435 2433 3590 2490 sicut

1944 2524 2084 2577 sunt
2112 2523 2299 2577 sancti
2331 2523 2587 2597 episcopi
2617 2528 2676 2580 et
2704 2524 2801 2580 alii
2834 2523 2969 2581 boni
2997 2529 3262 2596 pastores
3287 2542 3301 2593 ;
3347 2545 3375 2574 «
3409 2526 3589 2579 (esta-

1944 2613 2086 2676 tem,
2124 2633 2145 2659 ιο
2181 2610 2239 2666 id
2290 2616 2382 2668 est
2427 2612 2559 2668 illos
2607 2613 2706 2685 qui
2762 2619 2903 2669 sunt
2950 2612 3388 2679 ferventissimi,
3435 2611 3591 2668 sicut

1946 2703 2252 2772 martyres,
2291 2723 2312 2749 α
2338 2705 2398 2757 et
2425 2718 2525 2757 ver
2557 2723 2578 2752 ι
2616 2701 2790 2757 etiam
2823 2704 2886 2757 tu
2916 2701 3128 2767 fecisti,
3159 2702 3219 2757 id
3250 2705 3360 2767 est,
3375 2704 3592 2773 tempe-

1947 2791 2125 2855 ratos,
2157 2788 2310 2844 sicut
2337 2793 2477 2844 sunt
2506 2789 2644 2845 boni
2675 2790 3057 2857 confessores,
3089 2793 3148 2845 et
3181 2808 3204 2837 ι
3236 2806 3304 2846 ea
3332 2792 3397 2843 tu
3427 2788 3591 2860 plas-

1948 2877 2146 2943 masti,
2180 2901 2201 2929 ι
2240 2876 2299 2932 id
2330 2882 2437 2943 est,
2470 2877 2821 2950 principium
2868 2895 3071 2934 eorum
3117 2881 3181 2933 tu
3230 2876 3418 2943 fuisti,
3451 2875 3591 2947 quia

1949 2966 2149 3021 nullus
2180 2966 2238 3021 in
2270 2966 2355 3021 eis
2385 2967 2709 3039 quidquam
2752 2967 2906 3033 fecit,
2940 2965 3054 3022 nisi
3104 2970 3168 3022 tu
3212 2964 3394 3022 solus.
3428 2964 3587 3020 Plas-

1949 3053 2130 3109 matio
2160 3055 2317 3110 enim
2345 3059 2435 3111 est
2458 3056 2649 3128 prima
2677 3056 2912 3112 creatio.

2029 3162 2051 3191 ι
2086 3145 2327 3200 Memor.
2365 3168 2385 3196 ι
2422 3146 2494 3200 Et
2524 3148 2587 3200 tu
2619 3145 2793 3211 Deus,
2817 3144 2919 3217 qui
2953 3145 3074 3200 haec
3106 3142 3398 3199 mirabilia
3428 3142 3590 3197 fecis-

281 3256 307 3282 κ
337 3235 421 3289 Tu
447 3232 832 3289 conﬁrmasti.
866 3256 894 3282 υ
926 3233 1063 3289 Dico
1098 3254 1126 3283 «
1156 3237 1431 3305 operatus
1465 3256 1492 3283 ››
1523 3251 1586 3290 es
1616 3257 1643 3284 α
1680 3234 1839 3290 salu-
1869 3209 1913 3276 C
1951 3234 2019 3301 ti,
2057 3254 2079 3282 ι
2116 3251 2341 3290 memor
2369 3237 2494 3290 esto
2522 3235 2723 3306 hujus,
2761 3256 2782 3284 ι
2817 3234 2874 3289 id
2905 3238 3016 3300 est,
3049 3230 3446 3290 conversionis
3478 3232 3589 3288 Ju-

221 3325 345 3387 tem,
374 3323 510 3395 quia
559 3346 588 3372 ‹‹
635 3326 701 3378 tu
737 3344 765 3371 »
790 3323 945 3379 Deus
976 3345 1003 3372 ‹‹
1051 3322 1415 3378 confirmasti
1447 3340 1606 3379 mare
1659 3346 1686 3373 ››
1716 3324 1840 3379 Ru--

219 3409 394 3479 brum,
424 3412 689 3468 faciendo
721 3410 866 3467 illud
898 3410 1114 3484 populo
1144 3412 1471 3467 transeunti
1506 3413 1751 3479 siccum,
1783 3416 1843 3467 et

218 3515 281 3554 ex
305 3502 453 3557 omni
486 3504 655 3573 parte
681 3499 851 3571 quasi
883 3518 1120 3555 murnm
1152 3518 1165 3556 :
1201 3504 1261 3555 et
1302 3500 1410 3555 hoc
1459 3524 1487 3550 «
1520 3500 1579 3555 in
1626 3500 1841 3556 virtute

216 3591 327 3655 tua,
361 3614 388 3638 υ
415 3591 473 3645 id
504 3582 605 3646 est
622 3588 683 3644 in
714 3589 872 3644 omni
920 3589 1183 3661 potentia
1230 3593 1351 3644 tua.
1386 3590 1580 3645 Posita
1630 3591 1837 3664 ﬁgura,

214 3679 369 3749 ponit
390 3677 786 3753 signiﬁcatum
816 3676 1003 3749 ipsius
1035 3679 1256 3751 ﬁgura),
1289 3695 1422 3733 cum
1455 3679 1598 3735 dicit
1631 3697 1644 3735 :
1678 3702 1706 3729 ‹‹
1740 3680 1842 3735 Ca-

214 3767 327 3837 pita
354 3769 692 3833 draconum,
728 3789 757 3816 »
805 3766 864 3822 id
912 3770 1002 3822 est
1047 3767 1338 3840 potentias
1383 3771 1443 3823 et
1491 3766 1840 3825 elevationes

213 3855 527 3912 daemonum
563 3877 593 3906 α
620 3855 1051 3923 contribulasti,
1088 3879 1115 3904 ››
1145 3856 1204 3911 id
1234 3860 1345 3923 est,
1373 3858 1445 3913 ad
1476 3857 1726 3913 nihilum
1757 3875 1838 3913 re-

213 3944 437 4013 duxisti,
484 3969 512 3997 ‹‹
548 3947 610 4001 in
656 3944 827 4017 aquis
873 3968 901 3994 »
944 3946 1272 4018 baptismi:
1315 3948 1454 4019 quia
1502 3964 1603 4019 per
1655 3964 1838 4020 aquas

211 4032 470 4106 baptismi
501 4034 678 4090 homo
710 4033 828 4089 exit
850 4050 885 4089 a
915 4033 1131 4090 diaboli
1163 4039 1472 4107 potestate.

276 4122 341 4179 Et
383 4146 411 4174 «
450 4127 514 4179 tu
566 4146 595 4173 n
633 4122 813 4178 etiam
852 4145 880 4172 ‹‹
912 4124 1249 4196 confregisti
1282 4124 1477 4197 capita
1505 4125 1775 4181 draconis
1807 4149 1830 4177 ι

205 4212 533 4285 superioris,
583 4216 643 4268 et
694 4234 721 4263 α
757 4211 989 4285 populis
1033 4212 1390 4285 lEthiopum,
1427 4236 1455 4262 »
1508 4212 1568 4269 id
1598 4218 1690 4269 est
1720 4213 1837 4271 illis

202 4301 490 4375 quiﬁu'ius
510 4302 753 4359 fuerunt
782 4300 934 4375 nigri
964 4300 1023 4356 in
1055 4301 1328 4374 peccatis,
1363 4324 1392 4352 «
1414 4302 1626 4358 dedisti
1647 4319 1782 4358 eum
1808 4325 1835 4352 ››

201 4388 492 4446 diabolum
523 4413 552 4440 «
587 4405 806 4456 escam,
833 4412 862 4438 »
892 4389 951 4444 id
980 4394 1071 4446 est
1101 4390 1507 4447 refectionem:
1533 4391 1673 4463 quia
1702 4392 1837 4447 sub-

200 4477 479 4535 trahenda
501 4476 735 4534 diabolo
760 4495 870 4534 sua
896 4478 1181 4546 membra,
1213 4478 1298 4535 eis
1330 4479 1833 4547 reﬁciuntur,cum

1950 3324 2229 3389 (imorum,
2262 3324 2419 3394 quod
2460 3323 2569 3379 iste
2608 3323 2751 3379 dicit
2797 3322 3085 3389 absolute,
3122 3342 3150 3374 ι
3178 3321 3361 3393 hujus
3395 3343 3418 3370 ιι
3477 3318 3593 3375 alia

1948 3411 2257 3468 translatio
2289 3412 2484 3479 habet,
2516 3413 2697 3485 hujus
2727 3412 3106 3484 operationis,
3139 3415 3199 3468 et
3234 3426 3472 3467 necesse
3501 3412 3594 3465 est

1948 3505 2017 3557 ut
2045 3501 2129 3557 sis
2178 3524 2199 3551 ε
2237 3518 2482 3568 memor,
2516 3523 2544 3551 η
2590 3500 2730 3571 quia
2783 3520 2806 3549 ι
2839 3500 3136 3564 inimicus,
3171 3522 3199 3551 »
3248 3499 3307 3555 id
3351 3502 3461 3565 est,
3494 3497 3593 3553 ille

1946 3591 2230 3647 Judaicus
2260 3589 2515 3663 populus
2544 3611 2576 3643 cx
2606 3589 3039 3662 improperavit,
3077 3613 3099 3640 ι
3135 3589 3194 3643 id
3232 3592 3341 3653 est,
3374 3604 3590 3660 oppro-
3653 3644 3657 3647 τ

1948 3680 2079 3735 hria
2107 3679 2254 3735 dixit
2288 3700 2309 3728 ι
2343 3679 2590 3735 Domino
2626 3702 2647 3728 ι
2682 3684 2741 3735 et
2769 3678 2881 3734 hoc
2922 3694 3028 3750 per
3071 3676 3497 3750 insipientiam,
3534 3679 3593 3732 et

1948 3769 2057 3825 hoc
2087 3773 2176 3824 est
2210 3789 2234 3817 α
2266 3772 2324 3824 et
2360 3767 2613 3841 populus
2645 3767 2930 3840 incipiens
2966 3788 2995 3816 »
3027 3765 3393 3822 exacerbavit
3425 3789 3448 3818 ι
3480 3781 3589 3820 no-

1947 3874 2083 3913 men
2114 3862 2308 3923 tuum,
2338 3877 2364 3908 n
2394 3857 2453 3912 id
2484 3860 2594 3922 est,
2628 3853 2954 3929 provocavit
2983 3857 3040 3910 te
3068 3853 3141 3909 ad
3170 3852 3319 3909 iram
3352 3851 3592 3908 nobina-
3626 3864 3631 3869 '

1947 3946 2125 4002 bilem
2156 3945 2304 4018 (sic).
2337 3946 2482 4001 Cum
2514 3944 2658 4001 dicit
2684 3941 3200 4017 perinsipientiam
3229 3957 3330 3997 eos
3360 3957 3589 4014 peccas-

1948 4050 2030 4103 se,
2062 4038 2303 4091 excusat
2332 4050 2430 4090 eos
2460 4038 2518 4089 et
2547 4032 2755 4107 dignos
2785 4031 3045 4088 ostendit
3074 4029 3467 4087 miseratione.

2022 4150 2043 4178 ι
2076 4124 2157 4179 Ne
2187 4124 2405 4178 tradas.
2444 4146 2464 4173 ι
2490 4122 2689 4177 Tertia
2715 4138 2871 4193 pars.
2904 4119 3186 4176 Inimicus
3224 4118 3477 4192 pepulus
3508 4119 3591 4176 ita

1944 4213 2361 4285 improperavit
2389 4211 2657 4277 Domino,
2690 4211 2815 4276 sed,
2848 4227 2882 4265 ο
2913 4208 3179 4275 Domine,
3199 4207 3490 4281 quidquid
3513 4209 3593 4265 fa-

1945 4303 2065 4359 cias
2095 4302 2166 4356 de
2195 4300 2327 4356 aliis
2364 4320 2385 4347 ι
2421 4317 2493 4356 ne
2525 4300 2723 4355 tradas
2754 4296 2981 4365 bestiis,
3009 4322 3030 4351 ι
3069 4297 3129 4353 id
3158 4302 3250 4354 est
3278 4297 3510 4359 diabolo
3535 4301 3593 4353 et

1946 4390 2235 4446 ministris
2264 4390 2414 4461 ejus,
2453 4412 2474 4439 ι
2523 4387 2782 4443 animam
2831 4388 3206 4444 conﬁtentem
3256 4390 3314 4442 et
3360 4385 3590 4441 animas

1943 4494 2268 4551 pauperum
2290 4481 2527 4533 tuorum
2559 4474 3019 4547 ne§obliviscaris
3047 4475 3109 4530 in
3140 4475 3337 4538 tinem,
3364 4494 3386 4522 ι
3421 4471 3478 4527 id
3500 4476 3591 4528 est
3694 4518 3704 4525 .

194 4581 292 4621 eos
319 4566 431 4624 sibi
459 4567 840 4640 incorporant
872 4583 885 4623 :
918 4566 1004 4623 vel
1035 4567 1182 4639 ipsis
1232 4567 1715 4625 tribulationibus
1743 4587 1829 4627 re-
1867 4576 1914 4642 Ι)
1944 4566 2299 4633 omnimode,
2332 4567 2568 4639 quando
2598 4581 2936 4621 remuneres
2966 4581 3086 4630 eos,
3116 4561 3257 4634 quia
3299 4561 3586 4617 conﬁten-

194 4654 490 4722 ﬁciuntur,
522 4673 675 4729 quas
703 4654 973 4711 immittit
1001 4655 1086 4712 eis
1116 4656 1406 4713 diabolus.

263 4744 531 4802 Ostendit
558 4746 735 4801 etiam
784 4743 931 4801 alias
975 4744 1216 4811 salutes,
1252 4763 1399 4818 quas
1430 4745 1564 4801 fecit
1591 4747 1745 4803 Deus
1774 4748 1833 4803 in

195 4836 582 4901 mundo,cum
614 4833 828 4890 dicit:«
861 4837 923 4889 tu
947 4856 975 4882 n
997 4834 1171 4889 etiam
1198 4857 1226 4883 «
1254 4834 1560 4906 disrupisti
1577 4836 1786 4901 fontes,
1806 4860 1833 4886 »ι

193 4917 253 4975 id
281 4928 389 4987 est,
422 4924 472 4979 si
504 4922 722 4995 aliquis
753 4922 883 4977 fons
913 4921 1268 4993 impediebat
1296 4938 1499 4978 eorum
1530 4923 1659 4990 iter,
1674 4927 1736 4978 tu
1757 4926 1841 4980 di-

193 5008 397 5079 visisti,
430 5016 496 5068 ut
524 5010 695 5068 facile
731 5010 1177 5084 pertransirent,
1219 5034 1246 5059 ‹‹
1285 5015 1343 5066 et
1375 5016 1689 5079 torrentes,
1717 5032 1744 5065 ιι
1776 5013 1832 5069 id

194 5104 299 5165 est,
314 5100 365 5155 si
394 5101 943 5173 aliquaimpetuosa
968 5116 1122 5171 aqua
1142 5100 1497 5171 impediebat
1518 5103 1834 5158 transitum

193 5186 488 5257 eorum,tu
526 5210 549 5240 ι
565 5188 937 5261 disrupisti,»
958 5188 1017 5244 id
1041 5192 1148 5256 est,
1164 5205 1266 5261 per
1297 5189 1572 5246 minimos
1594 5191 1833 5260 rivulos,

196 5299 219 5327 σ
252 5280 312 5333 tu
344 5299 367 5327 ι
401 5279 581 5338 etiam
619 5302 641 5330 ε
666 5278 901 5335 siccasti
932 5279 1140 5335 ﬂuvios
1171 5278 1359 5334 Ethan
1395 5302 1416 5328 ι
1455 5284 1621 5335 terra:
1649 5280 1831 5349 illius,

188 5369 254 5421 ut
266 5367 603 5435 Jordanem,
618 5383 796 5441 quem
810 5367 964 5424 sicco
983 5369 1128 5441 pede
1152 5368 1533 5424 transierunt.
1557 5392 1577 5417 α
1595 5370 1783 5425 Ethan
1807 5392 1828 5419 ι

184 5453 606 5531 interpretatur
617 5458 1164 5530 robustus,perquod
1177 5456 1529 5531 intelligitur
1540 5458 1830 5529 diabolus;

181 5560 501 5617 possumus
530 5551 589 5605 et
605 5547 716 5603 hoc
745 5545 1068 5635 intelligere
1080 5546 1149 5601 ad
1165 5544 1505 5635 allegoriam
1528 5546 1628 5613 ita,
1643 5548 1832 5606 fontes

178 5638 234 5691 et
263 5640 559 5694 torrentes
577 5636 822 5701 «Ethan,
850 5656 872 5685 ι
900 5634 960 5689 id
991 5640 1080 5691 est
1108 5634 1826 5707 inundationesvitiornm,

1946 4660 2035 4712 tes
2067 4658 2208 4711 sunt
2235 4671 2539 4727 pauperes,
2572 4658 2631 4710 et
2661 4652 2790 4709 ideo
2821 4652 3000 4708 debes
3031 4666 3424 4708 remunerare.

2017 4744 2257 4817 Propter
2284 4743 2393 4799 hoc
2426 4761 2537 4799 non
2573 4743 2750 4798 debes
2782 4739 3066 4807 oblivisci,
3099 4740 3240 4813 quia
3270 4743 3333 4796 tu
3366 4737 3588 4813 promi-

1947 4832 2077 4888 sisti
2130 4830 2591 4888 misericordiam
2637 4828 3053 4886 conﬁtentibus
3099 4834 3177 4895 te,
3210 4833 3269 4886 et
3313 4829 3421 4885 hoc
3449 4831 3585 4884 est:

1953 4941 1975 4971 ι
2010 4921 2254 4994 Respice
2284 4920 2343 4974 in
2375 4924 2791 4975 testamentum
2826 4923 3016 4986 tuum,
3047 4938 3074 4971 ιι
3110 4918 3169 4974 id
3198 4922 3289 4975 est
3318 4919 3586 4973 sanctum

1945 5009 2343 5082 Evangelium,
2390 5012 2449 5064 et
2495 5026 2643 5081 opus
2694 5014 2784 5065 est
2830 5012 2897 5064 ut
2948 5007 3227 5079 respicias
3275 5003 3584 5078 promissa,

1945 5099 2085 5172 quia
2113 5103 2351 5172 propter
2380 5098 2591 5154 merita
2620 5115 2820 5154 eorum
2846 5115 2961 5153 non
2993 5096 3191 5159 facies,
3221 5114 3243 5141 κ
3277 5091 3414 5165 quia
3439 5114 3459 5139 ι
3488 5091 3587 5147 isti

1951 5212 1972 5239 ιι
2008 5188 2211 5262 repleti
2241 5193 2381 5246 sunt
2415 5214 2435 5241 ι
2473 5188 2786 5260 iniquitate
2821 5210 2842 5237 α
2878 5185 2977 5257 qui
3018 5182 3311 5239 obscurati
3361 5184 3522 5246 sunt,
3558 5203 3585 5228 ›»

1943 5277 2002 5334 id
2033 5282 2143 5345 est,
2176 5278 2440 5336 excaecati
2484 5281 2624 5332 sunt
2669 5276 2742 5330 ab
2795 5291 2906 5329 usu
2956 5269 3221 5336 rationis,
3258 5294 3278 5322 ι
3314 5266 3588 5326 domibus

1944 5372 2131 5434 terrae,
2159 5390 2181 5416 ι
2220 5368 2276 5422 id
2306 5370 2398 5424 est
2428 5364 2709 5438 corporali
2738 5359 3185 5425 habitatione,et
3214 5359 3322 5415 hoc
3351 5361 3590 5415 excusat

1942 5477 2042 5517 eos
2074 5460 2146 5514 de
2176 5474 2285 5512 sua
2314 5455 2591 5511 caecitate.

2013 5549 2148 5613 Et,o
2172 5544 2433 5607 Domine,
2455 5562 2476 5590 ι
2500 5559 2570 5596 ne
2591 5544 2885 5596 avertatur
2906 5536 3147 5593 humilis
3173 5562 3192 5587 ι
3217 5537 3437 5611 quitibi
3456 5555 3589 5612 sup-

1942 5637 2141 5711 plicat,
2180 5654 2202 5681 ι
2236 5633 2424 5688 factus
2448 5630 2727 5686 confusus
2766 5652 2786 5679 ο
2822 5628 2872 5684 si
2900 5645 3035 5684 eum
3067 5645 3101 5685 a
3149 5633 3204 5684 te
3252 5629 3586 5697 removeris,
