  <div class='ocr_page' id='page_1' title='image "/cluster/home/n/w/nwhite01/storage/ocr_20150623/116/hvd.32044054759808/229.png"; bbox 0 0 4080 6180; ppageno 0'>
   <div class='ocr_carea' id='block_1_1' title="bbox 515 330 634 391">
    <p class='ocr_par' dir='ltr' id='par_1_1' title="bbox 515 330 634 391">
     <span class='ocr_line' id='line_1_1' title="bbox 515 330 634 391; baseline -0.008 0"><span class='ocrx_word' id='word_1_1' title='bbox 515 330 634 391; x_wconf 70' lang='grc'><strong>447</strong></span> 
     </span>
    </p>
   </div>
   <div class='ocr_carea' id='block_1_2' title="bbox 936 323 3498 394">
    <p class='ocr_par' dir='ltr' id='par_1_2' title="bbox 936 323 3498 394">
     <span class='ocr_line' id='line_1_2' title="bbox 936 323 3498 394; baseline 0 -4"><span class='ocrx_word' id='word_1_2' title='bbox 936 328 1350 392; x_wconf 84' lang='lat' dir='ltr'><strong>HAYMONIS</strong></span> <span class='ocrx_word' id='word_1_3' title='bbox 1383 327 1927 391; x_wconf 79' lang='lat' dir='ltr'><strong>HALBERSTA’I‘.</strong></span> <span class='ocrx_word' id='word_1_4' title='bbox 1961 323 2206 389; x_wconf 83' lang='lat' dir='ltr'><strong>EPISC.</strong></span> <span class='ocrx_word' id='word_1_5' title='bbox 2239 325 2410 387; x_wconf 89' lang='lat' dir='ltr'><strong>OPP.</strong></span> <span class='ocrx_word' id='word_1_6' title='bbox 2444 328 2646 392; x_wconf 81' lang='lat' dir='ltr'><strong>PARS</strong></span> <span class='ocrx_word' id='word_1_7' title='bbox 2678 330 2726 391; x_wconf 89' lang='grc'><strong>1.</strong></span> <span class='ocrx_word' id='word_1_8' title='bbox 2757 364 2835 375; x_wconf 91' lang='grc'><strong>--</strong></span> <span class='ocrx_word' id='word_1_9' title='bbox 2864 330 3268 394; x_wconf 83' lang='lat' dir='ltr'><strong>COMMENT.</strong></span> <span class='ocrx_word' id='word_1_10' title='bbox 3300 331 3498 392; x_wconf 90' lang='lat' dir='ltr'><strong>BIBL.</strong></span> 
     </span>
    </p>
   </div>
   <div class='ocr_carea' id='block_1_3' title="bbox 3784 334 3897 395">
    <p class='ocr_par' dir='ltr' id='par_1_3' title="bbox 3784 334 3897 395">
     <span class='ocr_line' id='line_1_3' title="bbox 3784 334 3897 395; baseline 0 0"><span class='ocrx_word' id='word_1_11' title='bbox 3784 334 3897 395; x_wconf 70' lang='grc'><strong>448</strong></span> 
     </span>
    </p>
   </div>
   <div class='ocr_carea' id='block_1_4' title="bbox 518 460 3899 537">
    <p class='ocr_par' dir='ltr' id='par_1_4' title="bbox 518 460 3899 537">
     <span class='ocr_line' id='line_1_4' title="bbox 518 460 3899 537; baseline 0.001 -17"><span class='ocrx_word' id='word_1_12' title='bbox 518 480 628 521; x_wconf 81' lang='lat' dir='ltr'><strong>nec</strong></span> <span class='ocrx_word' id='word_1_13' title='bbox 651 463 828 520; x_wconf 85' lang='lat' dir='ltr'><strong>debes</strong></span> <span class='ocrx_word' id='word_1_14' title='bbox 858 461 1007 519; x_wconf 82' lang='lat' dir='ltr'><strong>tales</strong></span> <span class='ocrx_word' id='word_1_15' title='bbox 1034 479 1069 517; x_wconf 88' lang='lat' dir='ltr'><strong>a</strong></span> <span class='ocrx_word' id='word_1_16' title='bbox 1096 467 1153 520; x_wconf 87' lang='lat' dir='ltr'><strong>te</strong></span> <span class='ocrx_word' id='word_1_17' title='bbox 1181 478 1495 528; x_wconf 89' lang='lat' dir='ltr'><strong>removere,</strong></span> <span class='ocrx_word' id='word_1_18' title='bbox 1531 462 1670 535; x_wconf 88' lang='lat' dir='ltr'><strong>quia</strong></span> <span class='ocrx_word' id='word_1_19' title='bbox 1694 482 1720 513; x_wconf 54' lang='grc' dir='ltr'><strong>ιι</strong></span> <span class='ocrx_word' id='word_1_20' title='bbox 1754 477 1977 536; x_wconf 90' lang='lat' dir='ltr'><strong>pauper</strong></span> <span class='ocrx_word' id='word_1_21' title='bbox 2004 485 2028 517; x_wconf 75' lang='grc' dir='ltr'><strong>ι</strong></span> <span class='ocrx_word' id='word_1_22' title='bbox 2064 476 2165 516; x_wconf 89' lang='lat' dir='ltr'><strong>ve-</strong></span> <span class='ocrx_word' id='word_1_23' title='bbox 2194 460 2253 527; x_wconf 75' lang='grc' dir='ltr'><strong>Α</strong></span> <span class='ocrx_word' id='word_1_24' title='bbox 2278 463 2561 533; x_wconf 87' lang='lat' dir='ltr'><strong>procedit,</strong></span> <span class='ocrx_word' id='word_1_25' title='bbox 2593 462 2730 535; x_wconf 84' lang='lat' dir='ltr'><strong>quia</strong></span> <span class='ocrx_word' id='word_1_26' title='bbox 2765 462 2859 536; x_wconf 67' lang='lat' dir='ltr'><strong>qui</strong></span> <span class='ocrx_word' id='word_1_27' title='bbox 2891 481 3007 520; x_wconf 88' lang='lat' dir='ltr'><strong>non</strong></span> <span class='ocrx_word' id='word_1_28' title='bbox 3039 464 3287 531; x_wconf 83' lang='lat' dir='ltr'><strong>invocat,</strong></span> <span class='ocrx_word' id='word_1_29' title='bbox 3316 464 3494 537; x_wconf 92' lang='lat' dir='ltr'><strong>digne</strong></span> <span class='ocrx_word' id='word_1_30' title='bbox 3534 480 3768 521; x_wconf 80' lang='lat' dir='ltr'><strong>narrare</strong></span> <span class='ocrx_word' id='word_1_31' title='bbox 3792 483 3899 524; x_wconf 85' lang='lat' dir='ltr'><strong>non</strong></span> 
     </span>
    </p>
   </div>
   <div class='ocr_carea' id='block_1_5' title="bbox 408 551 2172 627">
    <p class='ocr_par' dir='ltr' id='par_1_5' title="bbox 408 551 2172 627">
     <span class='ocr_line' id='line_1_5' title="bbox 408 551 2172 627; baseline -0.003 -16"><span class='ocrx_word' id='word_1_32' title='bbox 408 607 419 611; x_wconf 87' lang='lat'><strong>-</strong></span> <span class='ocrx_word' id='word_1_33' title='bbox 528 569 630 611; x_wconf 81' lang='lat' dir='ltr'><strong>rus</strong></span> <span class='ocrx_word' id='word_1_34' title='bbox 658 573 682 605; x_wconf 74' lang='grc' dir='ltr'><strong><em>ι</em></strong></span> <span class='ocrx_word' id='word_1_35' title='bbox 716 558 774 611; x_wconf 87' lang='lat' dir='ltr'><strong>et</strong></span> <span class='ocrx_word' id='word_1_36' title='bbox 801 554 971 627; x_wconf 89' lang='lat' dir='ltr'><strong>iueps</strong></span> <span class='ocrx_word' id='word_1_37' title='bbox 1007 573 1028 604; x_wconf 73' lang='grc' dir='ltr'><strong>ι</strong></span> <span class='ocrx_word' id='word_1_38' title='bbox 1065 552 1162 626; x_wconf 88' lang='lat' dir='ltr'><strong>qui</strong></span> <span class='ocrx_word' id='word_1_39' title='bbox 1194 552 1339 608; x_wconf 82' lang='lat' dir='ltr'><strong>nihil</strong></span> <span class='ocrx_word' id='word_1_40' title='bbox 1372 553 1443 608; x_wconf 84' lang='lat' dir='ltr'><strong>de</strong></span> <span class='ocrx_word' id='word_1_41' title='bbox 1473 569 1535 608; x_wconf 86' lang='lat' dir='ltr'><strong>se</strong></span> <span class='ocrx_word' id='word_1_42' title='bbox 1567 551 1887 624; x_wconf 70' lang='lat' dir='ltr'><strong>praesumit,</strong></span> <span class='ocrx_word' id='word_1_43' title='bbox 1920 552 2020 607; x_wconf 89' lang='lat' dir='ltr'><strong>sed</strong></span> <span class='ocrx_word' id='word_1_44' title='bbox 2050 565 2172 605; x_wconf 91' lang='lat' dir='ltr'><strong>om-</strong></span> 
     </span>
    </p>
   </div>
   <div class='ocr_carea' id='block_1_6' title="bbox 523 640 2167 718">
    <p class='ocr_par' dir='ltr' id='par_1_6' title="bbox 523 640 2167 718">
     <span class='ocr_line' id='line_1_6' title="bbox 523 640 2167 718; baseline -0.005 -15"><span class='ocrx_word' id='word_1_45' title='bbox 523 646 623 703; x_wconf 75' lang='lat' dir='ltr'><strong>nia</strong></span> <span class='ocrx_word' id='word_1_46' title='bbox 653 651 766 702; x_wconf 89' lang='lat' dir='ltr'><strong>Deo</strong></span> <span class='ocrx_word' id='word_1_47' title='bbox 797 648 1050 718; x_wconf 78' lang='lat' dir='ltr'><strong>reputat,</strong></span> <span class='ocrx_word' id='word_1_48' title='bbox 1083 642 1309 698; x_wconf 85' lang='lat' dir='ltr'><strong>scilicet</strong></span> <span class='ocrx_word' id='word_1_49' title='bbox 1337 640 1619 711; x_wconf 88' lang='lat' dir='ltr'><strong>humilis;</strong></span> <span class='ocrx_word' id='word_1_50' title='bbox 1648 640 1749 697; x_wconf 91' lang='lat' dir='ltr'><strong>isti</strong></span> <span class='ocrx_word' id='word_1_51' title='bbox 1798 640 1944 697; x_wconf 89' lang='lat' dir='ltr'><strong>tales</strong></span> <span class='ocrx_word' id='word_1_52' title='bbox 1979 662 2000 690; x_wconf 76' lang='grc' dir='ltr'>ι</span> <span class='ocrx_word' id='word_1_53' title='bbox 2038 640 2167 695; x_wconf 90' lang='lat' dir='ltr'><strong>lau-</strong></span> 
     </span>
    </p>
   </div>
   <div class='ocr_carea' id='block_1_7' title="bbox 511 738 1271 794">
    <p class='ocr_par' dir='ltr' id='par_1_7' title="bbox 511 738 1271 794">
     <span class='ocr_line' id='line_1_7' title="bbox 511 738 1271 794; baseline -0.017 0"><span class='ocrx_word' id='word_1_54' title='bbox 511 738 740 794; x_wconf 84' lang='lat' dir='ltr'><strong>dabunt</strong></span> <span class='ocrx_word' id='word_1_55' title='bbox 773 750 987 790; x_wconf 90' lang='lat' dir='ltr'><strong>nomen</strong></span> <span class='ocrx_word' id='word_1_56' title='bbox 1020 738 1211 788; x_wconf 91' lang='lat' dir='ltr'><strong>tuum.</strong></span> <span class='ocrx_word' id='word_1_57' title='bbox 1249 753 1271 781; x_wconf 77' lang='grc' dir='ltr'><strong>ιι</strong></span> 
     </span>
    </p>
   </div>
   <div class='ocr_carea' id='block_1_8' title="bbox 584 821 2163 898">
    <p class='ocr_par' dir='ltr' id='par_1_8' title="bbox 584 821 2163 898">
     <span class='ocr_line' id='line_1_8' title="bbox 584 821 2163 898; baseline -0.004 -17"><span class='ocrx_word' id='word_1_58' title='bbox 584 827 655 881; x_wconf 91' lang='lat' dir='ltr'><strong>Et</strong></span> <span class='ocrx_word' id='word_1_59' title='bbox 686 827 924 898; x_wconf 78' lang='lat' dir='ltr'><strong>propter</strong></span> <span class='ocrx_word' id='word_1_60' title='bbox 952 823 1062 879; x_wconf 90' lang='lat' dir='ltr'><strong>hoc</strong></span> <span class='ocrx_word' id='word_1_61' title='bbox 1095 822 1271 877; x_wconf 89' lang='lat' dir='ltr'><strong>debes</strong></span> <span class='ocrx_word' id='word_1_62' title='bbox 1302 837 1632 891; x_wconf 80' lang='lat' dir='ltr'><strong>exsurgere,</strong></span> <span class='ocrx_word' id='word_1_63' title='bbox 1663 824 1722 876; x_wconf 92' lang='lat' dir='ltr'><strong>et</strong></span> <span class='ocrx_word' id='word_1_64' title='bbox 1758 821 1934 875; x_wconf 89' lang='lat' dir='ltr'><strong>etiam</strong></span> <span class='ocrx_word' id='word_1_65' title='bbox 1985 836 2163 892; x_wconf 90' lang='lat' dir='ltr'><strong>prep-</strong></span> 
     </span>
    </p>
   </div>
   <div class='ocr_carea' id='block_1_9' title="bbox 2316 555 2488 607">
    <p class='ocr_par' dir='ltr' id='par_1_9' title="bbox 2316 555 2488 607">
     <span class='ocr_line' id='line_1_9' title="bbox 2316 555 2488 607; baseline 0.006 -1"><span class='ocrx_word' id='word_1_66' title='bbox 2316 555 2488 607; x_wconf 86' lang='lat' dir='ltr'><strong>etest.</strong></span> 
     </span>
    </p>
   </div>
   <div class='ocr_carea' id='block_1_10' title="bbox 2275 567 3898 714">
    <p class='ocr_par' dir='ltr' id='par_1_10' title="bbox 2275 567 3898 714">
     <span class='ocr_line' id='line_1_10' title="bbox 2316 567 2488 607; baseline 0.006 -1"><span class='ocrx_word' id='word_1_67' title='bbox 2316 567 2488 607; x_wconf 67' lang='lat' dir='ltr'><strong>etesr.</strong></span> 
     </span>
     <span class='ocr_line' id='line_1_11' title="bbox 2275 567 3898 714; baseline 0.005 -20"><span class='ocrx_word' id='word_1_68' title='bbox 2275 567 2312 622; x_wconf 72' lang='grc' dir='ltr'>Ρ</span> <span class='ocrx_word' id='word_1_69' title='bbox 2350 639 2514 696; x_wconf 90' lang='lat' dir='ltr'><strong>Unde</strong></span> <span class='ocrx_word' id='word_1_70' title='bbox 2546 641 2809 697; x_wconf 83' lang='lat' dir='ltr'><strong>dicitur:</strong></span> <span class='ocrx_word' id='word_1_71' title='bbox 2863 668 2887 693; x_wconf 81' lang='grc'><strong>‹‹</strong></span> <span class='ocrx_word' id='word_1_72' title='bbox 2916 643 3040 699; x_wconf 87' lang='lat' dir='ltr'><strong>Non</strong></span> <span class='ocrx_word' id='word_1_73' title='bbox 3092 647 3184 698; x_wconf 89' lang='lat' dir='ltr'><strong>est</strong></span> <span class='ocrx_word' id='word_1_74' title='bbox 3229 642 3494 714; x_wconf 88' lang='lat' dir='ltr'><strong>speciosa</strong></span> <span class='ocrx_word' id='word_1_75' title='bbox 3538 641 3668 699; x_wconf 86' lang='lat' dir='ltr'><strong>laus</strong></span> <span class='ocrx_word' id='word_1_76' title='bbox 3711 643 3769 698; x_wconf 91' lang='lat' dir='ltr'><strong>in</strong></span> <span class='ocrx_word' id='word_1_77' title='bbox 3813 663 3898 702; x_wconf 83' lang='lat' dir='ltr'><strong>ore</strong></span> 
     </span>
    </p>
   </div>
   <div class='ocr_carea' id='block_1_11' title="bbox 2281 730 3898 807">
    <p class='ocr_par' dir='ltr' id='par_1_11' title="bbox 2281 730 3898 807">
     <span class='ocr_line' id='line_1_12' title="bbox 2281 730 3898 807; baseline 0.004 -24"><span class='ocrx_word' id='word_1_78' title='bbox 2281 730 2626 800; x_wconf 82' lang='lat' dir='ltr'><strong>peccatoris.</strong></span> <span class='ocrx_word' id='word_1_79' title='bbox 2657 753 2682 780; x_wconf 71' lang='grc' dir='ltr'><strong>η</strong></span> <span class='ocrx_word' id='word_1_80' title='bbox 2717 730 2821 787; x_wconf 82' lang='lat' dir='ltr'><strong>Hic</strong></span> <span class='ocrx_word' id='word_1_81' title='bbox 2851 734 3087 787; x_wconf 88' lang='lat' dir='ltr'><strong>notatur</strong></span> <span class='ocrx_word' id='word_1_82' title='bbox 3124 730 3181 786; x_wconf 91' lang='lat' dir='ltr'><strong>in</strong></span> <span class='ocrx_word' id='word_1_83' title='bbox 3230 730 3324 787; x_wconf 91' lang='lat' dir='ltr'><strong>his</strong></span> <span class='ocrx_word' id='word_1_84' title='bbox 3370 730 3562 787; x_wconf 88' lang='lat' dir='ltr'><strong>verbis</strong></span> <span class='ocrx_word' id='word_1_85' title='bbox 3603 731 3898 807; x_wconf 71' lang='lat' dir='ltr'><strong>Synagegie</strong></span> 
     </span>
    </p>
   </div>
   <div class='ocr_carea' id='block_1_12' title="bbox 2273 818 3896 892">
    <p class='ocr_par' dir='ltr' id='par_1_12' title="bbox 2273 818 3896 892">
     <span class='ocr_line' id='line_1_13' title="bbox 2273 818 3896 892; baseline 0.004 -19"><span class='ocrx_word' id='word_1_86' title='bbox 2273 818 2466 873; x_wconf 88' lang='lat' dir='ltr'><strong>omnis</strong></span> <span class='ocrx_word' id='word_1_87' title='bbox 2496 818 2721 890; x_wconf 77' lang='lat' dir='ltr'><strong>religio.</strong></span> <span class='ocrx_word' id='word_1_88' title='bbox 2755 844 2780 868; x_wconf 90' lang='grc'><strong><em>‹‹</em></strong></span> <span class='ocrx_word' id='word_1_89' title='bbox 2811 824 2951 876; x_wconf 89' lang='lat' dir='ltr'><strong>Cum</strong></span> <span class='ocrx_word' id='word_1_90' title='bbox 2983 837 3258 892; x_wconf 87' lang='lat' dir='ltr'><strong>accepero</strong></span> <span class='ocrx_word' id='word_1_91' title='bbox 3302 824 3561 892; x_wconf 78' lang='lat' dir='ltr'><strong>tempus.</strong></span> <span class='ocrx_word' id='word_1_92' title='bbox 3590 838 3615 865; x_wconf 73' lang='grc' dir='ltr'><strong>ν»</strong></span> <span class='ocrx_word' id='word_1_93' title='bbox 3645 820 3780 876; x_wconf 84' lang='lat' dir='ltr'><strong>Pars</strong></span> <span class='ocrx_word' id='word_1_94' title='bbox 3822 841 3896 880; x_wconf 81' lang='lat' dir='ltr'><strong>so-</strong></span> 
     </span>
    </p>
   </div>
   <div class='ocr_carea' id='block_1_13' title="bbox 508 908 3896 986">
    <p class='ocr_par' dir='ltr' id='par_1_13' title="bbox 508 908 3896 986">
     <span class='ocr_line' id='line_1_14' title="bbox 508 908 3896 986; baseline -0.002 -13"><span class='ocrx_word' id='word_1_95' title='bbox 508 920 599 973; x_wconf 91' lang='lat' dir='ltr'><strong>ter</strong></span> <span class='ocrx_word' id='word_1_96' title='bbox 655 916 785 979; x_wconf 88' lang='lat' dir='ltr'><strong>hoc,</strong></span> <span class='ocrx_word' id='word_1_97' title='bbox 836 913 975 986; x_wconf 87' lang='lat' dir='ltr'><strong>quia</strong></span> <span class='ocrx_word' id='word_1_98' title='bbox 1032 928 1210 966; x_wconf 85' lang='lat' dir='ltr'><strong>cansa</strong></span> <span class='ocrx_word' id='word_1_99' title='bbox 1271 914 1373 964; x_wconf 88' lang='lat' dir='ltr'><strong>tua</strong></span> <span class='ocrx_word' id='word_1_100' title='bbox 1431 910 1649 980; x_wconf 83' lang='lat' dir='ltr'><strong>agitur,</strong></span> <span class='ocrx_word' id='word_1_101' title='bbox 1702 912 1758 964; x_wconf 91' lang='lat' dir='ltr'><strong>et</strong></span> <span class='ocrx_word' id='word_1_102' title='bbox 1816 909 1926 963; x_wconf 90' lang='lat' dir='ltr'><strong>hoc</strong></span> <span class='ocrx_word' id='word_1_103' title='bbox 1971 912 2079 973; x_wconf 85' lang='lat' dir='ltr'><strong>est,</strong></span> <span class='ocrx_word' id='word_1_104' title='bbox 2126 925 2161 963; x_wconf 95' lang='lat' dir='ltr'><strong>o</strong></span> <span class='ocrx_word' id='word_1_105' title='bbox 2271 908 2483 963; x_wconf 87' lang='lat' dir='ltr'><strong>cunda.</strong></span> <span class='ocrx_word' id='word_1_106' title='bbox 2516 908 2586 963; x_wconf 87' lang='lat' dir='ltr'><strong>Et</strong></span> <span class='ocrx_word' id='word_1_107' title='bbox 2612 908 2694 963; x_wconf 83' lang='lat' dir='ltr'><strong>ita</strong></span> <span class='ocrx_word' id='word_1_108' title='bbox 2720 909 3021 981; x_wconf 87' lang='lat' dir='ltr'><strong>respondit</strong></span> <span class='ocrx_word' id='word_1_109' title='bbox 3049 910 3320 965; x_wconf 88' lang='lat' dir='ltr'><strong>Christus</strong></span> <span class='ocrx_word' id='word_1_110' title='bbox 3340 909 3631 965; x_wconf 90' lang='lat' dir='ltr'><strong>invocanti</strong></span> <span class='ocrx_word' id='word_1_111' title='bbox 3662 911 3896 982; x_wconf 76' lang='lat' dir='ltr'><strong>Synsgo-</strong></span> 
     </span>
    </p>
   </div>
   <div class='ocr_carea' id='block_1_14' title="bbox 514 997 2159 1074">
    <p class='ocr_par' dir='ltr' id='par_1_14' title="bbox 514 997 2159 1074">
     <span class='ocr_line' id='line_1_15' title="bbox 514 997 2159 1074; baseline -0.002 -18"><span class='ocrx_word' id='word_1_112' title='bbox 514 1029 535 1056; x_wconf 80' lang='grc' dir='ltr'>ι</span> <span class='ocrx_word' id='word_1_113' title='bbox 574 1007 749 1067; x_wconf 87' lang='lat' dir='ltr'><strong>Deus,</strong></span> <span class='ocrx_word' id='word_1_114' title='bbox 782 1026 803 1053; x_wconf 80' lang='grc' dir='ltr'>ι</span> <span class='ocrx_word' id='word_1_115' title='bbox 840 1001 939 1074; x_wconf 88' lang='lat' dir='ltr'><strong>qui</strong></span> <span class='ocrx_word' id='word_1_116' title='bbox 971 1001 1254 1055; x_wconf 76' lang='lat' dir='ltr'><strong>hactenus</strong></span> <span class='ocrx_word' id='word_1_117' title='bbox 1284 997 1496 1053; x_wconf 85' lang='lat' dir='ltr'><strong>videris</strong></span> <span class='ocrx_word' id='word_1_118' title='bbox 1529 998 1835 1063; x_wconf 85' lang='lat' dir='ltr'><strong>dormisse,</strong></span> <span class='ocrx_word' id='word_1_119' title='bbox 1871 999 2009 1052; x_wconf 88' lang='lat' dir='ltr'><strong>dum</strong></span> <span class='ocrx_word' id='word_1_120' title='bbox 2038 1014 2159 1068; x_wconf 81' lang='lat' dir='ltr'><strong>per-</strong></span> 
     </span>
    </p>
   </div>
   <div class='ocr_carea' id='block_1_15' title="bbox 2267 997 3894 1069">
    <p class='ocr_par' dir='ltr' id='par_1_15' title="bbox 2267 997 3894 1069">
     <span class='ocr_line' id='line_1_16' title="bbox 2267 997 3894 1069; baseline 0.004 -20"><span class='ocrx_word' id='word_1_121' title='bbox 2267 1013 2353 1069; x_wconf 70' lang='lat' dir='ltr'><strong>gae</strong></span> <span class='ocrx_word' id='word_1_122' title='bbox 2388 1014 2400 1051; x_wconf 89' lang='lat'>:</span> <span class='ocrx_word' id='word_1_123' title='bbox 2435 999 2523 1053; x_wconf 86' lang='lat' dir='ltr'><strong>Tu</strong></span> <span class='ocrx_word' id='word_1_124' title='bbox 2555 997 2722 1063; x_wconf 88' lang='lat' dir='ltr'><strong>dicis,</strong></span> <span class='ocrx_word' id='word_1_125' title='bbox 2756 1016 2778 1039; x_wconf 76' lang='grc' dir='ltr'>α</span> <span class='ocrx_word' id='word_1_126' title='bbox 2812 999 3243 1065; x_wconf 88' lang='lat' dir='ltr'><strong>confitebimur,</strong></span> <span class='ocrx_word' id='word_1_127' title='bbox 3276 1017 3301 1044; x_wconf 69' lang='grc' dir='ltr'>ι</span> <span class='ocrx_word' id='word_1_128' title='bbox 3330 1003 3392 1053; x_wconf 82' lang='lat' dir='ltr'><strong>et</strong></span> <span class='ocrx_word' id='word_1_129' title='bbox 3418 1001 3575 1054; x_wconf 87' lang='lat' dir='ltr'><strong>certe</strong></span> <span class='ocrx_word' id='word_1_130' title='bbox 3606 998 3757 1053; x_wconf 91' lang='lat' dir='ltr'><strong>bene</strong></span> <span class='ocrx_word' id='word_1_131' title='bbox 3784 1003 3894 1063; x_wconf 87' lang='lat' dir='ltr'><strong>tuo,</strong></span> 
     </span>
    </p>
   </div>
   <div class='ocr_carea' id='block_1_16' title="bbox 509 1086 3892 1161">
    <p class='ocr_par' dir='ltr' id='par_1_16' title="bbox 509 1086 3892 1161">
     <span class='ocr_line' id='line_1_17' title="bbox 509 1086 3892 1161; baseline -0.003 -10"><span class='ocrx_word' id='word_1_132' title='bbox 509 1095 696 1151; x_wconf 83' lang='lat' dir='ltr'><strong>mittis</strong></span> <span class='ocrx_word' id='word_1_133' title='bbox 723 1093 1097 1147; x_wconf 86' lang='lat' dir='ltr'><strong>inconverses</strong></span> <span class='ocrx_word' id='word_1_134' title='bbox 1117 1088 1369 1153; x_wconf 69' lang='lat' dir='ltr'><strong>Judmos,</strong></span> <span class='ocrx_word' id='word_1_135' title='bbox 1402 1104 1559 1141; x_wconf 89' lang='lat' dir='ltr'><strong>nunc</strong></span> <span class='ocrx_word' id='word_1_136' title='bbox 1596 1106 1617 1134; x_wconf 72' lang='grc' dir='ltr'>ι</span> <span class='ocrx_word' id='word_1_137' title='bbox 1660 1103 1926 1159; x_wconf 84' lang='lat' dir='ltr'><strong>exsurge,</strong></span> <span class='ocrx_word' id='word_1_138' title='bbox 1953 1087 2159 1157; x_wconf 87' lang='lat' dir='ltr'><strong>judica</strong></span> <span class='ocrx_word' id='word_1_139' title='bbox 2268 1090 2409 1157; x_wconf 86' lang='lat' dir='ltr'><strong>puta</strong></span> <span class='ocrx_word' id='word_1_140' title='bbox 2440 1103 2572 1141; x_wconf 89' lang='lat' dir='ltr'><strong>cum</strong></span> <span class='ocrx_word' id='word_1_141' title='bbox 2605 1103 2710 1159; x_wconf 86' lang='lat' dir='ltr'><strong>ego</strong></span> <span class='ocrx_word' id='word_1_142' title='bbox 2737 1104 3010 1160; x_wconf 81' lang='lat' dir='ltr'><strong>accepero</strong></span> <span class='ocrx_word' id='word_1_143' title='bbox 3041 1093 3298 1161; x_wconf 85' lang='lat' dir='ltr'><strong>tempus,</strong></span> <span class='ocrx_word' id='word_1_144' title='bbox 3332 1086 3391 1143; x_wconf 90' lang='lat' dir='ltr'><strong>id</strong></span> <span class='ocrx_word' id='word_1_145' title='bbox 3423 1092 3534 1152; x_wconf 89' lang='lat' dir='ltr'><strong>est,</strong></span> <span class='ocrx_word' id='word_1_146' title='bbox 3564 1089 3892 1159; x_wconf 89' lang='lat' dir='ltr'><strong>opportuni-</strong></span> 
     </span>
    </p>
   </div>
   <div class='ocr_carea' id='block_1_17' title="bbox 506 1175 2153 1245">
    <p class='ocr_par' dir='ltr' id='par_1_17' title="bbox 506 1175 2153 1245">
     <span class='ocr_line' id='line_1_18' title="bbox 506 1175 2153 1245; baseline -0.007 -5"><span class='ocrx_word' id='word_1_147' title='bbox 506 1198 749 1240; x_wconf 88' lang='lat' dir='ltr'><strong>causam</strong></span> <span class='ocrx_word' id='word_1_148' title='bbox 780 1184 964 1235; x_wconf 88' lang='lat' dir='ltr'><strong>tuam.</strong></span> <span class='ocrx_word' id='word_1_149' title='bbox 995 1197 1020 1226; x_wconf 72' lang='grc' dir='ltr'><strong>υ</strong></span> <span class='ocrx_word' id='word_1_150' title='bbox 1054 1178 1242 1231; x_wconf 82' lang='lat' dir='ltr'><strong>Causa</strong></span> <span class='ocrx_word' id='word_1_151' title='bbox 1272 1175 1427 1230; x_wconf 86' lang='lat' dir='ltr'><strong>enim</strong></span> <span class='ocrx_word' id='word_1_152' title='bbox 1459 1176 1654 1245; x_wconf 82' lang='lat' dir='ltr'><strong>agitur</strong></span> <span class='ocrx_word' id='word_1_153' title='bbox 1694 1179 1899 1230; x_wconf 90' lang='lat' dir='ltr'><strong>contra</strong></span> <span class='ocrx_word' id='word_1_154' title='bbox 1945 1176 2153 1239; x_wconf 89' lang='lat' dir='ltr'><strong>Deum,</strong></span> 
     </span>
    </p>
   </div>
   <div class='ocr_carea' id='block_1_18' title="bbox 2267 1175 3893 1249">
    <p class='ocr_par' dir='ltr' id='par_1_18' title="bbox 2267 1175 3893 1249">
     <span class='ocr_line' id='line_1_19' title="bbox 2267 1175 3893 1249; baseline 0.002 -20"><span class='ocrx_word' id='word_1_155' title='bbox 2267 1177 2445 1230; x_wconf 83' lang='lat' dir='ltr'><strong>tatem</strong></span> <span class='ocrx_word' id='word_1_156' title='bbox 2468 1175 2795 1247; x_wconf 85' lang='lat' dir='ltr'><strong>judicandi,</strong></span> <span class='ocrx_word' id='word_1_157' title='bbox 2817 1197 2840 1222; x_wconf 83' lang='lat'><strong>«</strong></span> <span class='ocrx_word' id='word_1_158' title='bbox 2865 1176 3146 1249; x_wconf 87' lang='lat' dir='ltr'><strong>judicabe</strong></span> <span class='ocrx_word' id='word_1_159' title='bbox 3168 1177 3438 1248; x_wconf 88' lang='lat' dir='ltr'><strong>justitias</strong></span> <span class='ocrx_word' id='word_1_160' title='bbox 3471 1195 3493 1224; x_wconf 77' lang='grc' dir='ltr'><strong>ι</strong></span> <span class='ocrx_word' id='word_1_161' title='bbox 3527 1177 3776 1232; x_wconf 81' lang='lat' dir='ltr'><strong>reddens</strong></span> <span class='ocrx_word' id='word_1_162' title='bbox 3804 1176 3893 1233; x_wconf 90' lang='lat' dir='ltr'><strong>tibi</strong></span> 
     </span>
    </p>
   </div>
   <div class='ocr_carea' id='block_1_19' title="bbox 507 1262 3332 1344">
    <p class='ocr_par' dir='ltr' id='par_1_19' title="bbox 507 1262 3332 1344">
     <span class='ocr_line' id='line_1_20' title="bbox 507 1262 3332 1344; baseline -0.002 -19"><span class='ocrx_word' id='word_1_163' title='bbox 507 1270 741 1344; x_wconf 85' lang='lat' dir='ltr'><strong>quando</strong></span> <span class='ocrx_word' id='word_1_164' title='bbox 787 1266 973 1323; x_wconf 64' lang='grc' dir='ltr'><strong>αι]ᾱωί</strong></span> <span class='ocrx_word' id='word_1_165' title='bbox 1024 1265 1425 1337; x_wconf 88' lang='lat' dir='ltr'><strong>improperant</strong></span> <span class='ocrx_word' id='word_1_166' title='bbox 1470 1264 1585 1319; x_wconf 92' lang='lat' dir='ltr'><strong>Deo</strong></span> <span class='ocrx_word' id='word_1_167' title='bbox 1621 1280 1632 1319; x_wconf 88' lang='lat'><strong>:</strong></span> <span class='ocrx_word' id='word_1_168' title='bbox 1672 1265 1821 1319; x_wconf 89' lang='lat' dir='ltr'><strong>hanc</strong></span> <span class='ocrx_word' id='word_1_169' title='bbox 1863 1262 2157 1335; x_wconf 88' lang='lat' dir='ltr'><strong>judicabit</strong></span> <span class='ocrx_word' id='word_1_170' title='bbox 2264 1280 2369 1335; x_wconf 89' lang='lat' dir='ltr'><strong>pro</strong></span> <span class='ocrx_word' id='word_1_171' title='bbox 2401 1264 2608 1320; x_wconf 91' lang='lat' dir='ltr'><strong>merito</strong></span> <span class='ocrx_word' id='word_1_172' title='bbox 2636 1268 2758 1331; x_wconf 90' lang='lat' dir='ltr'><strong>tuo,</strong></span> <span class='ocrx_word' id='word_1_173' title='bbox 2791 1270 2851 1322; x_wconf 90' lang='lat' dir='ltr'><strong>et</strong></span> <span class='ocrx_word' id='word_1_174' title='bbox 2879 1265 3010 1321; x_wconf 89' lang='lat' dir='ltr'><strong>aliis</strong></span> <span class='ocrx_word' id='word_1_175' title='bbox 3041 1264 3332 1321; x_wconf 85' lang='lat' dir='ltr'><strong>similiter.</strong></span> 
     </span>
    </p>
   </div>
   <div class='ocr_carea' id='block_1_20' title="bbox 506 1351 2155 1425">
    <p class='ocr_par' dir='ltr' id='par_1_20' title="bbox 506 1351 2155 1425">
     <span class='ocr_line' id='line_1_21' title="bbox 506 1351 2155 1425; baseline -0.004 -10"><span class='ocrx_word' id='word_1_176' title='bbox 506 1361 579 1416; x_wconf 92' lang='lat' dir='ltr'><strong>ad</strong></span> <span class='ocrx_word' id='word_1_177' title='bbox 611 1357 985 1414; x_wconf 90' lang='lat' dir='ltr'><strong>commodum</strong></span> <span class='ocrx_word' id='word_1_178' title='bbox 1017 1370 1191 1409; x_wconf 90' lang='lat' dir='ltr'><strong>suum</strong></span> <span class='ocrx_word' id='word_1_179' title='bbox 1224 1354 1398 1419; x_wconf 90' lang='lat' dir='ltr'><strong>Deus,</strong></span> <span class='ocrx_word' id='word_1_180' title='bbox 1433 1354 1479 1408; x_wconf 88' lang='lat' dir='ltr'><strong>si</strong></span> <span class='ocrx_word' id='word_1_181' title='bbox 1536 1354 1607 1408; x_wconf 92' lang='lat' dir='ltr'><strong>de</strong></span> <span class='ocrx_word' id='word_1_182' title='bbox 1655 1351 2015 1425; x_wconf 86' lang='lat' dir='ltr'><strong>blasphemis</strong></span> <span class='ocrx_word' id='word_1_183' title='bbox 2065 1353 2155 1408; x_wconf 79' lang='lat' dir='ltr'><strong>fa-</strong></span> 
     </span>
    </p>
   </div>
   <div class='ocr_carea' id='block_1_21' title="bbox 2335 1351 3893 1429">
    <p class='ocr_par' dir='ltr' id='par_1_21' title="bbox 2335 1351 3893 1429">
     <span class='ocr_line' id='line_1_22' title="bbox 2335 1351 3893 1429; baseline 0.001 -22"><span class='ocrx_word' id='word_1_184' title='bbox 2335 1351 2472 1409; x_wconf 92' lang='lat' dir='ltr'><strong>Dico</strong></span> <span class='ocrx_word' id='word_1_185' title='bbox 2505 1373 2528 1399; x_wconf 86' lang='grc'><strong>‹‹</strong></span> <span class='ocrx_word' id='word_1_186' title='bbox 2561 1370 2695 1409; x_wconf 90' lang='lat' dir='ltr'><strong>cum</strong></span> <span class='ocrx_word' id='word_1_187' title='bbox 2727 1372 2999 1427; x_wconf 91' lang='lat' dir='ltr'><strong>accepero</strong></span> <span class='ocrx_word' id='word_1_188' title='bbox 3027 1359 3283 1429; x_wconf 88' lang='lat' dir='ltr'><strong>tempus,</strong></span> <span class='ocrx_word' id='word_1_189' title='bbox 3315 1369 3343 1401; x_wconf 73' lang='grc' dir='ltr'><strong>ι</strong></span> <span class='ocrx_word' id='word_1_190' title='bbox 3372 1354 3514 1426; x_wconf 86' lang='lat' dir='ltr'><strong>quia</strong></span> <span class='ocrx_word' id='word_1_191' title='bbox 3543 1370 3692 1425; x_wconf 90' lang='lat' dir='ltr'><strong>opus</strong></span> <span class='ocrx_word' id='word_1_192' title='bbox 3720 1358 3812 1410; x_wconf 91' lang='lat' dir='ltr'><strong>est</strong></span> <span class='ocrx_word' id='word_1_193' title='bbox 3837 1360 3893 1410; x_wconf 85' lang='lat' dir='ltr'><strong>ut</strong></span> 
     </span>
    </p>
   </div>
   <div class='ocr_carea' id='block_1_22' title="bbox 500 1441 3895 1515">
    <p class='ocr_par' dir='ltr' id='par_1_22' title="bbox 500 1441 3895 1515">
     <span class='ocr_line' id='line_1_23' title="bbox 500 1441 3895 1515; baseline -0.002 -11"><span class='ocrx_word' id='word_1_194' title='bbox 500 1449 620 1505; x_wconf 87' lang='lat' dir='ltr'><strong>ciat</strong></span> <span class='ocrx_word' id='word_1_195' title='bbox 647 1447 1015 1502; x_wconf 87' lang='lat' dir='ltr'><strong>laudatores:</strong></span> <span class='ocrx_word' id='word_1_196' title='bbox 1051 1465 1079 1495; x_wconf 81' lang='grc' dir='ltr'><strong><em>α</em></strong></span> <span class='ocrx_word' id='word_1_197' title='bbox 1102 1444 1306 1515; x_wconf 86' lang='lat' dir='ltr'><strong>judica</strong></span> <span class='ocrx_word' id='word_1_198' title='bbox 1337 1462 1360 1486; x_wconf 73' lang='grc' dir='ltr'><strong>ν»</strong></span> <span class='ocrx_word' id='word_1_199' title='bbox 1393 1442 1523 1499; x_wconf 91' lang='lat' dir='ltr'><strong>dico</strong></span> <span class='ocrx_word' id='word_1_200' title='bbox 1570 1469 1593 1493; x_wconf 85' lang='lat'><strong>«</strong></span> <span class='ocrx_word' id='word_1_201' title='bbox 1628 1458 1889 1507; x_wconf 88' lang='lat' dir='ltr'><strong>causam,</strong></span> <span class='ocrx_word' id='word_1_202' title='bbox 1911 1470 1936 1496; x_wconf 77' lang='grc' dir='ltr'><strong>ιι</strong></span> <span class='ocrx_word' id='word_1_203' title='bbox 1989 1441 2152 1497; x_wconf 89' lang='lat' dir='ltr'><strong>seili-</strong></span> <span class='ocrx_word' id='word_1_204' title='bbox 2262 1441 2702 1515; x_wconf 83' lang='lat' dir='ltr'><strong>diil‘eram,quia</strong></span> <span class='ocrx_word' id='word_1_205' title='bbox 2733 1442 3895 1515; x_wconf 80' lang='lat' dir='ltr'><strong>hominessuntcerrupti,ctoportetpns-</strong></span> 
     </span>
    </p>
   </div>
   <div class='ocr_carea' id='block_1_23' title="bbox 503 1530 3893 1606">
    <p class='ocr_par' dir='ltr' id='par_1_23' title="bbox 503 1530 3893 1606">
     <span class='ocr_line' id='line_1_24' title="bbox 503 1530 3893 1606; baseline -0.001 -14"><span class='ocrx_word' id='word_1_206' title='bbox 503 1542 613 1603; x_wconf 86' lang='lat' dir='ltr'><strong>cet,</strong></span> <span class='ocrx_word' id='word_1_207' title='bbox 645 1564 674 1596; x_wconf 71' lang='grc' dir='ltr'><strong>α</strong></span> <span class='ocrx_word' id='word_1_208' title='bbox 703 1551 928 1592; x_wconf 90' lang='lat' dir='ltr'><strong>memor</strong></span> <span class='ocrx_word' id='word_1_209' title='bbox 956 1536 1079 1589; x_wconf 89' lang='lat' dir='ltr'><strong>este</strong></span> <span class='ocrx_word' id='word_1_210' title='bbox 1109 1531 1598 1604; x_wconf 89' lang='lat' dir='ltr'><strong>improperiorum</strong></span> <span class='ocrx_word' id='word_1_211' title='bbox 1629 1536 1903 1587; x_wconf 65' lang='lat' dir='ltr'><strong>tuorum»</strong></span> <span class='ocrx_word' id='word_1_212' title='bbox 1931 1530 2154 1587; x_wconf 87' lang='lat' dir='ltr'><strong>scilicet</strong></span> <span class='ocrx_word' id='word_1_213' title='bbox 2258 1530 2439 1587; x_wconf 89' lang='lat' dir='ltr'><strong>scitos</strong></span> <span class='ocrx_word' id='word_1_214' title='bbox 2472 1548 2577 1603; x_wconf 91' lang='lat' dir='ltr'><strong>per</strong></span> <span class='ocrx_word' id='word_1_215' title='bbox 2605 1532 3069 1590; x_wconf 88' lang='lat' dir='ltr'><strong>misericordiam</strong></span> <span class='ocrx_word' id='word_1_216' title='bbox 3100 1547 3463 1606; x_wconf 68' lang='lat' dir='ltr'><strong>praeparare:</strong></span> <span class='ocrx_word' id='word_1_217' title='bbox 3496 1534 3556 1588; x_wconf 88' lang='lat' dir='ltr'><strong>et</strong></span> <span class='ocrx_word' id='word_1_218' title='bbox 3580 1531 3893 1604; x_wconf 79' lang='lat' dir='ltr'><strong>corruptio-</strong></span> 
     </span>
    </p>
   </div>
   <div class='ocr_carea' id='block_1_24' title="bbox 497 1620 2152 1700">
    <p class='ocr_par' dir='ltr' id='par_1_24' title="bbox 497 1620 2152 1700">
     <span class='ocr_line' id='line_1_25' title="bbox 497 1620 2152 1700; baseline -0.004 -18"><span class='ocrx_word' id='word_1_219' title='bbox 497 1642 632 1700; x_wconf 69' lang='lat' dir='ltr'><strong>que:</strong></span> <span class='ocrx_word' id='word_1_220' title='bbox 689 1624 798 1681; x_wconf 83' lang='lat' dir='ltr'><strong>tibi</strong></span> <span class='ocrx_word' id='word_1_221' title='bbox 857 1621 1145 1694; x_wconf 86' lang='lat' dir='ltr'><strong>objiciunt</strong></span> <span class='ocrx_word' id='word_1_222' title='bbox 1212 1620 1422 1685; x_wconf 62' lang='lat' dir='ltr'><strong>Judai,</strong></span> <span class='ocrx_word' id='word_1_223' title='bbox 1480 1624 1539 1675; x_wconf 91' lang='lat' dir='ltr'><strong>et</strong></span> <span class='ocrx_word' id='word_1_224' title='bbox 1587 1621 1696 1675; x_wconf 95' lang='lat' dir='ltr'><strong>hec</strong></span> <span class='ocrx_word' id='word_1_225' title='bbox 1774 1620 2011 1691; x_wconf 86' lang='lat' dir='ltr'><strong>quidem</strong></span> <span class='ocrx_word' id='word_1_226' title='bbox 2064 1621 2152 1676; x_wconf 79' lang='lat' dir='ltr'><strong>fa-</strong></span> 
     </span>
    </p>
   </div>
   <div class='ocr_carea' id='block_1_25' title="bbox 496 1707 2148 1785">
    <p class='ocr_par' dir='ltr' id='par_1_25' title="bbox 496 1707 2148 1785">
     <span class='ocr_line' id='line_1_26' title="bbox 496 1707 2148 1785; baseline -0.004 -15"><span class='ocrx_word' id='word_1_227' title='bbox 496 1715 664 1771; x_wconf 83' lang='lat' dir='ltr'><strong>ciunt</strong></span> <span class='ocrx_word' id='word_1_228' title='bbox 710 1729 815 1785; x_wconf 89' lang='lat' dir='ltr'><strong>per</strong></span> <span class='ocrx_word' id='word_1_229' title='bbox 859 1709 1310 1783; x_wconf 87' lang='lat' dir='ltr'><strong>insipientiam:</strong></span> <span class='ocrx_word' id='word_1_230' title='bbox 1363 1712 1421 1764; x_wconf 90' lang='lat' dir='ltr'><strong>et</strong></span> <span class='ocrx_word' id='word_1_231' title='bbox 1472 1709 1582 1765; x_wconf 89' lang='lat' dir='ltr'><strong>hoc</strong></span> <span class='ocrx_word' id='word_1_232' title='bbox 1632 1707 1852 1774; x_wconf 90' lang='lat' dir='ltr'><strong>subdit,</strong></span> <span class='ocrx_word' id='word_1_233' title='bbox 1885 1725 1911 1751; x_wconf 72' lang='grc' dir='ltr'><strong><em>α</em></strong></span> <span class='ocrx_word' id='word_1_234' title='bbox 1943 1726 2148 1766; x_wconf 89' lang='lat' dir='ltr'><strong>eorum</strong></span> 
     </span>
    </p>
   </div>
   <div class='ocr_carea' id='block_1_26' title="bbox 2259 1619 3894 1693">
    <p class='ocr_par' dir='ltr' id='par_1_26' title="bbox 2259 1619 3894 1693">
     <span class='ocr_line' id='line_1_27' title="bbox 2259 1619 3894 1693; baseline 0.002 -19"><span class='ocrx_word' id='word_1_235' title='bbox 2259 1636 2392 1675; x_wconf 90' lang='lat' dir='ltr'><strong>nem</strong></span> <span class='ocrx_word' id='word_1_236' title='bbox 2446 1621 2751 1678; x_wconf 89' lang='lat' dir='ltr'><strong>hominum</strong></span> <span class='ocrx_word' id='word_1_237' title='bbox 2800 1622 3058 1679; x_wconf 82' lang='lat' dir='ltr'><strong>ostendit</strong></span> <span class='ocrx_word' id='word_1_238' title='bbox 3105 1623 3347 1679; x_wconf 87' lang='lat' dir='ltr'><strong>dicens:</strong></span> <span class='ocrx_word' id='word_1_239' title='bbox 3381 1648 3410 1679; x_wconf 74' lang='grc' dir='ltr'><strong>α</strong></span> <span class='ocrx_word' id='word_1_240' title='bbox 3442 1619 3789 1693; x_wconf 83' lang='lat' dir='ltr'><strong>Liquefacta</strong></span> <span class='ocrx_word' id='word_1_241' title='bbox 3812 1625 3894 1678; x_wconf 73' lang='lat' dir='ltr'><strong>est</strong></span> 
     </span>
    </p>
   </div>
   <div class='ocr_carea' id='block_1_27' title="bbox 2256 1708 3900 1783">
    <p class='ocr_par' dir='ltr' id='par_1_27' title="bbox 2256 1708 3900 1783">
     <span class='ocr_line' id='line_1_28' title="bbox 2256 1708 3900 1783; baseline 0.002 -20"><span class='ocrx_word' id='word_1_242' title='bbox 2256 1712 2433 1775; x_wconf 88' lang='lat' dir='ltr'><strong>terra,</strong></span> <span class='ocrx_word' id='word_1_243' title='bbox 2448 1739 2472 1765; x_wconf 69' lang='grc' dir='ltr'><strong>υ</strong></span> <span class='ocrx_word' id='word_1_244' title='bbox 2504 1708 2563 1765; x_wconf 90' lang='lat' dir='ltr'><strong>id</strong></span> <span class='ocrx_word' id='word_1_245' title='bbox 2595 1712 2916 1783; x_wconf 86' lang='lat' dir='ltr'><strong>est,ipsum</strong></span> <span class='ocrx_word' id='word_1_246' title='bbox 2943 1710 3304 1768; x_wconf 86' lang='lat' dir='ltr'><strong>elementum</strong></span> <span class='ocrx_word' id='word_1_247' title='bbox 3324 1714 3417 1766; x_wconf 88' lang='lat' dir='ltr'><strong>est</strong></span> <span class='ocrx_word' id='word_1_248' title='bbox 3435 1708 3822 1782; x_wconf 67' lang='lat' dir='ltr'><strong>liquefactum</strong></span> <span class='ocrx_word' id='word_1_249' title='bbox 3845 1713 3900 1767; x_wconf 66' lang='grc' dir='ltr'><strong>α</strong></span> 
     </span>
    </p>
   </div>
   <div class='ocr_carea' id='block_1_28' title="bbox 490 1797 2141 1894">
    <p class='ocr_par' dir='ltr' id='par_1_28' title="bbox 490 1797 2141 1876">
     <span class='ocr_line' id='line_1_29' title="bbox 490 1797 2141 1876; baseline -0.004 -16"><span class='ocrx_word' id='word_1_250' title='bbox 490 1801 986 1876; x_wconf 68' lang='grc' dir='ltr'><strong>ἱιηριιορθιυὶοιυιιω</strong></span> <span class='ocrx_word' id='word_1_251' title='bbox 1019 1820 1044 1846; x_wconf 78' lang='lat' dir='ltr'><strong>n</strong></span> <span class='ocrx_word' id='word_1_252' title='bbox 1078 1797 1228 1863; x_wconf 89' lang='lat' dir='ltr'><strong>dice,</strong></span> <span class='ocrx_word' id='word_1_253' title='bbox 1261 1828 1285 1852; x_wconf 76' lang='grc' dir='ltr'>α</span> <span class='ocrx_word' id='word_1_254' title='bbox 1312 1814 1441 1871; x_wconf 64' lang='lat' dir='ltr'><strong>qua;</strong></span> <span class='ocrx_word' id='word_1_255' title='bbox 1472 1802 1612 1854; x_wconf 90' lang='lat' dir='ltr'><strong>sunt</strong></span> <span class='ocrx_word' id='word_1_256' title='bbox 1641 1820 1664 1845; x_wconf 73' lang='grc' dir='ltr'><strong><em>η</em></strong></span> <span class='ocrx_word' id='word_1_257' title='bbox 1697 1797 1803 1854; x_wconf 88' lang='lat' dir='ltr'><strong>tibi</strong></span> <span class='ocrx_word' id='word_1_258' title='bbox 1838 1827 1862 1853; x_wconf 74' lang='grc' dir='ltr'><strong><em>α</em></strong></span> <span class='ocrx_word' id='word_1_259' title='bbox 1890 1800 2016 1854; x_wconf 89' lang='lat' dir='ltr'><strong>tota</strong></span> <span class='ocrx_word' id='word_1_260' title='bbox 2056 1797 2141 1854; x_wconf 85' lang='lat' dir='ltr'><strong>die</strong></span> 
     </span>
    </p>
   </div>
   <div class='ocr_carea' id='block_1_29' title="bbox 2256 1797 3897 1894">
    <p class='ocr_par' dir='ltr' id='par_1_29' title="bbox 2259 1797 3897 1894">
     <span class='ocr_line' id='line_1_30' title="bbox 2259 1797 3897 1894; baseline 0.002 -42"><span class='ocrx_word' id='word_1_261' title='bbox 2259 1802 2622 1894; x_wconf 80' lang='lat' dir='ltr'><strong>corruptum,</strong></span> <span class='ocrx_word' id='word_1_262' title='bbox 2657 1823 2680 1849; x_wconf 77' lang='grc' dir='ltr'><strong>α</strong></span> <span class='ocrx_word' id='word_1_263' title='bbox 2704 1805 2762 1855; x_wconf 92' lang='lat' dir='ltr'><strong>et</strong></span> <span class='ocrx_word' id='word_1_264' title='bbox 2793 1817 2999 1857; x_wconf 90' lang='lat' dir='ltr'><strong>omnes</strong></span> <span class='ocrx_word' id='word_1_265' title='bbox 3028 1817 3055 1844; x_wconf 67' lang='grc' dir='ltr'><strong><em>η</em></strong></span> <span class='ocrx_word' id='word_1_266' title='bbox 3087 1798 3357 1856; x_wconf 87' lang='lat' dir='ltr'><strong>homines</strong></span> <span class='ocrx_word' id='word_1_267' title='bbox 3384 1797 3683 1871; x_wconf 76' lang='lat' dir='ltr'><strong>liquefacti</strong></span> <span class='ocrx_word' id='word_1_268' title='bbox 3708 1801 3897 1855; x_wconf 65' lang='lat' dir='ltr'><strong>stoer</strong></span> 
     </span>
    </p>
   </div>
   <div class='ocr_carea' id='block_1_30' title="bbox 496 1886 1238 1963">
    <p class='ocr_par' dir='ltr' id='par_1_30' title="bbox 496 1886 1238 1963">
     <span class='ocr_line' id='line_1_31' title="bbox 496 1886 1238 1963; baseline -0.011 -13"><span class='ocrx_word' id='word_1_269' title='bbox 496 1893 571 1950; x_wconf 85' lang='lat' dir='ltr'><strong>ab</strong></span> <span class='ocrx_word' id='word_1_270' title='bbox 601 1889 918 1963; x_wconf 83' lang='lat' dir='ltr'><strong>insipiente</strong></span> <span class='ocrx_word' id='word_1_271' title='bbox 947 1907 974 1933; x_wconf 70' lang='grc' dir='ltr'><strong>υ</strong></span> <span class='ocrx_word' id='word_1_272' title='bbox 1001 1886 1238 1961; x_wconf 91' lang='lat' dir='ltr'><strong>populo.</strong></span> 
     </span>
    </p>
   </div>
   <div class='ocr_carea' id='block_1_31' title="bbox 568 1975 2140 2044">
    <p class='ocr_par' dir='ltr' id='par_1_31' title="bbox 568 1975 2140 2044">
     <span class='ocr_line' id='line_1_32' title="bbox 568 1975 2140 2044; baseline -0.006 -6"><span class='ocrx_word' id='word_1_273' title='bbox 568 1982 639 2038; x_wconf 76' lang='lat' dir='ltr'><strong>Et</strong></span> <span class='ocrx_word' id='word_1_274' title='bbox 668 2002 692 2026; x_wconf 80' lang='grc' dir='ltr'><strong>σι</strong></span> <span class='ocrx_word' id='word_1_275' title='bbox 724 1994 798 2036; x_wconf 87' lang='lat' dir='ltr'><strong>ne</strong></span> <span class='ocrx_word' id='word_1_276' title='bbox 826 1977 1190 2034; x_wconf 82' lang='lat' dir='ltr'><strong>obliviscaris</strong></span> <span class='ocrx_word' id='word_1_277' title='bbox 1214 1992 1387 2033; x_wconf 87' lang='lat' dir='ltr'><strong>voces</strong></span> <span class='ocrx_word' id='word_1_278' title='bbox 1415 1975 1793 2033; x_wconf 88' lang='lat' dir='ltr'><strong>inimicorum</strong></span> <span class='ocrx_word' id='word_1_279' title='bbox 1826 1980 2086 2044; x_wconf 89' lang='lat' dir='ltr'><strong>tuorum,</strong></span> <span class='ocrx_word' id='word_1_280' title='bbox 2110 1994 2140 2027; x_wconf 70' lang='grc' dir='ltr'><strong>ν)</strong></span> 
     </span>
    </p>
   </div>
   <div class='ocr_carea' id='block_1_32' title="bbox 489 2063 2143 2139">
    <p class='ocr_par' dir='ltr' id='par_1_32' title="bbox 489 2063 2143 2139">
     <span class='ocr_line' id='line_1_33' title="bbox 489 2063 2143 2139; baseline -0.004 -12"><span class='ocrx_word' id='word_1_281' title='bbox 489 2070 555 2127; x_wconf 82' lang='lat' dir='ltr'><strong>id</strong></span> <span class='ocrx_word' id='word_1_282' title='bbox 584 2073 696 2134; x_wconf 79' lang='lat' dir='ltr'><strong>est,</strong></span> <span class='ocrx_word' id='word_1_283' title='bbox 717 2080 888 2124; x_wconf 83' lang='lat' dir='ltr'><strong>voces</strong></span> <span class='ocrx_word' id='word_1_284' title='bbox 915 2068 978 2123; x_wconf 86' lang='lat' dir='ltr'><strong>et</strong></span> <span class='ocrx_word' id='word_1_285' title='bbox 1000 2079 1204 2139; x_wconf 83' lang='lat' dir='ltr'><strong>preces</strong></span> <span class='ocrx_word' id='word_1_286' title='bbox 1226 2080 1378 2139; x_wconf 86' lang='lat' dir='ltr'><strong>quas</strong></span> <span class='ocrx_word' id='word_1_287' title='bbox 1410 2065 1666 2121; x_wconf 82' lang='lat' dir='ltr'><strong>fundunt</strong></span> <span class='ocrx_word' id='word_1_288' title='bbox 1713 2063 1800 2120; x_wconf 85' lang='lat' dir='ltr'><strong>illi</strong></span> <span class='ocrx_word' id='word_1_289' title='bbox 1828 2065 1900 2122; x_wconf 88' lang='lat' dir='ltr'><strong>ad</strong></span> <span class='ocrx_word' id='word_1_290' title='bbox 1931 2068 2008 2131; x_wconf 89' lang='lat' dir='ltr'><strong>te,</strong></span> <span class='ocrx_word' id='word_1_291' title='bbox 2041 2064 2143 2138; x_wconf 86' lang='lat' dir='ltr'><strong>qui</strong></span> 
     </span>
    </p>
   </div>
   <div class='ocr_carea' id='block_1_33' title="bbox 497 2152 2144 2232">
    <p class='ocr_par' dir='ltr' id='par_1_33' title="bbox 497 2152 2144 2232">
     <span class='ocr_line' id='line_1_34' title="bbox 497 2152 2144 2232; baseline -0.002 -18"><span class='ocrx_word' id='word_1_292' title='bbox 497 2157 796 2232; x_wconf 87' lang='lat' dir='ltr'><strong>quendam</strong></span> <span class='ocrx_word' id='word_1_293' title='bbox 825 2156 1064 2212; x_wconf 66' lang='lat' dir='ltr'><strong>fuerunt</strong></span> <span class='ocrx_word' id='word_1_294' title='bbox 1088 2152 1315 2210; x_wconf 87' lang='lat' dir='ltr'><strong>inimici</strong></span> <span class='ocrx_word' id='word_1_295' title='bbox 1362 2154 1473 2210; x_wconf 87' lang='lat' dir='ltr'><strong>tui.</strong></span> <span class='ocrx_word' id='word_1_296' title='bbox 1504 2152 1634 2211; x_wconf 87' lang='lat' dir='ltr'><strong>Alia</strong></span> <span class='ocrx_word' id='word_1_297' title='bbox 1677 2153 1985 2209; x_wconf 86' lang='lat' dir='ltr'><strong>translatio</strong></span> <span class='ocrx_word' id='word_1_298' title='bbox 2034 2155 2144 2210; x_wconf 85' lang='lat' dir='ltr'><strong>ha-</strong></span> 
     </span>
    </p>
   </div>
   <div class='ocr_carea' id='block_1_34' title="bbox 488 2241 2147 2319">
    <p class='ocr_par' dir='ltr' id='par_1_34' title="bbox 488 2241 2147 2319">
     <span class='ocr_line' id='line_1_35' title="bbox 488 2241 2147 2319; baseline -0.003 -16"><span class='ocrx_word' id='word_1_299' title='bbox 488 2249 613 2314; x_wconf 68' lang='lat' dir='ltr'><strong>bet,</strong></span> <span class='ocrx_word' id='word_1_300' title='bbox 634 2243 1031 2319; x_wconf 79' lang='lat' dir='ltr'><strong>quaerentium</strong></span> <span class='ocrx_word' id='word_1_301' title='bbox 1079 2247 1156 2309; x_wconf 87' lang='lat' dir='ltr'><strong>te,</strong></span> <span class='ocrx_word' id='word_1_302' title='bbox 1196 2248 1255 2299; x_wconf 88' lang='lat' dir='ltr'><strong>et</strong></span> <span class='ocrx_word' id='word_1_303' title='bbox 1300 2260 1415 2299; x_wconf 91' lang='lat' dir='ltr'><strong>non</strong></span> <span class='ocrx_word' id='word_1_304' title='bbox 1464 2243 1637 2299; x_wconf 88' lang='lat' dir='ltr'><strong>debet</strong></span> <span class='ocrx_word' id='word_1_305' title='bbox 1680 2241 1964 2308; x_wconf 88' lang='lat' dir='ltr'><strong>oblivisci,</strong></span> <span class='ocrx_word' id='word_1_306' title='bbox 2013 2245 2147 2298; x_wconf 78' lang='lat' dir='ltr'><strong>tum</strong></span> 
     </span>
    </p>
   </div>
   <div class='ocr_carea' id='block_1_35' title="bbox 490 2330 2140 2410">
    <p class='ocr_par' dir='ltr' id='par_1_35' title="bbox 490 2330 2140 2410">
     <span class='ocr_line' id='line_1_36' title="bbox 490 2330 2140 2410; baseline -0.002 -20"><span class='ocrx_word' id='word_1_307' title='bbox 490 2339 819 2410; x_wconf 75' lang='lat' dir='ltr'><strong>propterea,</strong></span> <span class='ocrx_word' id='word_1_308' title='bbox 851 2332 991 2407; x_wconf 87' lang='lat' dir='ltr'><strong>quia</strong></span> <span class='ocrx_word' id='word_1_309' title='bbox 1020 2331 1116 2389; x_wconf 83' lang='lat' dir='ltr'><strong>isti</strong></span> <span class='ocrx_word' id='word_1_310' title='bbox 1144 2331 1374 2387; x_wconf 87' lang='lat' dir='ltr'><strong>inimici</strong></span> <span class='ocrx_word' id='word_1_311' title='bbox 1405 2331 1543 2388; x_wconf 80' lang='lat' dir='ltr'><strong>facti</strong></span> <span class='ocrx_word' id='word_1_312' title='bbox 1576 2330 1773 2397; x_wconf 88' lang='lat' dir='ltr'><strong>amici,</strong></span> <span class='ocrx_word' id='word_1_313' title='bbox 1791 2330 2049 2387; x_wconf 88' lang='lat' dir='ltr'><strong>clamant</strong></span> <span class='ocrx_word' id='word_1_314' title='bbox 2068 2332 2140 2387; x_wconf 87' lang='lat' dir='ltr'><strong>ad</strong></span> 
     </span>
    </p>
   </div>
   <div class='ocr_carea' id='block_1_36' title="bbox 486 2418 2141 2495">
    <p class='ocr_par' dir='ltr' id='par_1_36' title="bbox 486 2418 2141 2495">
     <span class='ocr_line' id='line_1_37' title="bbox 486 2418 2141 2495; baseline -0.005 -12"><span class='ocrx_word' id='word_1_315' title='bbox 486 2426 571 2494; x_wconf 70' lang='lat' dir='ltr'><strong>le,</strong></span> <span class='ocrx_word' id='word_1_316' title='bbox 604 2428 730 2480; x_wconf 69' lang='lat' dir='ltr'><strong>tum</strong></span> <span class='ocrx_word' id='word_1_317' title='bbox 763 2422 938 2479; x_wconf 87' lang='lat' dir='ltr'><strong>etiam</strong></span> <span class='ocrx_word' id='word_1_318' title='bbox 971 2424 1208 2495; x_wconf 90' lang='lat' dir='ltr'><strong>propter</strong></span> <span class='ocrx_word' id='word_1_319' title='bbox 1236 2420 1367 2486; x_wconf 90' lang='lat' dir='ltr'><strong>hoc,</strong></span> <span class='ocrx_word' id='word_1_320' title='bbox 1399 2419 1540 2492; x_wconf 89' lang='lat' dir='ltr'><strong>quia</strong></span> <span class='ocrx_word' id='word_1_321' title='bbox 1568 2419 1791 2474; x_wconf 84' lang='lat' dir='ltr'><strong>inimici</strong></span> <span class='ocrx_word' id='word_1_322' title='bbox 1839 2418 1946 2485; x_wconf 92' lang='lat' dir='ltr'><strong>tui,</strong></span> <span class='ocrx_word' id='word_1_323' title='bbox 1978 2419 2141 2475; x_wconf 88' lang='lat' dir='ltr'><strong>scili-</strong></span> 
     </span>
    </p>
   </div>
   <div class='ocr_carea' id='block_1_37' title="bbox 488 2507 2141 2583">
    <p class='ocr_par' dir='ltr' id='par_1_37' title="bbox 488 2507 2141 2583">
     <span class='ocr_line' id='line_1_38' title="bbox 488 2507 2141 2583; baseline -0.005 -10"><span class='ocrx_word' id='word_1_324' title='bbox 488 2519 585 2573; x_wconf 83' lang='lat' dir='ltr'><strong>cet</strong></span> <span class='ocrx_word' id='word_1_325' title='bbox 629 2511 898 2578; x_wconf 83' lang='lat' dir='ltr'><strong>Romani,</strong></span> <span class='ocrx_word' id='word_1_326' title='bbox 953 2510 1205 2583; x_wconf 89' lang='lat' dir='ltr'><strong>superbe</strong></span> <span class='ocrx_word' id='word_1_327' title='bbox 1252 2512 1435 2583; x_wconf 89' lang='lat' dir='ltr'><strong>agunt</strong></span> <span class='ocrx_word' id='word_1_328' title='bbox 1483 2512 1686 2565; x_wconf 84' lang='lat' dir='ltr'><strong>contra</strong></span> <span class='ocrx_word' id='word_1_329' title='bbox 1731 2507 1885 2575; x_wconf 91' lang='lat' dir='ltr'><strong>illos,</strong></span> <span class='ocrx_word' id='word_1_330' title='bbox 1936 2511 1996 2563; x_wconf 91' lang='lat' dir='ltr'><strong>et</strong></span> <span class='ocrx_word' id='word_1_331' title='bbox 2031 2509 2141 2564; x_wconf 90' lang='lat' dir='ltr'><strong>hoc</strong></span> 
     </span>
    </p>
   </div>
   <div class='ocr_carea' id='block_1_38' title="bbox 488 2597 2142 2675">
    <p class='ocr_par' dir='ltr' id='par_1_38' title="bbox 488 2597 2142 2675">
     <span class='ocr_line' id='line_1_39' title="bbox 488 2597 2142 2675; baseline -0.005 -13"><span class='ocrx_word' id='word_1_332' title='bbox 488 2609 627 2662; x_wconf 85' lang='lat' dir='ltr'><strong>est:</strong></span> <span class='ocrx_word' id='word_1_333' title='bbox 681 2627 705 2653; x_wconf 72' lang='grc' dir='ltr'><strong>α</strong></span> <span class='ocrx_word' id='word_1_334' title='bbox 755 2599 1033 2675; x_wconf 88' lang='lat' dir='ltr'><strong>superbia</strong></span> <span class='ocrx_word' id='word_1_335' title='bbox 1076 2615 1277 2655; x_wconf 89' lang='lat' dir='ltr'><strong>eorum</strong></span> <span class='ocrx_word' id='word_1_336' title='bbox 1327 2597 1425 2671; x_wconf 89' lang='lat' dir='ltr'><strong>qui</strong></span> <span class='ocrx_word' id='word_1_337' title='bbox 1474 2600 1529 2654; x_wconf 89' lang='lat' dir='ltr'><strong>te</strong></span> <span class='ocrx_word' id='word_1_338' title='bbox 1577 2598 1846 2663; x_wconf 88' lang='lat' dir='ltr'><strong>oderunt,</strong></span> <span class='ocrx_word' id='word_1_339' title='bbox 1877 2598 2142 2653; x_wconf 87' lang='lat' dir='ltr'><strong>ascendit</strong></span> 
     </span>
    </p>
   </div>
   <div class='ocr_carea' id='block_1_39' title="bbox 494 2685 1677 2767">
    <p class='ocr_par' dir='ltr' id='par_1_39' title="bbox 494 2685 1677 2767">
     <span class='ocr_line' id='line_1_40' title="bbox 494 2685 1677 2767; baseline -0.008 -16"><span class='ocrx_word' id='word_1_340' title='bbox 494 2710 731 2767; x_wconf 86' lang='lat' dir='ltr'><strong>semper</strong></span> <span class='ocrx_word' id='word_1_341' title='bbox 760 2709 784 2736; x_wconf 71' lang='grc' dir='ltr'><strong>υ</strong></span> <span class='ocrx_word' id='word_1_342' title='bbox 814 2688 1130 2748; x_wconf 87' lang='lat' dir='ltr'><strong>crescendo</strong></span> <span class='ocrx_word' id='word_1_343' title='bbox 1161 2686 1351 2761; x_wconf 87' lang='lat' dir='ltr'><strong>magis</strong></span> <span class='ocrx_word' id='word_1_344' title='bbox 1381 2689 1437 2743; x_wconf 90' lang='lat' dir='ltr'><strong>et</strong></span> <span class='ocrx_word' id='word_1_345' title='bbox 1466 2685 1677 2760; x_wconf 89' lang='lat' dir='ltr'><strong>magis.</strong></span> 
     </span>
    </p>
   </div>
   <div class='ocr_carea' id='block_1_40' title="bbox 948 2882 1690 2942">
    <p class='ocr_par' dir='ltr' id='par_1_40' title="bbox 948 2882 1690 2942">
     <span class='ocr_line' id='line_1_41' title="bbox 948 2882 1690 2942; baseline -0.008 0"><span class='ocrx_word' id='word_1_346' title='bbox 948 2885 1022 2942; x_wconf 84' lang='lat' dir='ltr'><strong>IN</strong></span> <span class='ocrx_word' id='word_1_347' title='bbox 1062 2883 1414 2942; x_wconf 87' lang='lat' dir='ltr'><strong>PSALMUM</strong></span> <span class='ocrx_word' id='word_1_348' title='bbox 1456 2882 1690 2939; x_wconf 87' lang='lat' dir='ltr'><strong>LXXIV.</strong></span> 
     </span>
    </p>
   </div>
   <div class='ocr_carea' id='block_1_41' title="bbox 670 2991 1960 3119">
    <p class='ocr_par' dir='ltr' id='par_1_41' title="bbox 670 2991 1960 3119">
     <span class='ocr_line' id='line_1_42' title="bbox 670 2991 1960 3065; baseline -0.007 -13"><span class='ocrx_word' id='word_1_349' title='bbox 670 2997 944 3054; x_wconf 72' lang='lat' dir='ltr'><strong>Trrunus.</strong></span> <span class='ocrx_word' id='word_1_350' title='bbox 979 2993 1041 3049; x_wconf 83' lang='lat' dir='ltr'><strong>In</strong></span> <span class='ocrx_word' id='word_1_351' title='bbox 1070 2994 1235 3065; x_wconf 82' lang='lat' dir='ltr'><strong>ﬁnem</strong></span> <span class='ocrx_word' id='word_1_352' title='bbox 1262 3007 1685 3063; x_wconf 79' lang='lat' dir='ltr'><strong>necorrumpas,</strong></span> <span class='ocrx_word' id='word_1_353' title='bbox 1715 2991 1960 3062; x_wconf 74' lang='lat' dir='ltr'><strong>psalmus</strong></span> 
     </span>
     <span class='ocr_line' id='line_1_43' title="bbox 1095 3062 1531 3119; baseline -0.007 0"><span class='ocrx_word' id='word_1_354' title='bbox 1095 3064 1297 3119; x_wconf 78' lang='lat' dir='ltr'><strong>cantici</strong></span> <span class='ocrx_word' id='word_1_355' title='bbox 1332 3062 1531 3119; x_wconf 80' lang='lat' dir='ltr'><strong>Asanh.</strong></span> 
     </span>
    </p>
   </div>
   <div class='ocr_carea' id='block_1_42' title="bbox 1095 3079 1531 3136">
    <p class='ocr_par' dir='ltr' id='par_1_42' title="bbox 1095 3079 1531 3136">
     <span class='ocr_line' id='line_1_44' title="bbox 1095 3079 1531 3136; baseline -0.009 -16"><span class='ocrx_word' id='word_1_356' title='bbox 1095 3079 1295 3120; x_wconf 77' lang='lat' dir='ltr'><strong>canna</strong></span> <span class='ocrx_word' id='word_1_357' title='bbox 1332 3079 1531 3136; x_wconf 68' lang='lat' dir='ltr'><strong>asapn.</strong></span> 
     </span>
    </p>
   </div>
   <div class='ocr_carea' id='block_1_43' title="bbox 2254 1884 3899 1962">
    <p class='ocr_par' dir='ltr' id='par_1_43' title="bbox 2254 1884 3899 1962">
     <span class='ocr_line' id='line_1_45' title="bbox 2254 1884 3899 1962; baseline 0.002 -22"><span class='ocrx_word' id='word_1_358' title='bbox 2254 1885 2411 1958; x_wconf 90' lang='lat' dir='ltr'><strong>rupti</strong></span> <span class='ocrx_word' id='word_1_359' title='bbox 2434 1903 2538 1959; x_wconf 88' lang='lat' dir='ltr'><strong>per</strong></span> <span class='ocrx_word' id='word_1_360' title='bbox 2555 1894 2815 1961; x_wconf 88' lang='lat' dir='ltr'><strong>peccata,</strong></span> <span class='ocrx_word' id='word_1_361' title='bbox 2833 1906 2857 1933; x_wconf 75' lang='grc' dir='ltr'><strong>α</strong></span> <span class='ocrx_word' id='word_1_362' title='bbox 2874 1888 2975 1962; x_wconf 89' lang='lat' dir='ltr'><strong>qui</strong></span> <span class='ocrx_word' id='word_1_363' title='bbox 2996 1887 3269 1944; x_wconf 88' lang='lat' dir='ltr'><strong>habitant</strong></span> <span class='ocrx_word' id='word_1_364' title='bbox 3293 1886 3357 1943; x_wconf 90' lang='lat' dir='ltr'><strong>in</strong></span> <span class='ocrx_word' id='word_1_365' title='bbox 3379 1903 3467 1953; x_wconf 89' lang='lat' dir='ltr'><strong>ea,</strong></span> <span class='ocrx_word' id='word_1_366' title='bbox 3482 1908 3508 1935; x_wconf 75' lang='grc' dir='ltr'>ιι</span> <span class='ocrx_word' id='word_1_367' title='bbox 3539 1884 3682 1958; x_wconf 85' lang='lat' dir='ltr'><strong>quia</strong></span> <span class='ocrx_word' id='word_1_368' title='bbox 3702 1902 3899 1943; x_wconf 77' lang='lat' dir='ltr'><strong>secun-</strong></span> 
     </span>
    </p>
   </div>
   <div class='ocr_carea' id='block_1_44' title="bbox 2250 1975 3897 2051">
    <p class='ocr_par' dir='ltr' id='par_1_44' title="bbox 2250 1975 3897 2051">
     <span class='ocr_line' id='line_1_46' title="bbox 2250 1975 3897 2051; baseline 0.001 -20"><span class='ocrx_word' id='word_1_369' title='bbox 2250 1975 2398 2032; x_wconf 89' lang='lat' dir='ltr'><strong>dum</strong></span> <span class='ocrx_word' id='word_1_370' title='bbox 2426 1977 2862 2051; x_wconf 89' lang='lat' dir='ltr'><strong>corruptionem</strong></span> <span class='ocrx_word' id='word_1_371' title='bbox 2890 1977 3219 2043; x_wconf 88' lang='lat' dir='ltr'><strong>hominum,</strong></span> <span class='ocrx_word' id='word_1_372' title='bbox 3250 1975 3382 2049; x_wconf 87' lang='lat' dir='ltr'><strong>ipsa</strong></span> <span class='ocrx_word' id='word_1_373' title='bbox 3422 1975 3734 2041; x_wconf 74' lang='lat' dir='ltr'><strong>elementa,</strong></span> <span class='ocrx_word' id='word_1_374' title='bbox 3783 1990 3897 2046; x_wconf 70' lang='lat' dir='ltr'><strong>qua</strong></span> 
     </span>
    </p>
   </div>
   <div class='ocr_carea' id='block_1_45' title="bbox 2246 2061 3897 2140">
    <p class='ocr_par' dir='ltr' id='par_1_45' title="bbox 2246 2061 3897 2140">
     <span class='ocr_line' id='line_1_47' title="bbox 2246 2061 3897 2140; baseline 0.002 -22"><span class='ocrx_word' id='word_1_375' title='bbox 2246 2062 2401 2137; x_wconf 84' lang='lat' dir='ltr'><strong>ipsis</strong></span> <span class='ocrx_word' id='word_1_376' title='bbox 2429 2066 2713 2131; x_wconf 85' lang='lat' dir='ltr'><strong>serviunt,</strong></span> <span class='ocrx_word' id='word_1_377' title='bbox 2746 2070 3229 2140; x_wconf 86' lang='lat' dir='ltr'><strong>corrumpuntur.</strong></span> <span class='ocrx_word' id='word_1_378' title='bbox 3258 2066 3440 2122; x_wconf 82' lang='lat' dir='ltr'><strong>Terra</strong></span> <span class='ocrx_word' id='word_1_379' title='bbox 3468 2061 3626 2121; x_wconf 70' lang='lat' dir='ltr'><strong>enim</strong></span> <span class='ocrx_word' id='word_1_380' title='bbox 3657 2062 3897 2122; x_wconf 77' lang='lat' dir='ltr'><strong>fertilior</strong></span> 
     </span>
    </p>
   </div>
   <div class='ocr_carea' id='block_1_46' title="bbox 2244 2152 3897 2229">
    <p class='ocr_par' dir='ltr' id='par_1_46' title="bbox 2244 2152 3897 2229">
     <span class='ocr_line' id='line_1_48' title="bbox 2244 2152 3897 2229; baseline 0.007 -21"><span class='ocrx_word' id='word_1_381' title='bbox 2244 2155 2311 2209; x_wconf 84' lang='lat' dir='ltr'><strong>et</strong></span> <span class='ocrx_word' id='word_1_382' title='bbox 2338 2169 2438 2208; x_wconf 89' lang='lat' dir='ltr'><strong>aer</strong></span> <span class='ocrx_word' id='word_1_383' title='bbox 2483 2153 2776 2212; x_wconf 81' lang='lat' dir='ltr'><strong>salubrior</strong></span> <span class='ocrx_word' id='word_1_384' title='bbox 2804 2155 2917 2212; x_wconf 72' lang='lat' dir='ltr'><strong>ﬂuit</strong></span> <span class='ocrx_word' id='word_1_385' title='bbox 2965 2156 3025 2212; x_wconf 90' lang='lat' dir='ltr'><strong>in</strong></span> <span class='ocrx_word' id='word_1_386' title='bbox 3056 2160 3319 2229; x_wconf 79' lang='lat' dir='ltr'><strong>tempore</strong></span> <span class='ocrx_word' id='word_1_387' title='bbox 3354 2152 3614 2227; x_wconf 75' lang='lat' dir='ltr'><strong>priorum</strong></span> <span class='ocrx_word' id='word_1_388' title='bbox 3644 2157 3897 2226; x_wconf 68' lang='lat' dir='ltr'><strong>patrum.</strong></span> 
     </span>
    </p>
   </div>
   <div class='ocr_carea' id='block_1_47' title="bbox 2246 2242 3899 2316">
    <p class='ocr_par' dir='ltr' id='par_1_47' title="bbox 2246 2242 3899 2316">
     <span class='ocr_line' id='line_1_49' title="bbox 2246 2242 3899 2316; baseline 0.001 -20"><span class='ocrx_word' id='word_1_389' title='bbox 2246 2242 2407 2314; x_wconf 89' lang='lat' dir='ltr'><strong>quod</strong></span> <span class='ocrx_word' id='word_1_390' title='bbox 2435 2259 2505 2299; x_wconf 85' lang='lat' dir='ltr'><strong>ex</strong></span> <span class='ocrx_word' id='word_1_391' title='bbox 2536 2244 2926 2303; x_wconf 83' lang='lat' dir='ltr'><strong>diuturnitate</strong></span> <span class='ocrx_word' id='word_1_392' title='bbox 2953 2246 3084 2302; x_wconf 73' lang='lat' dir='ltr'><strong>vita:</strong></span> <span class='ocrx_word' id='word_1_393' title='bbox 3106 2261 3310 2301; x_wconf 90' lang='lat' dir='ltr'><strong>eorum</strong></span> <span class='ocrx_word' id='word_1_394' title='bbox 3344 2246 3537 2316; x_wconf 87' lang='lat' dir='ltr'><strong>potest</strong></span> <span class='ocrx_word' id='word_1_395' title='bbox 3566 2242 3899 2315; x_wconf 62' lang='lat' dir='ltr'><strong>comprobe</strong></span> 
     </span>
    </p>
   </div>
   <div class='ocr_carea' id='block_1_48' title="bbox 2249 2330 3899 2408">
    <p class='ocr_par' dir='ltr' id='par_1_48' title="bbox 2249 2330 3899 2408">
     <span class='ocr_line' id='line_1_50' title="bbox 2249 2330 3899 2408; baseline 0.004 -24"><span class='ocrx_word' id='word_1_396' title='bbox 2249 2330 2300 2385; x_wconf 91' lang='lat' dir='ltr'><strong>ri</strong></span> <span class='ocrx_word' id='word_1_397' title='bbox 2332 2344 2346 2385; x_wconf 91' lang='lat'><strong>:</strong></span> <span class='ocrx_word' id='word_1_398' title='bbox 2380 2331 2649 2389; x_wconf 86' lang='lat' dir='ltr'><strong>homines</strong></span> <span class='ocrx_word' id='word_1_399' title='bbox 2679 2333 2904 2391; x_wconf 89' lang='lat' dir='ltr'><strong>scilicet</strong></span> <span class='ocrx_word' id='word_1_400' title='bbox 2929 2334 3227 2408; x_wconf 81' lang='lat' dir='ltr'><strong>liquefacti</strong></span> <span class='ocrx_word' id='word_1_401' title='bbox 3259 2335 3417 2400; x_wconf 80' lang='lat' dir='ltr'><strong>sunt,</strong></span> <span class='ocrx_word' id='word_1_402' title='bbox 3432 2331 3536 2389; x_wconf 87' lang='lat' dir='ltr'><strong>sed</strong></span> <span class='ocrx_word' id='word_1_403' title='bbox 3559 2351 3585 2376; x_wconf 76' lang='grc' dir='ltr'>α</span> <span class='ocrx_word' id='word_1_404' title='bbox 3614 2346 3723 2403; x_wconf 83' lang='lat' dir='ltr'><strong>ego</strong></span> <span class='ocrx_word' id='word_1_405' title='bbox 3756 2354 3785 2381; x_wconf 69' lang='grc' dir='ltr'><strong><em>ι</em></strong></span> <span class='ocrx_word' id='word_1_406' title='bbox 3806 2346 3899 2403; x_wconf 64' lang='grc' dir='ltr'><strong>ι).</strong></span> 
     </span>
    </p>
   </div>
   <div class='ocr_carea' id='block_1_49' title="bbox 2247 2418 3899 2490">
    <p class='ocr_par' dir='ltr' id='par_1_49' title="bbox 2247 2418 3899 2490">
     <span class='ocr_line' id='line_1_51' title="bbox 2247 2418 3899 2490; baseline 0.002 -17"><span class='ocrx_word' id='word_1_407' title='bbox 2247 2418 2711 2479; x_wconf 88' lang='lat' dir='ltr'><strong>misericordiam</strong></span> <span class='ocrx_word' id='word_1_408' title='bbox 2762 2424 2861 2480; x_wconf 88' lang='lat' dir='ltr'><strong>Dei</strong></span> <span class='ocrx_word' id='word_1_409' title='bbox 2903 2440 2929 2466; x_wconf 73' lang='grc' dir='ltr'><strong><em>κ</em></strong></span> <span class='ocrx_word' id='word_1_410' title='bbox 2962 2422 3301 2480; x_wconf 79' lang='lat' dir='ltr'><strong>confirmavi</strong></span> <span class='ocrx_word' id='word_1_411' title='bbox 3350 2420 3658 2478; x_wconf 79' lang='lat' dir='ltr'><strong>columnas</strong></span> <span class='ocrx_word' id='word_1_412' title='bbox 3710 2420 3845 2490; x_wconf 73' lang='lat' dir='ltr'><strong>ejus</strong></span> <span class='ocrx_word' id='word_1_413' title='bbox 3872 2441 3899 2469; x_wconf 69' lang='grc' dir='ltr'><strong>ν</strong></span> 
     </span>
    </p>
   </div>
   <div class='ocr_carea' id='block_1_50' title="bbox 2242 2506 3897 2586">
    <p class='ocr_par' dir='ltr' id='par_1_50' title="bbox 2242 2506 3897 2586">
     <span class='ocr_line' id='line_1_52' title="bbox 2242 2506 3897 2586; baseline 0.001 -24"><span class='ocrx_word' id='word_1_414' title='bbox 2242 2511 2437 2575; x_wconf 65' lang='lat' dir='ltr'><strong>terrai,</strong></span> <span class='ocrx_word' id='word_1_415' title='bbox 2469 2509 2529 2565; x_wconf 88' lang='lat' dir='ltr'><strong>id</strong></span> <span class='ocrx_word' id='word_1_416' title='bbox 2558 2516 2650 2567; x_wconf 90' lang='lat' dir='ltr'><strong>est</strong></span> <span class='ocrx_word' id='word_1_417' title='bbox 2678 2517 2915 2570; x_wconf 89' lang='lat' dir='ltr'><strong>sanctos</strong></span> <span class='ocrx_word' id='word_1_418' title='bbox 2945 2510 3383 2586; x_wconf 87' lang='lat' dir='ltr'><strong>aposteles,qui</strong></span> <span class='ocrx_word' id='word_1_419' title='bbox 3414 2508 3597 2567; x_wconf 88' lang='lat' dir='ltr'><strong>totius</strong></span> <span class='ocrx_word' id='word_1_420' title='bbox 3626 2506 3897 2565; x_wconf 67' lang='lat' dir='ltr'><strong>Ecclesia</strong></span> 
     </span>
    </p>
   </div>
   <div class='ocr_carea' id='block_1_51' title="bbox 2248 2595 3897 2673">
    <p class='ocr_par' dir='ltr' id='par_1_51' title="bbox 2248 2595 3897 2673">
     <span class='ocr_line' id='line_1_53' title="bbox 2248 2595 3897 2673; baseline 0 -21"><span class='ocrx_word' id='word_1_421' title='bbox 2248 2601 2390 2653; x_wconf 89' lang='lat' dir='ltr'><strong>sunt</strong></span> <span class='ocrx_word' id='word_1_422' title='bbox 2419 2600 2914 2667; x_wconf 89' lang='lat' dir='ltr'><strong>sustentaculum,</strong></span> <span class='ocrx_word' id='word_1_423' title='bbox 2946 2605 3007 2657; x_wconf 90' lang='lat' dir='ltr'><strong>et</strong></span> <span class='ocrx_word' id='word_1_424' title='bbox 3037 2617 3140 2673; x_wconf 91' lang='lat' dir='ltr'><strong>per</strong></span> <span class='ocrx_word' id='word_1_425' title='bbox 3168 2599 3303 2656; x_wconf 87' lang='lat' dir='ltr'><strong>illos</strong></span> <span class='ocrx_word' id='word_1_426' title='bbox 3333 2599 3719 2671; x_wconf 86' lang='lat' dir='ltr'><strong>acquirentur</strong></span> <span class='ocrx_word' id='word_1_427' title='bbox 3748 2595 3897 2653; x_wconf 79' lang='lat' dir='ltr'><strong>mul-</strong></span> 
     </span>
    </p>
   </div>
   <div class='ocr_carea' id='block_1_52' title="bbox 2246 2684 3716 2763">
    <p class='ocr_par' dir='ltr' id='par_1_52' title="bbox 2246 2684 3716 2763">
     <span class='ocr_line' id='line_1_54' title="bbox 2246 2684 3716 2763; baseline 0.001 -22"><span class='ocrx_word' id='word_1_428' title='bbox 2246 2684 2315 2751; x_wconf 91' lang='lat' dir='ltr'><strong>ti,</strong></span> <span class='ocrx_word' id='word_1_429' title='bbox 2348 2686 2451 2758; x_wconf 89' lang='lat' dir='ltr'><strong>qui</strong></span> <span class='ocrx_word' id='word_1_430' title='bbox 2483 2688 2645 2762; x_wconf 86' lang='lat' dir='ltr'><strong>digni</strong></span> <span class='ocrx_word' id='word_1_431' title='bbox 2675 2695 2850 2747; x_wconf 91' lang='lat' dir='ltr'><strong>erunt</strong></span> <span class='ocrx_word' id='word_1_432' title='bbox 2878 2690 2937 2745; x_wconf 88' lang='lat' dir='ltr'><strong>in</strong></span> <span class='ocrx_word' id='word_1_433' title='bbox 2963 2689 3188 2763; x_wconf 80' lang='lat' dir='ltr'><strong>judicio</strong></span> <span class='ocrx_word' id='word_1_434' title='bbox 3217 2687 3716 2745; x_wconf 84' lang='lat' dir='ltr'><strong>remuneratione.</strong></span> 
     </span>
    </p>
   </div>
   <div class='ocr_carea' id='block_1_53' title="bbox 2321 2774 3896 2852">
    <p class='ocr_par' dir='ltr' id='par_1_53' title="bbox 2321 2774 3896 2852">
     <span class='ocr_line' id='line_1_55' title="bbox 2321 2774 3896 2852; baseline 0 -22"><span class='ocrx_word' id='word_1_435' title='bbox 2321 2804 2346 2829; x_wconf 76' lang='grc' dir='ltr'><strong><em>α</em></strong></span> <span class='ocrx_word' id='word_1_436' title='bbox 2377 2775 2728 2835; x_wconf 81' lang='lat' dir='ltr'><strong>Confirmavi</strong></span> <span class='ocrx_word' id='word_1_437' title='bbox 2754 2779 3082 2844; x_wconf 90' lang='lat' dir='ltr'><strong>columnas,</strong></span> <span class='ocrx_word' id='word_1_438' title='bbox 3115 2797 3141 2823; x_wconf 75' lang='grc' dir='ltr'><strong>η</strong></span> <span class='ocrx_word' id='word_1_439' title='bbox 3173 2782 3234 2835; x_wconf 89' lang='lat' dir='ltr'><strong>et</strong></span> <span class='ocrx_word' id='word_1_440' title='bbox 3261 2794 3364 2852; x_wconf 85' lang='lat' dir='ltr'><strong>per</strong></span> <span class='ocrx_word' id='word_1_441' title='bbox 3393 2775 3527 2832; x_wconf 80' lang='lat' dir='ltr'><strong>illas</strong></span> <span class='ocrx_word' id='word_1_442' title='bbox 3556 2796 3582 2822; x_wconf 80' lang='grc' dir='ltr'>α</span> <span class='ocrx_word' id='word_1_443' title='bbox 3613 2775 3742 2831; x_wconf 78' lang='lat' dir='ltr'><strong>dixi</strong></span> <span class='ocrx_word' id='word_1_444' title='bbox 3789 2774 3896 2830; x_wconf 85' lang='lat' dir='ltr'><strong>ini-</strong></span> 
     </span>
    </p>
   </div>
   <div class='ocr_carea' id='block_1_54' title="bbox 2244 2861 3897 2941">
    <p class='ocr_par' dir='ltr' id='par_1_54' title="bbox 2244 2861 3897 2941">
     <span class='ocr_line' id='line_1_56' title="bbox 2244 2861 3897 2941; baseline 0 -23"><span class='ocrx_word' id='word_1_445' title='bbox 2244 2861 2407 2934; x_wconf 89' lang='lat' dir='ltr'><strong>quis:</strong></span> <span class='ocrx_word' id='word_1_446' title='bbox 2426 2865 2612 2923; x_wconf 87' lang='lat' dir='ltr'><strong>Nolite</strong></span> <span class='ocrx_word' id='word_1_447' title='bbox 2640 2866 2841 2941; x_wconf 91' lang='lat' dir='ltr'><strong>inique</strong></span> <span class='ocrx_word' id='word_1_448' title='bbox 2869 2883 3041 2941; x_wconf 89' lang='lat' dir='ltr'><strong>agere</strong></span> <span class='ocrx_word' id='word_1_449' title='bbox 3056 2885 3070 2937; x_wconf 91' lang='lat'><strong>;</strong></span> <span class='ocrx_word' id='word_1_450' title='bbox 3084 2872 3144 2924; x_wconf 92' lang='lat' dir='ltr'><strong>et</strong></span> <span class='ocrx_word' id='word_1_451' title='bbox 3163 2864 3646 2939; x_wconf 86' lang='lat' dir='ltr'><strong>delinquentibus</strong></span> <span class='ocrx_word' id='word_1_452' title='bbox 3658 2883 3687 2909; x_wconf 74' lang='grc'><strong>»</strong></span> <span class='ocrx_word' id='word_1_453' title='bbox 3700 2862 3897 2921; x_wconf 82' lang='lat' dir='ltr'><strong>contra</strong></span> 
     </span>
    </p>
   </div>
   <div class='ocr_carea' id='block_1_55' title="bbox 2244 2953 3889 3026">
    <p class='ocr_par' dir='ltr' id='par_1_55' title="bbox 2244 2953 3889 3026">
     <span class='ocr_line' id='line_1_57' title="bbox 2244 2953 3889 3026; baseline 0.002 -20"><span class='ocrx_word' id='word_1_454' title='bbox 2244 2958 2537 3026; x_wconf 60' lang='lat' dir='ltr'><strong>praecepta</strong></span> <span class='ocrx_word' id='word_1_455' title='bbox 2565 2972 2697 3013; x_wconf 89' lang='lat' dir='ltr'><strong>mea</strong></span> <span class='ocrx_word' id='word_1_456' title='bbox 2721 2957 2840 3012; x_wconf 85' lang='lat' dir='ltr'><strong>dixi</strong></span> <span class='ocrx_word' id='word_1_457' title='bbox 2867 2957 2988 3012; x_wconf 70' lang='lat' dir='ltr'><strong>haec</strong></span> <span class='ocrx_word' id='word_1_458' title='bbox 3022 2973 3036 3012; x_wconf 91' lang='lat'><strong>:</strong></span> <span class='ocrx_word' id='word_1_459' title='bbox 3072 2974 3096 2999; x_wconf 72' lang='grc' dir='ltr'><strong><em>α</em></strong></span> <span class='ocrx_word' id='word_1_460' title='bbox 3129 2955 3320 3012; x_wconf 88' lang='lat' dir='ltr'><strong>Nolite</strong></span> <span class='ocrx_word' id='word_1_461' title='bbox 3345 2953 3600 3012; x_wconf 88' lang='lat' dir='ltr'><strong>exaltare</strong></span> <span class='ocrx_word' id='word_1_462' title='bbox 3638 2970 3889 3014; x_wconf 79' lang='lat' dir='ltr'><strong>cornu.»</strong></span> 
     </span>
    </p>
   </div>
   <div class='ocr_carea' id='block_1_56' title="bbox 2246 3037 3890 3116">
    <p class='ocr_par' dir='ltr' id='par_1_56' title="bbox 2246 3037 3890 3116">
     <span class='ocr_line' id='line_1_58' title="bbox 2246 3037 3890 3116; baseline 0.001 -23"><span class='ocrx_word' id='word_1_463' title='bbox 2246 3037 2305 3094; x_wconf 93' lang='lat' dir='ltr'><strong>id</strong></span> <span class='ocrx_word' id='word_1_464' title='bbox 2336 3047 2448 3109; x_wconf 92' lang='lat' dir='ltr'><strong>est,</strong></span> <span class='ocrx_word' id='word_1_465' title='bbox 2481 3066 2506 3092; x_wconf 76' lang='grc' dir='ltr'><strong>α</strong></span> <span class='ocrx_word' id='word_1_466' title='bbox 2539 3044 2719 3102; x_wconf 87' lang='lat' dir='ltr'><strong>nolite</strong></span> <span class='ocrx_word' id='word_1_467' title='bbox 2752 3063 2775 3088; x_wconf 71' lang='grc' dir='ltr'><strong><em>η</em></strong></span> <span class='ocrx_word' id='word_1_468' title='bbox 2807 3061 3086 3102; x_wconf 83' lang='lat' dir='ltr'><strong>excusare</strong></span> <span class='ocrx_word' id='word_1_469' title='bbox 3112 3062 3216 3100; x_wconf 89' lang='lat' dir='ltr'><strong>vos</strong></span> <span class='ocrx_word' id='word_1_470' title='bbox 3246 3045 3318 3100; x_wconf 89' lang='lat' dir='ltr'><strong>de</strong></span> <span class='ocrx_word' id='word_1_471' title='bbox 3347 3042 3605 3116; x_wconf 89' lang='lat' dir='ltr'><strong>peccatis</strong></span> <span class='ocrx_word' id='word_1_472' title='bbox 3632 3041 3850 3099; x_wconf 83' lang='lat' dir='ltr'><strong>vestris</strong></span> <span class='ocrx_word' id='word_1_473' title='bbox 3876 3057 3890 3094; x_wconf 91' lang='lat'><strong>:</strong></span> 
     </span>
    </p>
   </div>
   <div class='ocr_carea' id='block_1_57' title="bbox 2248 3130 3896 3207">
    <p class='ocr_par' dir='ltr' id='par_1_57' title="bbox 2248 3130 3896 3207">
     <span class='ocr_line' id='line_1_59' title="bbox 2248 3130 3896 3207; baseline 0 -21"><span class='ocrx_word' id='word_1_474' title='bbox 2248 3148 2277 3177; x_wconf 85' lang='grc'><strong><em>‹‹</em></strong></span> <span class='ocrx_word' id='word_1_475' title='bbox 2309 3147 2492 3188; x_wconf 89' lang='lat' dir='ltr'><strong>cornu</strong></span> <span class='ocrx_word' id='word_1_476' title='bbox 2522 3153 2550 3185; x_wconf 74' lang='grc' dir='ltr'><strong><em>ι</em></strong></span> <span class='ocrx_word' id='word_1_477' title='bbox 2581 3134 2759 3201; x_wconf 89' lang='lat' dir='ltr'><strong>enim,</strong></span> <span class='ocrx_word' id='word_1_478' title='bbox 2793 3135 2852 3190; x_wconf 90' lang='lat' dir='ltr'><strong>id</strong></span> <span class='ocrx_word' id='word_1_479' title='bbox 2885 3139 2993 3199; x_wconf 88' lang='lat' dir='ltr'><strong>est,</strong></span> <span class='ocrx_word' id='word_1_480' title='bbox 3024 3133 3322 3207; x_wconf 87' lang='lat' dir='ltr'><strong>superbia,</strong></span> <span class='ocrx_word' id='word_1_481' title='bbox 3343 3132 3583 3197; x_wconf 72' lang='lat' dir='ltr'><strong>exultat,</strong></span> <span class='ocrx_word' id='word_1_482' title='bbox 3604 3132 3719 3204; x_wconf 81' lang='lat' dir='ltr'><strong>qui</strong></span> <span class='ocrx_word' id='word_1_483' title='bbox 3744 3149 3806 3189; x_wconf 86' lang='lat' dir='ltr'><strong>se</strong></span> <span class='ocrx_word' id='word_1_484' title='bbox 3833 3130 3896 3186; x_wconf 84' lang='lat' dir='ltr'><strong>de</strong></span> 
     </span>
    </p>
   </div>
   <div class='ocr_carea' id='block_1_58' title="bbox 565 3196 3755 3294">
    <p class='ocr_par' dir='ltr' id='par_1_58' title="bbox 565 3196 3755 3294">
     <span class='ocr_line' id='line_1_60' title="bbox 565 3196 3755 3294; baseline 0 -18"><span class='ocrx_word' id='word_1_485' title='bbox 565 3247 591 3276; x_wconf 76' lang='grc' dir='ltr'><strong><em>α</em></strong></span> <span class='ocrx_word' id='word_1_486' title='bbox 620 3225 1061 3281; x_wconf 76' lang='lat' dir='ltr'><strong>Conﬁtebimur.</strong></span> <span class='ocrx_word' id='word_1_487' title='bbox 1080 3243 1105 3268; x_wconf 72' lang='grc' dir='ltr'><strong>η</strong></span> <span class='ocrx_word' id='word_1_488' title='bbox 1140 3221 1409 3277; x_wconf 89' lang='lat' dir='ltr'><strong>Psalmus</strong></span> <span class='ocrx_word' id='word_1_489' title='bbox 1432 3220 1543 3276; x_wconf 89' lang='lat' dir='ltr'><strong>iste</strong></span> <span class='ocrx_word' id='word_1_490' title='bbox 1572 3225 1662 3276; x_wconf 91' lang='lat' dir='ltr'><strong>est</strong></span> <span class='ocrx_word' id='word_1_491' title='bbox 1690 3218 1899 3275; x_wconf 89' lang='lat' dir='ltr'><strong>cantici</strong></span> <span class='ocrx_word' id='word_1_492' title='bbox 1919 3218 2136 3291; x_wconf 84' lang='lat' dir='ltr'><strong>Asaph,</strong></span> <span class='ocrx_word' id='word_1_493' title='bbox 2170 3196 2216 3265; x_wconf 67' lang='grc' dir='ltr'><strong>(ἶ</strong></span> <span class='ocrx_word' id='word_1_494' title='bbox 2255 3225 2492 3294; x_wconf 88' lang='lat' dir='ltr'><strong>peccato</strong></span> <span class='ocrx_word' id='word_1_495' title='bbox 2525 3239 2632 3279; x_wconf 89' lang='lat' dir='ltr'><strong>suo</strong></span> <span class='ocrx_word' id='word_1_496' title='bbox 2663 3196 3057 3280; x_wconf 78' lang='lat' dir='ltr'><strong>excusabilem</strong></span> <span class='ocrx_word' id='word_1_497' title='bbox 3087 3196 3385 3280; x_wconf 73' lang='lat' dir='ltr'><strong>existimat</strong></span> <span class='ocrx_word' id='word_1_498' title='bbox 3413 3226 3472 3279; x_wconf 88' lang='lat' dir='ltr'><strong>et</strong></span> <span class='ocrx_word' id='word_1_499' title='bbox 3491 3196 3755 3293; x_wconf 64' lang='lat' dir='ltr'><strong>judicat.</strong></span> 
     </span>
    </p>
   </div>
   <div class='ocr_carea' id='block_1_59' title="bbox 492 3306 2142 3384">
    <p class='ocr_par' dir='ltr' id='par_1_59' title="bbox 492 3306 2142 3384">
     <span class='ocr_line' id='line_1_61' title="bbox 492 3306 2142 3384; baseline -0.005 -13"><span class='ocrx_word' id='word_1_500' title='bbox 492 3317 553 3372; x_wconf 93' lang='lat' dir='ltr'><strong>id</strong></span> <span class='ocrx_word' id='word_1_501' title='bbox 582 3317 693 3378; x_wconf 88' lang='lat' dir='ltr'><strong>est,</strong></span> <span class='ocrx_word' id='word_1_502' title='bbox 725 3311 918 3367; x_wconf 82' lang='lat' dir='ltr'><strong>fidelis</strong></span> <span class='ocrx_word' id='word_1_503' title='bbox 948 3312 1266 3384; x_wconf 79' lang='lat' dir='ltr'><strong>Synagogae</strong></span> <span class='ocrx_word' id='word_1_504' title='bbox 1297 3327 1424 3381; x_wconf 60' lang='lat' dir='ltr'><strong>qua:</strong></span> <span class='ocrx_word' id='word_1_505' title='bbox 1456 3309 1517 3364; x_wconf 91' lang='lat' dir='ltr'><strong>in</strong></span> <span class='ocrx_word' id='word_1_506' title='bbox 1546 3306 2142 3381; x_wconf 56' lang='lat' dir='ltr'><strong>hoc7psalmeilequi-</strong></span> 
     </span>
    </p>
   </div>
   <div class='ocr_carea' id='block_1_60' title="bbox 488 3397 2141 3471">
    <p class='ocr_par' dir='ltr' id='par_1_60' title="bbox 488 3397 2141 3471">
     <span class='ocr_line' id='line_1_62' title="bbox 488 3397 2141 3471; baseline -0.005 -11"><span class='ocrx_word' id='word_1_507' title='bbox 488 3408 611 3471; x_wconf 85' lang='lat' dir='ltr'><strong>tur,</strong></span> <span class='ocrx_word' id='word_1_508' title='bbox 642 3418 890 3457; x_wconf 87' lang='lat' dir='ltr'><strong>monens</strong></span> <span class='ocrx_word' id='word_1_509' title='bbox 921 3426 946 3451; x_wconf 74' lang='grc' dir='ltr'><strong>α</strong></span> <span class='ocrx_word' id='word_1_510' title='bbox 981 3417 1052 3455; x_wconf 89' lang='lat' dir='ltr'><strong>ne</strong></span> <span class='ocrx_word' id='word_1_511' title='bbox 1083 3415 1446 3471; x_wconf 89' lang='lat' dir='ltr'><strong>corrumpas,</strong></span> <span class='ocrx_word' id='word_1_512' title='bbox 1478 3424 1506 3455; x_wconf 76' lang='grc' dir='ltr'><strong>ι)</strong></span> <span class='ocrx_word' id='word_1_513' title='bbox 1537 3398 1597 3454; x_wconf 89' lang='lat' dir='ltr'><strong>id</strong></span> <span class='ocrx_word' id='word_1_514' title='bbox 1624 3402 1733 3465; x_wconf 88' lang='lat' dir='ltr'><strong>est,</strong></span> <span class='ocrx_word' id='word_1_515' title='bbox 1766 3397 1812 3453; x_wconf 90' lang='lat' dir='ltr'><strong>si</strong></span> <span class='ocrx_word' id='word_1_516' title='bbox 1855 3398 2039 3454; x_wconf 87' lang='lat' dir='ltr'><strong>habes</strong></span> <span class='ocrx_word' id='word_1_517' title='bbox 2067 3398 2141 3452; x_wconf 84' lang='lat' dir='ltr'><strong>ﬁ-</strong></span> 
     </span>
    </p>
   </div>
   <div class='ocr_carea' id='block_1_61' title="bbox 490 3487 2143 3563">
    <p class='ocr_par' dir='ltr' id='par_1_61' title="bbox 490 3487 2143 3563">
     <span class='ocr_line' id='line_1_63' title="bbox 490 3487 2143 3563; baseline -0.005 -14"><span class='ocrx_word' id='word_1_518' title='bbox 490 3491 628 3549; x_wconf 88' lang='lat' dir='ltr'><strong>dem</strong></span> <span class='ocrx_word' id='word_1_519' title='bbox 657 3489 746 3547; x_wconf 86' lang='lat' dir='ltr'><strong>vel</strong></span> <span class='ocrx_word' id='word_1_520' title='bbox 777 3489 1013 3563; x_wconf 90' lang='lat' dir='ltr'><strong>aliquod</strong></span> <span class='ocrx_word' id='word_1_521' title='bbox 1042 3489 1284 3554; x_wconf 90' lang='lat' dir='ltr'><strong>benum,</strong></span> <span class='ocrx_word' id='word_1_522' title='bbox 1317 3505 1391 3544; x_wconf 88' lang='lat' dir='ltr'><strong>ne</strong></span> <span class='ocrx_word' id='word_1_523' title='bbox 1421 3505 1763 3560; x_wconf 89' lang='lat' dir='ltr'><strong>corrumpas</strong></span> <span class='ocrx_word' id='word_1_524' title='bbox 1794 3487 2025 3552; x_wconf 89' lang='lat' dir='ltr'><strong>illud,et</strong></span> <span class='ocrx_word' id='word_1_525' title='bbox 2041 3503 2143 3558; x_wconf 90' lang='lat' dir='ltr'><strong>per</strong></span> 
     </span>
    </p>
   </div>
   <div class='ocr_carea' id='block_1_62' title="bbox 482 3576 2141 3652">
    <p class='ocr_par' dir='ltr' id='par_1_62' title="bbox 482 3576 2141 3652">
     <span class='ocr_line' id='line_1_64' title="bbox 482 3576 2141 3652; baseline -0.005 -13"><span class='ocrx_word' id='word_1_526' title='bbox 482 3582 604 3639; x_wconf 74' lang='lat' dir='ltr'><strong>hoc</strong></span> <span class='ocrx_word' id='word_1_527' title='bbox 630 3579 893 3652; x_wconf 88' lang='lat' dir='ltr'><strong>dirigens</strong></span> <span class='ocrx_word' id='word_1_528' title='bbox 921 3578 984 3635; x_wconf 89' lang='lat' dir='ltr'><strong>in</strong></span> <span class='ocrx_word' id='word_1_529' title='bbox 1016 3578 1287 3646; x_wconf 81' lang='lat' dir='ltr'><strong>iluem,id</strong></span> <span class='ocrx_word' id='word_1_530' title='bbox 1318 3582 1427 3644; x_wconf 90' lang='lat' dir='ltr'><strong>est,</strong></span> <span class='ocrx_word' id='word_1_531' title='bbox 1446 3577 1507 3633; x_wconf 89' lang='lat' dir='ltr'><strong>in</strong></span> <span class='ocrx_word' id='word_1_532' title='bbox 1539 3576 2141 3633; x_wconf 88' lang='lat' dir='ltr'><strong>Christum.Psalmus</strong></span> 
     </span>
    </p>
   </div>
   <div class='ocr_carea' id='block_1_63' title="bbox 488 3665 2139 3742">
    <p class='ocr_par' dir='ltr' id='par_1_63' title="bbox 488 3665 2139 3742">
     <span class='ocr_line' id='line_1_65' title="bbox 488 3665 2139 3742; baseline -0.004 -14"><span class='ocrx_word' id='word_1_533' title='bbox 488 3668 728 3737; x_wconf 81' lang='lat' dir='ltr'><strong>cantici,</strong></span> <span class='ocrx_word' id='word_1_534' title='bbox 761 3669 893 3725; x_wconf 91' lang='lat' dir='ltr'><strong>ideo</strong></span> <span class='ocrx_word' id='word_1_535' title='bbox 916 3667 1183 3742; x_wconf 89' lang='lat' dir='ltr'><strong>psalmus</strong></span> <span class='ocrx_word' id='word_1_536' title='bbox 1234 3666 1345 3724; x_wconf 84' lang='lat' dir='ltr'><strong>iste</strong></span> <span class='ocrx_word' id='word_1_537' title='bbox 1395 3666 1630 3734; x_wconf 86' lang='lat' dir='ltr'><strong>dicitur,</strong></span> <span class='ocrx_word' id='word_1_538' title='bbox 1678 3665 1818 3738; x_wconf 90' lang='lat' dir='ltr'><strong>quia</strong></span> <span class='ocrx_word' id='word_1_539' title='bbox 1863 3682 2139 3738; x_wconf 87' lang='lat' dir='ltr'><strong>magnam</strong></span> 
     </span>
    </p>
   </div>
   <div class='ocr_carea' id='block_1_64' title="bbox 488 3754 2144 3833">
    <p class='ocr_par' dir='ltr' id='par_1_64' title="bbox 488 3754 2144 3833">
     <span class='ocr_line' id='line_1_66' title="bbox 488 3754 2144 3833; baseline -0.005 -16"><span class='ocrx_word' id='word_1_540' title='bbox 488 3759 664 3817; x_wconf 87' lang='lat' dir='ltr'><strong>nobis</strong></span> <span class='ocrx_word' id='word_1_541' title='bbox 693 3757 966 3833; x_wconf 87' lang='lat' dir='ltr'><strong>proponit</strong></span> <span class='ocrx_word' id='word_1_542' title='bbox 993 3755 1466 3823; x_wconf 81' lang='lat' dir='ltr'><strong>exsultationem,</strong></span> <span class='ocrx_word' id='word_1_543' title='bbox 1490 3755 1630 3829; x_wconf 90' lang='lat' dir='ltr'><strong>quia</strong></span> <span class='ocrx_word' id='word_1_544' title='bbox 1647 3754 1943 3811; x_wconf 83' lang='lat' dir='ltr'><strong>Christum</strong></span> <span class='ocrx_word' id='word_1_545' title='bbox 1975 3754 2144 3810; x_wconf 89' lang='lat' dir='ltr'><strong>indu-</strong></span> 
     </span>
    </p>
   </div>
   <div class='ocr_carea' id='block_1_65' title="bbox 429 3843 2141 3922">
    <p class='ocr_par' dir='ltr' id='par_1_65' title="bbox 429 3843 2141 3922">
     <span class='ocr_line' id='line_1_67' title="bbox 429 3843 2141 3922; baseline -0.005 -15"><span class='ocrx_word' id='word_1_546' title='bbox 429 3846 438 3855; x_wconf 83' lang='grc'><em>’</em></span> <span class='ocrx_word' id='word_1_547' title='bbox 493 3850 575 3908; x_wconf 90' lang='lat' dir='ltr'><strong>cit</strong></span> <span class='ocrx_word' id='word_1_548' title='bbox 595 3849 1025 3922; x_wconf 81' lang='lat' dir='ltr'><strong>judicaturum,</strong></span> <span class='ocrx_word' id='word_1_549' title='bbox 1055 3850 1114 3905; x_wconf 86' lang='lat' dir='ltr'><strong>et</strong></span> <span class='ocrx_word' id='word_1_550' title='bbox 1141 3845 1356 3920; x_wconf 89' lang='lat' dir='ltr'><strong>impios</strong></span> <span class='ocrx_word' id='word_1_551' title='bbox 1385 3846 1826 3911; x_wconf 88' lang='lat' dir='ltr'><strong>damnaturum,</strong></span> <span class='ocrx_word' id='word_1_552' title='bbox 1858 3847 1917 3899; x_wconf 83' lang='lat' dir='ltr'><strong>et</strong></span> <span class='ocrx_word' id='word_1_553' title='bbox 1944 3843 2141 3915; x_wconf 85' lang='lat' dir='ltr'><strong>justos</strong></span> 
     </span>
    </p>
   </div>
   <div class='ocr_carea' id='block_1_66' title="bbox 494 3933 2139 4004">
    <p class='ocr_par' dir='ltr' id='par_1_66' title="bbox 494 3933 2139 4004">
     <span class='ocr_line' id='line_1_68' title="bbox 494 3933 2139 4004; baseline -0.005 -9"><span class='ocrx_word' id='word_1_554' title='bbox 494 3940 1029 4003; x_wconf 87' lang='lat' dir='ltr'><strong>remuneraturum,</strong></span> <span class='ocrx_word' id='word_1_555' title='bbox 1058 3935 1161 3991; x_wconf 90' lang='lat' dir='ltr'><strong>ubi</strong></span> <span class='ocrx_word' id='word_1_556' title='bbox 1190 3934 1335 3991; x_wconf 88' lang='lat' dir='ltr'><strong>dicit</strong></span> <span class='ocrx_word' id='word_1_557' title='bbox 1361 3937 1421 3990; x_wconf 92' lang='lat' dir='ltr'><strong>et</strong></span> <span class='ocrx_word' id='word_1_558' title='bbox 1447 3933 1646 3990; x_wconf 87' lang='lat' dir='ltr'><strong>omnia</strong></span> <span class='ocrx_word' id='word_1_559' title='bbox 1673 3948 1896 3989; x_wconf 90' lang='lat' dir='ltr'><strong>cernua</strong></span> <span class='ocrx_word' id='word_1_560' title='bbox 1933 3948 2139 4004; x_wconf 89' lang='lat' dir='ltr'><strong>pecca-</strong></span> 
     </span>
    </p>
   </div>
   <div class='ocr_carea' id='block_1_67' title="bbox 492 4021 2143 4097">
    <p class='ocr_par' dir='ltr' id='par_1_67' title="bbox 492 4021 2143 4097">
     <span class='ocr_line' id='line_1_69' title="bbox 492 4021 2143 4097; baseline -0.005 -15"><span class='ocrx_word' id='word_1_561' title='bbox 492 4031 689 4083; x_wconf 82' lang='lat' dir='ltr'><strong>torum</strong></span> <span class='ocrx_word' id='word_1_562' title='bbox 747 4023 1134 4097; x_wconf 83' lang='lat' dir='ltr'><strong>confringam,</strong></span> <span class='ocrx_word' id='word_1_563' title='bbox 1184 4028 1294 4080; x_wconf 92' lang='lat' dir='ltr'><strong>etc.</strong></span> <span class='ocrx_word' id='word_1_564' title='bbox 1348 4022 1595 4080; x_wconf 87' lang='lat' dir='ltr'><strong>Materia</strong></span> <span class='ocrx_word' id='word_1_565' title='bbox 1637 4025 1729 4078; x_wconf 87' lang='lat' dir='ltr'><strong>est</strong></span> <span class='ocrx_word' id='word_1_566' title='bbox 1772 4021 2043 4077; x_wconf 88' lang='lat' dir='ltr'><strong>Christus</strong></span> <span class='ocrx_word' id='word_1_567' title='bbox 2085 4023 2143 4076; x_wconf 91' lang='lat' dir='ltr'><strong>et</strong></span> 
     </span>
    </p>
   </div>
   <div class='ocr_carea' id='block_1_68' title="bbox 492 4108 2140 4184">
    <p class='ocr_par' dir='ltr' id='par_1_68' title="bbox 492 4108 2140 4184">
     <span class='ocr_line' id='line_1_70' title="bbox 492 4108 2140 4184; baseline -0.002 -15"><span class='ocrx_word' id='word_1_568' title='bbox 492 4114 690 4179; x_wconf 88' lang='lat' dir='ltr'><strong>homo,</strong></span> <span class='ocrx_word' id='word_1_569' title='bbox 715 4113 898 4184; x_wconf 79' lang='lat' dir='ltr'><strong>judex</strong></span> <span class='ocrx_word' id='word_1_570' title='bbox 917 4111 1211 4167; x_wconf 88' lang='lat' dir='ltr'><strong>omnium.</strong></span> <span class='ocrx_word' id='word_1_571' title='bbox 1245 4111 1455 4167; x_wconf 87' lang='lat' dir='ltr'><strong>Modus</strong></span> <span class='ocrx_word' id='word_1_572' title='bbox 1486 4127 1500 4166; x_wconf 90' lang='lat'><strong>:</strong></span> <span class='ocrx_word' id='word_1_573' title='bbox 1532 4111 1594 4166; x_wconf 93' lang='lat' dir='ltr'><strong>in</strong></span> <span class='ocrx_word' id='word_1_574' title='bbox 1625 4110 1816 4182; x_wconf 89' lang='lat' dir='ltr'><strong>prima</strong></span> <span class='ocrx_word' id='word_1_575' title='bbox 1863 4112 2029 4181; x_wconf 76' lang='lat' dir='ltr'><strong>parte</strong></span> <span class='ocrx_word' id='word_1_576' title='bbox 2051 4108 2140 4165; x_wconf 92' lang='lat' dir='ltr'><strong>lo-</strong></span> 
     </span>
    </p>
   </div>
   <div class='ocr_carea' id='block_1_69' title="bbox 495 4198 2141 4274">
    <p class='ocr_par' dir='ltr' id='par_1_69' title="bbox 495 4198 2141 4274">
     <span class='ocr_line' id='line_1_71' title="bbox 495 4198 2141 4274; baseline -0.002 -19"><span class='ocrx_word' id='word_1_577' title='bbox 495 4200 700 4274; x_wconf 87' lang='lat' dir='ltr'><strong>quitur</strong></span> <span class='ocrx_word' id='word_1_578' title='bbox 727 4200 778 4256; x_wconf 90' lang='lat' dir='ltr'><strong>ei</strong></span> <span class='ocrx_word' id='word_1_579' title='bbox 810 4200 1138 4271; x_wconf 75' lang='lat' dir='ltr'><strong>Synagoga,</strong></span> <span class='ocrx_word' id='word_1_580' title='bbox 1170 4200 1485 4255; x_wconf 89' lang='lat' dir='ltr'><strong>ostendens</strong></span> <span class='ocrx_word' id='word_1_581' title='bbox 1514 4216 1650 4254; x_wconf 90' lang='lat' dir='ltr'><strong>eum</strong></span> <span class='ocrx_word' id='word_1_582' title='bbox 1680 4198 1859 4253; x_wconf 88' lang='lat' dir='ltr'><strong>talem</strong></span> <span class='ocrx_word' id='word_1_583' title='bbox 1886 4198 1980 4253; x_wconf 92' lang='lat' dir='ltr'><strong>cui</strong></span> <span class='ocrx_word' id='word_1_584' title='bbox 2010 4214 2141 4252; x_wconf 87' lang='lat' dir='ltr'><strong>om-</strong></span> 
     </span>
    </p>
   </div>
   <div class='ocr_carea' id='block_1_70' title="bbox 495 4285 2141 4363">
    <p class='ocr_par' dir='ltr' id='par_1_70' title="bbox 495 4285 2141 4363">
     <span class='ocr_line' id='line_1_72' title="bbox 495 4285 2141 4363; baseline -0.004 -17"><span class='ocrx_word' id='word_1_585' title='bbox 495 4289 589 4346; x_wconf 85' lang='lat' dir='ltr'><strong>nis</strong></span> <span class='ocrx_word' id='word_1_586' title='bbox 618 4287 821 4361; x_wconf 83' lang='lat' dir='ltr'><strong>religio</strong></span> <span class='ocrx_word' id='word_1_587' title='bbox 851 4287 1059 4343; x_wconf 86' lang='lat' dir='ltr'><strong>debeat</strong></span> <span class='ocrx_word' id='word_1_588' title='bbox 1085 4287 1363 4363; x_wconf 83' lang='lat' dir='ltr'><strong>exhiberi.</strong></span> <span class='ocrx_word' id='word_1_589' title='bbox 1394 4288 1457 4341; x_wconf 89' lang='lat' dir='ltr'><strong>In</strong></span> <span class='ocrx_word' id='word_1_590' title='bbox 1489 4287 1747 4343; x_wconf 88' lang='lat' dir='ltr'><strong>secunda</strong></span> <span class='ocrx_word' id='word_1_591' title='bbox 1773 4290 1934 4358; x_wconf 85' lang='lat' dir='ltr'><strong>parte</strong></span> <span class='ocrx_word' id='word_1_592' title='bbox 1964 4285 2141 4340; x_wconf 89' lang='lat' dir='ltr'><strong>indu-</strong></span> 
     </span>
    </p>
   </div>
   <div class='ocr_carea' id='block_1_71' title="bbox 488 4374 2140 4447">
    <p class='ocr_par' dir='ltr' id='par_1_71' title="bbox 488 4374 2140 4447">
     <span class='ocr_line' id='line_1_73' title="bbox 488 4374 2140 4447; baseline -0.004 -12"><span class='ocrx_word' id='word_1_593' title='bbox 488 4378 648 4436; x_wconf 83' lang='lat' dir='ltr'><strong>citur</strong></span> <span class='ocrx_word' id='word_1_594' title='bbox 675 4376 946 4434; x_wconf 86' lang='lat' dir='ltr'><strong>Christus</strong></span> <span class='ocrx_word' id='word_1_595' title='bbox 973 4374 1243 4447; x_wconf 88' lang='lat' dir='ltr'><strong>loquens,</strong></span> <span class='ocrx_word' id='word_1_596' title='bbox 1283 4379 1342 4430; x_wconf 91' lang='lat' dir='ltr'><strong>et</strong></span> <span class='ocrx_word' id='word_1_597' title='bbox 1388 4376 1751 4447; x_wconf 88' lang='lat' dir='ltr'><strong>respondens</strong></span> <span class='ocrx_word' id='word_1_598' title='bbox 1799 4374 2140 4447; x_wconf 66' lang='lat' dir='ltr'><strong>Synagogaa,</strong></span> 
     </span>
    </p>
   </div>
   <div class='ocr_carea' id='block_1_72' title="bbox 484 4462 2140 4537">
    <p class='ocr_par' dir='ltr' id='par_1_72' title="bbox 484 4462 2140 4537">
     <span class='ocr_line' id='line_1_74' title="bbox 484 4462 2140 4537; baseline -0.004 -12"><span class='ocrx_word' id='word_1_599' title='bbox 484 4472 552 4526; x_wconf 78' lang='lat' dir='ltr'><strong>et</strong></span> <span class='ocrx_word' id='word_1_600' title='bbox 578 4466 638 4523; x_wconf 91' lang='lat' dir='ltr'><strong>in</strong></span> <span class='ocrx_word' id='word_1_601' title='bbox 668 4466 863 4523; x_wconf 83' lang='lat' dir='ltr'><strong>verbis</strong></span> <span class='ocrx_word' id='word_1_602' title='bbox 891 4464 1017 4522; x_wconf 85' lang='lat' dir='ltr'><strong>suis</strong></span> <span class='ocrx_word' id='word_1_603' title='bbox 1047 4480 1366 4537; x_wconf 89' lang='lat' dir='ltr'><strong>possumus</strong></span> <span class='ocrx_word' id='word_1_604' title='bbox 1394 4463 1743 4536; x_wconf 84' lang='lat' dir='ltr'><strong>intelligere,</strong></span> <span class='ocrx_word' id='word_1_605' title='bbox 1775 4479 1912 4518; x_wconf 89' lang='lat' dir='ltr'><strong>eum</strong></span> <span class='ocrx_word' id='word_1_606' title='bbox 1955 4462 2140 4518; x_wconf 90' lang='lat' dir='ltr'><strong>Deum</strong></span> 
     </span>
    </p>
   </div>
   <div class='ocr_carea' id='block_1_73' title="bbox 2319 3310 3894 3379">
    <p class='ocr_par' dir='ltr' id='par_1_73' title="bbox 2319 3310 3894 3379">
     <span class='ocr_line' id='line_1_75' title="bbox 2319 3310 3894 3379; baseline 0 -14"><span class='ocrx_word' id='word_1_607' title='bbox 2319 3311 2391 3366; x_wconf 88' lang='lat' dir='ltr'><strong>Et</strong></span> <span class='ocrx_word' id='word_1_608' title='bbox 2419 3330 2447 3361; x_wconf 75' lang='grc' dir='ltr'>α</span> <span class='ocrx_word' id='word_1_609' title='bbox 2478 3311 2659 3367; x_wconf 89' lang='lat' dir='ltr'><strong>nolite</strong></span> <span class='ocrx_word' id='word_1_610' title='bbox 2686 3328 2869 3368; x_wconf 89' lang='lat' dir='ltr'><strong>cornu</strong></span> <span class='ocrx_word' id='word_1_611' title='bbox 2897 3316 3182 3379; x_wconf 81' lang='lat' dir='ltr'><strong>vestrum,</strong></span> <span class='ocrx_word' id='word_1_612' title='bbox 3199 3331 3224 3357; x_wconf 72' lang='grc' dir='ltr'><strong>ι»</strong></span> <span class='ocrx_word' id='word_1_613' title='bbox 3257 3311 3317 3366; x_wconf 90' lang='lat' dir='ltr'><strong>id</strong></span> <span class='ocrx_word' id='word_1_614' title='bbox 3347 3315 3438 3367; x_wconf 87' lang='lat' dir='ltr'><strong>est</strong></span> <span class='ocrx_word' id='word_1_615' title='bbox 3456 3310 3894 3367; x_wconf 81' lang='lat' dir='ltr'><strong>excusationem</strong></span> 
     </span>
    </p>
   </div>
   <div class='ocr_carea' id='block_1_74' title="bbox 2244 3399 3897 3466">
    <p class='ocr_par' dir='ltr' id='par_1_74' title="bbox 2244 3399 3897 3466">
     <span class='ocr_line' id='line_1_76' title="bbox 2244 3399 3897 3466; baseline 0.001 -12"><span class='ocrx_word' id='word_1_616' title='bbox 2244 3402 2564 3465; x_wconf 71' lang='lat' dir='ltr'><strong>vestram,c</strong></span> <span class='ocrx_word' id='word_1_617' title='bbox 2597 3400 2871 3458; x_wconf 82' lang='lat' dir='ltr'><strong>extollere</strong></span> <span class='ocrx_word' id='word_1_618' title='bbox 2900 3400 2960 3456; x_wconf 91' lang='lat' dir='ltr'><strong>in</strong></span> <span class='ocrx_word' id='word_1_619' title='bbox 2993 3401 3240 3466; x_wconf 63' lang='lat' dir='ltr'><strong>altum,»</strong></span> <span class='ocrx_word' id='word_1_620' title='bbox 3262 3400 3322 3456; x_wconf 90' lang='lat' dir='ltr'><strong>id</strong></span> <span class='ocrx_word' id='word_1_621' title='bbox 3342 3403 3453 3466; x_wconf 89' lang='lat' dir='ltr'><strong>est,</strong></span> <span class='ocrx_word' id='word_1_622' title='bbox 3468 3404 3678 3455; x_wconf 87' lang='lat' dir='ltr'><strong>contra</strong></span> <span class='ocrx_word' id='word_1_623' title='bbox 3692 3399 3897 3462; x_wconf 85' lang='lat' dir='ltr'><strong>Deum,</strong></span> 
     </span>
    </p>
   </div>
   <div class='ocr_carea' id='block_1_75' title="bbox 2248 3485 3900 3562">
    <p class='ocr_par' dir='ltr' id='par_1_75' title="bbox 2248 3485 3900 3562">
     <span class='ocr_line' id='line_1_77' title="bbox 2248 3485 3900 3562; baseline -0.001 -20"><span class='ocrx_word' id='word_1_624' title='bbox 2248 3492 2317 3543; x_wconf 93' lang='lat' dir='ltr'><strong>ut</strong></span> <span class='ocrx_word' id='word_1_625' title='bbox 2345 3488 2555 3545; x_wconf 86' lang='lat' dir='ltr'><strong>dicatis</strong></span> <span class='ocrx_word' id='word_1_626' title='bbox 2583 3507 2686 3545; x_wconf 87' lang='lat' dir='ltr'><strong>vos</strong></span> <span class='ocrx_word' id='word_1_627' title='bbox 2716 3490 2892 3562; x_wconf 90' lang='lat' dir='ltr'><strong>culpa</strong></span> <span class='ocrx_word' id='word_1_628' title='bbox 2919 3489 3205 3547; x_wconf 86' lang='lat' dir='ltr'><strong>Creatoris</strong></span> <span class='ocrx_word' id='word_1_629' title='bbox 3235 3506 3364 3546; x_wconf 89' lang='lat' dir='ltr'><strong>esse</strong></span> <span class='ocrx_word' id='word_1_630' title='bbox 3411 3492 3777 3561; x_wconf 83' lang='lat' dir='ltr'><strong>peceatores,</strong></span> <span class='ocrx_word' id='word_1_631' title='bbox 3805 3485 3900 3560; x_wconf 88' lang='lat' dir='ltr'><strong>qui</strong></span> 
     </span>
    </p>
   </div>
   <div class='ocr_carea' id='block_1_76' title="bbox 2248 3575 3899 3651">
    <p class='ocr_par' dir='ltr' id='par_1_76' title="bbox 2248 3575 3899 3651">
     <span class='ocr_line' id='line_1_78' title="bbox 2248 3575 3899 3651; baseline 0 -18"><span class='ocrx_word' id='word_1_632' title='bbox 2248 3576 2397 3633; x_wconf 87' lang='lat' dir='ltr'><strong>tales</strong></span> <span class='ocrx_word' id='word_1_633' title='bbox 2423 3595 2540 3632; x_wconf 90' lang='lat' dir='ltr'><strong>non</strong></span> <span class='ocrx_word' id='word_1_634' title='bbox 2571 3579 2813 3634; x_wconf 88' lang='lat' dir='ltr'><strong>creavit:</strong></span> <span class='ocrx_word' id='word_1_635' title='bbox 2833 3583 2892 3634; x_wconf 89' lang='lat' dir='ltr'><strong>et</strong></span> <span class='ocrx_word' id='word_1_636' title='bbox 2915 3578 3056 3651; x_wconf 89' lang='lat' dir='ltr'><strong>quid</strong></span> <span class='ocrx_word' id='word_1_637' title='bbox 3073 3578 3364 3651; x_wconf 86' lang='lat' dir='ltr'><strong>intelligat</strong></span> <span class='ocrx_word' id='word_1_638' title='bbox 3375 3590 3516 3650; x_wconf 60' lang='lat' dir='ltr'><strong>pert</strong></span> <span class='ocrx_word' id='word_1_639' title='bbox 3527 3593 3719 3634; x_wconf 87' lang='lat' dir='ltr'><strong>cornu</strong></span> <span class='ocrx_word' id='word_1_640' title='bbox 3730 3575 3899 3634; x_wconf 78' lang='lat' dir='ltr'><strong>extol-</strong></span> 
     </span>
    </p>
   </div>
   <div class='ocr_carea' id='block_1_77' title="bbox 2247 3664 3902 3740">
    <p class='ocr_par' dir='ltr' id='par_1_77' title="bbox 2247 3664 3902 3740">
     <span class='ocr_line' id='line_1_79' title="bbox 2247 3664 3902 3740; baseline 0 -18"><span class='ocrx_word' id='word_1_641' title='bbox 2247 3665 2366 3722; x_wconf 89' lang='lat' dir='ltr'><strong>lere</strong></span> <span class='ocrx_word' id='word_1_642' title='bbox 2398 3666 2458 3722; x_wconf 89' lang='lat' dir='ltr'><strong>in</strong></span> <span class='ocrx_word' id='word_1_643' title='bbox 2479 3666 2728 3733; x_wconf 71' lang='lat' dir='ltr'><strong>altum,»</strong></span> <span class='ocrx_word' id='word_1_644' title='bbox 2760 3667 2887 3739; x_wconf 86' lang='lat' dir='ltr'><strong>ipse</strong></span> <span class='ocrx_word' id='word_1_645' title='bbox 2915 3666 3172 3740; x_wconf 80' lang='lat' dir='ltr'><strong>exponit,</strong></span> <span class='ocrx_word' id='word_1_646' title='bbox 3188 3683 3325 3723; x_wconf 90' lang='lat' dir='ltr'><strong>cum</strong></span> <span class='ocrx_word' id='word_1_647' title='bbox 3354 3665 3497 3722; x_wconf 90' lang='lat' dir='ltr'><strong>dicit</strong></span> <span class='ocrx_word' id='word_1_648' title='bbox 3521 3681 3535 3720; x_wconf 89' lang='lat'><strong>:</strong></span> <span class='ocrx_word' id='word_1_649' title='bbox 3556 3681 3589 3714; x_wconf 65' lang='grc' dir='ltr'><strong>α</strong></span> <span class='ocrx_word' id='word_1_650' title='bbox 3608 3665 3810 3722; x_wconf 79' lang='lat' dir='ltr'><strong>Nolite</strong></span> <span class='ocrx_word' id='word_1_651' title='bbox 3829 3664 3902 3722; x_wconf 78' lang='lat' dir='ltr'><strong>le-</strong></span> 
     </span>
    </p>
   </div>
   <div class='ocr_carea' id='block_1_78' title="bbox 2244 3752 3903 3829">
    <p class='ocr_par' dir='ltr' id='par_1_78' title="bbox 2244 3752 3903 3829">
     <span class='ocr_line' id='line_1_80' title="bbox 2244 3752 3903 3829; baseline -0.001 -19"><span class='ocrx_word' id='word_1_652' title='bbox 2244 3755 2350 3828; x_wconf 87' lang='lat' dir='ltr'><strong>qui</strong></span> <span class='ocrx_word' id='word_1_653' title='bbox 2380 3757 2660 3811; x_wconf 88' lang='lat' dir='ltr'><strong>adversus</strong></span> <span class='ocrx_word' id='word_1_654' title='bbox 2691 3755 2876 3812; x_wconf 89' lang='lat' dir='ltr'><strong>Deum</strong></span> <span class='ocrx_word' id='word_1_655' title='bbox 2906 3755 3299 3829; x_wconf 83' lang='lat' dir='ltr'><strong>iniquitatem.</strong></span> <span class='ocrx_word' id='word_1_656' title='bbox 3332 3753 3524 3811; x_wconf 79' lang='lat' dir='ltr'><strong>Nolite</strong></span> <span class='ocrx_word' id='word_1_657' title='bbox 3550 3772 3578 3799; x_wconf 69' lang='grc' dir='ltr'><strong><em>η</em></strong></span> <span class='ocrx_word' id='word_1_658' title='bbox 3604 3752 3903 3826; x_wconf 78' lang='lat' dir='ltr'><strong>dico,ipse</strong></span> 
     </span>
    </p>
   </div>
   <div class='ocr_carea' id='block_1_79' title="bbox 2247 3841 3900 3918">
    <p class='ocr_par' dir='ltr' id='par_1_79' title="bbox 2247 3841 3900 3918">
     <span class='ocr_line' id='line_1_81' title="bbox 2247 3841 3900 3918; baseline 0.001 -19"><span class='ocrx_word' id='word_1_659' title='bbox 2247 3843 2404 3900; x_wconf 88' lang='lat' dir='ltr'><strong>enim</strong></span> <span class='ocrx_word' id='word_1_660' title='bbox 2430 3843 2735 3918; x_wconf 89' lang='lat' dir='ltr'><strong>cognoscit</strong></span> <span class='ocrx_word' id='word_1_661' title='bbox 2753 3843 3041 3917; x_wconf 88' lang='lat' dir='ltr'><strong>quidquid</strong></span> <span class='ocrx_word' id='word_1_662' title='bbox 3059 3861 3163 3901; x_wconf 88' lang='lat' dir='ltr'><strong>vos</strong></span> <span class='ocrx_word' id='word_1_663' title='bbox 3184 3844 3398 3909; x_wconf 83' lang='lat' dir='ltr'><strong>facitis,</strong></span> <span class='ocrx_word' id='word_1_664' title='bbox 3418 3842 3564 3916; x_wconf 82' lang='lat' dir='ltr'><strong>quia</strong></span> <span class='ocrx_word' id='word_1_665' title='bbox 3582 3841 3758 3901; x_wconf 75' lang='lat' dir='ltr'><strong>nullo</strong></span> <span class='ocrx_word' id='word_1_666' title='bbox 3778 3841 3900 3900; x_wconf 81' lang='lat' dir='ltr'><strong>loco</strong></span> 
     </span>
    </p>
   </div>
   <div class='ocr_carea' id='block_1_80' title="bbox 2244 3931 3902 4006">
    <p class='ocr_par' dir='ltr' id='par_1_80' title="bbox 2244 3931 3902 4006">
     <span class='ocr_line' id='line_1_82' title="bbox 2244 3931 3902 4006; baseline 0.001 -17"><span class='ocrx_word' id='word_1_667' title='bbox 2244 3933 2450 4001; x_wconf 84' lang='lat' dir='ltr'><strong>deest;</strong></span> <span class='ocrx_word' id='word_1_668' title='bbox 2483 3936 2541 3989; x_wconf 89' lang='lat' dir='ltr'><strong>et</strong></span> <span class='ocrx_word' id='word_1_669' title='bbox 2572 3933 2681 3990; x_wconf 89' lang='lat' dir='ltr'><strong>hoc</strong></span> <span class='ocrx_word' id='word_1_670' title='bbox 2710 3937 2802 3989; x_wconf 88' lang='lat' dir='ltr'><strong>est</strong></span> <span class='ocrx_word' id='word_1_671' title='bbox 2833 3949 2846 3989; x_wconf 90' lang='lat'>:</span> <span class='ocrx_word' id='word_1_672' title='bbox 2883 3958 2908 3986; x_wconf 78' lang='grc' dir='ltr'><strong>α</strong></span> <span class='ocrx_word' id='word_1_673' title='bbox 2957 3932 3097 4006; x_wconf 87' lang='lat' dir='ltr'><strong>quia</strong></span> <span class='ocrx_word' id='word_1_674' title='bbox 3134 3955 3159 3980; x_wconf 73' lang='grc' dir='ltr'><strong><em>η</em></strong></span> <span class='ocrx_word' id='word_1_675' title='bbox 3190 3933 3317 4005; x_wconf 90' lang='lat' dir='ltr'><strong>ipse</strong></span> <span class='ocrx_word' id='word_1_676' title='bbox 3360 3948 3480 3988; x_wconf 90' lang='lat' dir='ltr'><strong>non</strong></span> <span class='ocrx_word' id='word_1_677' title='bbox 3525 3931 3723 3999; x_wconf 86' lang='lat' dir='ltr'><strong>deest,</strong></span> <span class='ocrx_word' id='word_1_678' title='bbox 3750 3951 3783 3976; x_wconf 81' lang='grc'><strong>«</strong></span> <span class='ocrx_word' id='word_1_679' title='bbox 3810 3947 3902 3989; x_wconf 72' lang='lat' dir='ltr'><strong>na-</strong></span> 
     </span>
    </p>
   </div>
   <div class='ocr_carea' id='block_1_81' title="bbox 2248 4019 3897 4095">
    <p class='ocr_par' dir='ltr' id='par_1_81' title="bbox 2248 4019 3897 4095">
     <span class='ocr_line' id='line_1_83' title="bbox 2248 4019 3897 4095; baseline 0.001 -19"><span class='ocrx_word' id='word_1_680' title='bbox 2248 4038 2364 4093; x_wconf 87' lang='lat' dir='ltr'><strong>que</strong></span> <span class='ocrx_word' id='word_1_681' title='bbox 2393 4021 2465 4077; x_wconf 89' lang='lat' dir='ltr'><strong>ab</strong></span> <span class='ocrx_word' id='word_1_682' title='bbox 2495 4021 2739 4089; x_wconf 88' lang='lat' dir='ltr'><strong>oriente,</strong></span> <span class='ocrx_word' id='word_1_683' title='bbox 2771 4037 2961 4095; x_wconf 88' lang='lat' dir='ltr'><strong>neque</strong></span> <span class='ocrx_word' id='word_1_684' title='bbox 2989 4022 3062 4078; x_wconf 88' lang='lat' dir='ltr'><strong>ab</strong></span> <span class='ocrx_word' id='word_1_685' title='bbox 3101 4019 3423 4088; x_wconf 85' lang='lat' dir='ltr'><strong>occidente,</strong></span> <span class='ocrx_word' id='word_1_686' title='bbox 3472 4036 3663 4094; x_wconf 83' lang='lat' dir='ltr'><strong>neque</strong></span> <span class='ocrx_word' id='word_1_687' title='bbox 3717 4037 3756 4077; x_wconf 85' lang='lat' dir='ltr'><strong>a</strong></span> <span class='ocrx_word' id='word_1_688' title='bbox 3798 4019 3897 4076; x_wconf 76' lang='lat' dir='ltr'><strong>de-</strong></span> 
     </span>
    </p>
   </div>
   <div class='ocr_carea' id='block_1_82' title="bbox 2246 4108 3900 4182">
    <p class='ocr_par' dir='ltr' id='par_1_82' title="bbox 2246 4108 3900 4182">
     <span class='ocr_line' id='line_1_84' title="bbox 2246 4108 3900 4182; baseline 0 -15"><span class='ocrx_word' id='word_1_689' title='bbox 2246 4109 2422 4167; x_wconf 83' lang='lat' dir='ltr'><strong>sertis</strong></span> <span class='ocrx_word' id='word_1_690' title='bbox 2455 4110 2756 4167; x_wconf 84' lang='lat' dir='ltr'><strong>montibus</strong></span> <span class='ocrx_word' id='word_1_691' title='bbox 2786 4124 2814 4156; x_wconf 71' lang='grc' dir='ltr'><strong><em>ι</em></strong></span> <span class='ocrx_word' id='word_1_692' title='bbox 2859 4111 2932 4167; x_wconf 87' lang='lat' dir='ltr'><strong>ad</strong></span> <span class='ocrx_word' id='word_1_693' title='bbox 2984 4109 3263 4167; x_wconf 82' lang='lat' dir='ltr'><strong>litteram.</strong></span> <span class='ocrx_word' id='word_1_694' title='bbox 3307 4108 3411 4166; x_wconf 82' lang='lat' dir='ltr'><strong>Vel</strong></span> <span class='ocrx_word' id='word_1_695' title='bbox 3459 4125 3564 4182; x_wconf 91' lang='lat' dir='ltr'><strong>per</strong></span> <span class='ocrx_word' id='word_1_696' title='bbox 3602 4109 3900 4167; x_wconf 79' lang='lat' dir='ltr'><strong>orientem</strong></span> 
     </span>
    </p>
   </div>
   <div class='ocr_carea' id='block_1_83' title="bbox 2248 4196 3901 4272">
    <p class='ocr_par' dir='ltr' id='par_1_83' title="bbox 2248 4196 3901 4272">
     <span class='ocr_line' id='line_1_85' title="bbox 2248 4196 3901 4272; baseline 0 -16"><span class='ocrx_word' id='word_1_697' title='bbox 2248 4197 2557 4272; x_wconf 86' lang='lat' dir='ltr'><strong>allegorice</strong></span> <span class='ocrx_word' id='word_1_698' title='bbox 2587 4198 2882 4271; x_wconf 86' lang='lat' dir='ltr'><strong>sapientes</strong></span> <span class='ocrx_word' id='word_1_699' title='bbox 2908 4203 2971 4255; x_wconf 88' lang='lat' dir='ltr'><strong>et</strong></span> <span class='ocrx_word' id='word_1_700' title='bbox 3015 4214 3282 4255; x_wconf 89' lang='lat' dir='ltr'><strong>summos</strong></span> <span class='ocrx_word' id='word_1_701' title='bbox 3330 4198 3508 4264; x_wconf 88' lang='lat' dir='ltr'><strong>viros,</strong></span> <span class='ocrx_word' id='word_1_702' title='bbox 3536 4196 3772 4270; x_wconf 83' lang='lat' dir='ltr'><strong>quibus</strong></span> <span class='ocrx_word' id='word_1_703' title='bbox 3814 4198 3901 4255; x_wconf 64' lang='lat' dir='ltr'><strong>est</strong></span> 
     </span>
    </p>
   </div>
   <div class='ocr_carea' id='block_1_84' title="bbox 2245 4286 3903 4360">
    <p class='ocr_par' dir='ltr' id='par_1_84' title="bbox 2245 4286 3903 4360">
     <span class='ocr_line' id='line_1_86' title="bbox 2245 4286 3903 4360; baseline -0.001 -16"><span class='ocrx_word' id='word_1_704' title='bbox 2245 4292 2415 4345; x_wconf 89' lang='lat' dir='ltr'><strong>ortus</strong></span> <span class='ocrx_word' id='word_1_705' title='bbox 2454 4287 2543 4344; x_wconf 92' lang='lat' dir='ltr'><strong>sol</strong></span> <span class='ocrx_word' id='word_1_706' title='bbox 2577 4286 2848 4359; x_wconf 67' lang='lat' dir='ltr'><strong>justitim,</strong></span> <span class='ocrx_word' id='word_1_707' title='bbox 2878 4287 3178 4360; x_wconf 88' lang='lat' dir='ltr'><strong>possimus</strong></span> <span class='ocrx_word' id='word_1_708' title='bbox 3227 4287 3527 4360; x_wconf 83' lang='lat' dir='ltr'><strong>accipere;</strong></span> <span class='ocrx_word' id='word_1_709' title='bbox 3562 4291 3903 4360; x_wconf 63' lang='lat' dir='ltr'><strong>pacm</strong></span> 
     </span>
    </p>
   </div>
   <div class='ocr_carea' id='block_1_85' title="bbox 2250 4374 3904 4450">
    <p class='ocr_par' dir='ltr' id='par_1_85' title="bbox 2250 4374 3904 4450">
     <span class='ocr_line' id='line_1_87' title="bbox 2250 4374 3904 4450; baseline -0.002 -17"><span class='ocrx_word' id='word_1_710' title='bbox 2250 4393 2353 4450; x_wconf 88' lang='lat' dir='ltr'><strong>per</strong></span> <span class='ocrx_word' id='word_1_711' title='bbox 2381 4376 2762 4443; x_wconf 88' lang='lat' dir='ltr'><strong>occidentem,</strong></span> <span class='ocrx_word' id='word_1_712' title='bbox 2794 4375 3011 4448; x_wconf 86' lang='lat' dir='ltr'><strong>quibus</strong></span> <span class='ocrx_word' id='word_1_713' title='bbox 3039 4377 3197 4433; x_wconf 89' lang='lat' dir='ltr'><strong>idem</strong></span> <span class='ocrx_word' id='word_1_714' title='bbox 3245 4374 3333 4433; x_wconf 90' lang='lat' dir='ltr'><strong>sel</strong></span> <span class='ocrx_word' id='word_1_715' title='bbox 3363 4375 3614 4445; x_wconf 84' lang='lat' dir='ltr'><strong>occidit;</strong></span> <span class='ocrx_word' id='word_1_716' title='bbox 3638 4392 3757 4448; x_wconf 82' lang='lat' dir='ltr'><strong>per</strong></span> <span class='ocrx_word' id='word_1_717' title='bbox 3802 4376 3904 4431; x_wconf 89' lang='lat' dir='ltr'><strong>de—</strong></span> 
     </span>
    </p>
   </div>
   <div class='ocr_carea' id='block_1_86' title="bbox 2249 4465 3907 4538">
    <p class='ocr_par' dir='ltr' id='par_1_86' title="bbox 2249 4465 3907 4538">
     <span class='ocr_line' id='line_1_88' title="bbox 2249 4465 3907 4538; baseline -0.001 -15"><span class='ocrx_word' id='word_1_718' title='bbox 2249 4470 2438 4523; x_wconf 86' lang='lat' dir='ltr'><strong>sertos</strong></span> <span class='ocrx_word' id='word_1_719' title='bbox 2464 4469 2695 4522; x_wconf 88' lang='lat' dir='ltr'><strong>montes</strong></span> <span class='ocrx_word' id='word_1_720' title='bbox 2721 4465 3048 4532; x_wconf 67' lang='lat' dir='ltr'><strong>haereticos,</strong></span> <span class='ocrx_word' id='word_1_721' title='bbox 3078 4466 3181 4538; x_wconf 83' lang='lat' dir='ltr'><strong>qui</strong></span> <span class='ocrx_word' id='word_1_722' title='bbox 3223 4481 3361 4522; x_wconf 78' lang='lat' dir='ltr'><strong>cum</strong></span> <span class='ocrx_word' id='word_1_723' title='bbox 3410 4468 3639 4522; x_wconf 85' lang='lat' dir='ltr'><strong>montes</strong></span> <span class='ocrx_word' id='word_1_724' title='bbox 3688 4480 3762 4521; x_wconf 82' lang='lat' dir='ltr'><strong>se</strong></span> <span class='ocrx_word' id='word_1_725' title='bbox 3804 4480 3907 4521; x_wconf 83' lang='lat' dir='ltr'><strong>os-</strong></span> 
     </span>
    </p>
   </div>
   <div class='ocr_carea' id='block_1_87' title="bbox 493 4550 3901 4629">
    <p class='ocr_par' dir='ltr' id='par_1_87' title="bbox 493 4550 3901 4629">
     <span class='ocr_line' id='line_1_89' title="bbox 493 4550 3901 4629; baseline -0.003 -15"><span class='ocrx_word' id='word_1_726' title='bbox 493 4561 553 4614; x_wconf 88' lang='lat' dir='ltr'><strong>et</strong></span> <span class='ocrx_word' id='word_1_727' title='bbox 599 4555 921 4619; x_wconf 88' lang='lat' dir='ltr'><strong>hominem,</strong></span> <span class='ocrx_word' id='word_1_728' title='bbox 946 4552 1210 4626; x_wconf 90' lang='lat' dir='ltr'><strong>judicem</strong></span> <span class='ocrx_word' id='word_1_729' title='bbox 1258 4552 1525 4608; x_wconf 90' lang='lat' dir='ltr'><strong>omnium</strong></span> <span class='ocrx_word' id='word_1_730' title='bbox 1552 4569 1566 4619; x_wconf 91' lang='lat'><strong>;</strong></span> <span class='ocrx_word' id='word_1_731' title='bbox 1613 4554 1670 4607; x_wconf 91' lang='lat' dir='ltr'><strong>et</strong></span> <span class='ocrx_word' id='word_1_732' title='bbox 1719 4550 1838 4606; x_wconf 90' lang='lat' dir='ltr'><strong>ista</strong></span> <span class='ocrx_word' id='word_1_733' title='bbox 1882 4550 2143 4607; x_wconf 88' lang='lat' dir='ltr'><strong>secunda</strong></span> <span class='ocrx_word' id='word_1_734' title='bbox 2170 4563 2219 4629; x_wconf 80' lang='grc' dir='ltr'><strong>Ῑ)</strong></span> <span class='ocrx_word' id='word_1_735' title='bbox 2248 4556 2523 4619; x_wconf 87' lang='lat' dir='ltr'><strong>tendunt,</strong></span> <span class='ocrx_word' id='word_1_736' title='bbox 2550 4558 2747 4610; x_wconf 87' lang='lat' dir='ltr'><strong>tamen</strong></span> <span class='ocrx_word' id='word_1_737' title='bbox 2776 4570 2813 4610; x_wconf 79' lang='grc' dir='ltr'><strong>ο.</strong></span> <span class='ocrx_word' id='word_1_738' title='bbox 2837 4555 3084 4611; x_wconf 83' lang='lat' dir='ltr'><strong>veritate</strong></span> <span class='ocrx_word' id='word_1_739' title='bbox 3114 4553 3323 4610; x_wconf 84' lang='lat' dir='ltr'><strong>remoti</strong></span> <span class='ocrx_word' id='word_1_740' title='bbox 3352 4557 3497 4609; x_wconf 88' lang='lat' dir='ltr'><strong>sunt</strong></span> <span class='ocrx_word' id='word_1_741' title='bbox 3520 4557 3585 4610; x_wconf 83' lang='lat' dir='ltr'><strong>et</strong></span> <span class='ocrx_word' id='word_1_742' title='bbox 3627 4550 3857 4611; x_wconf 78' lang='lat' dir='ltr'><strong>deserti</strong></span> <span class='ocrx_word' id='word_1_743' title='bbox 3889 4568 3901 4605; x_wconf 90' lang='lat'><strong>:</strong></span> 
     </span>
    </p>
   </div>
   <div class='ocr_carea' id='block_1_88' title="bbox 494 4639 2141 4716">
    <p class='ocr_par' dir='ltr' id='par_1_88' title="bbox 494 4639 2141 4716">
     <span class='ocr_line' id='line_1_90' title="bbox 494 4639 2141 4716; baseline -0.003 -17"><span class='ocrx_word' id='word_1_744' title='bbox 494 4662 631 4716; x_wconf 87' lang='lat' dir='ltr'><strong>pars</strong></span> <span class='ocrx_word' id='word_1_745' title='bbox 655 4643 862 4715; x_wconf 84' lang='lat' dir='ltr'><strong>incipit</strong></span> <span class='ocrx_word' id='word_1_746' title='bbox 890 4641 1093 4698; x_wconf 88' lang='lat' dir='ltr'><strong>statim</strong></span> <span class='ocrx_word' id='word_1_747' title='bbox 1125 4640 1224 4697; x_wconf 91' lang='lat' dir='ltr'><strong>ubi</strong></span> <span class='ocrx_word' id='word_1_748' title='bbox 1259 4640 1488 4696; x_wconf 56' lang='lat' dir='ltr'><strong>dicitur</strong></span> <span class='ocrx_word' id='word_1_749' title='bbox 1516 4639 1662 4695; x_wconf 91' lang='lat' dir='ltr'><strong>Cum</strong></span> <span class='ocrx_word' id='word_1_750' title='bbox 1695 4655 1968 4712; x_wconf 88' lang='lat' dir='ltr'><strong>accepero</strong></span> <span class='ocrx_word' id='word_1_751' title='bbox 1999 4643 2141 4695; x_wconf 88' lang='lat' dir='ltr'><strong>tom-</strong></span> 
     </span>
    </p>
   </div>
   <div class='ocr_carea' id='block_1_89' title="bbox 490 4729 2015 4805">
    <p class='ocr_par' dir='ltr' id='par_1_89' title="bbox 490 4729 2015 4805">
     <span class='ocr_line' id='line_1_91' title="bbox 490 4729 2015 4805; baseline -0.004 -18"><span class='ocrx_word' id='word_1_752' title='bbox 490 4749 608 4805; x_wconf 83' lang='lat' dir='ltr'><strong>pus</strong></span> <span class='ocrx_word' id='word_1_753' title='bbox 636 4754 664 4786; x_wconf 74' lang='grc' dir='ltr'><strong>ιο</strong></span> <span class='ocrx_word' id='word_1_754' title='bbox 696 4729 943 4789; x_wconf 81' lang='lat' dir='ltr'><strong>intentio</strong></span> <span class='ocrx_word' id='word_1_755' title='bbox 972 4734 1062 4786; x_wconf 88' lang='lat' dir='ltr'><strong>est</strong></span> <span class='ocrx_word' id='word_1_756' title='bbox 1090 4730 1407 4785; x_wconf 88' lang='lat' dir='ltr'><strong>admonere</strong></span> <span class='ocrx_word' id='word_1_757' title='bbox 1435 4749 1463 4781; x_wconf 81' lang='grc' dir='ltr'>α</span> <span class='ocrx_word' id='word_1_758' title='bbox 1494 4745 1567 4784; x_wconf 90' lang='lat' dir='ltr'><strong>ne</strong></span> <span class='ocrx_word' id='word_1_759' title='bbox 1596 4745 1960 4801; x_wconf 90' lang='lat' dir='ltr'><strong>corrumpas.</strong></span> <span class='ocrx_word' id='word_1_760' title='bbox 1990 4757 2015 4781; x_wconf 75' lang='grc' dir='ltr'><strong>ι»</strong></span> 
     </span>
    </p>
   </div>
   <div class='ocr_carea' id='block_1_90' title="bbox 566 4817 2141 4891">
    <p class='ocr_par' dir='ltr' id='par_1_90' title="bbox 566 4817 2141 4891">
     <span class='ocr_line' id='line_1_92' title="bbox 566 4817 2141 4891; baseline -0.002 -16"><span class='ocrx_word' id='word_1_761' title='bbox 566 4821 636 4875; x_wconf 84' lang='lat' dir='ltr'><strong>Et</strong></span> <span class='ocrx_word' id='word_1_762' title='bbox 663 4818 806 4874; x_wconf 84' lang='lat' dir='ltr'><strong>dicit</strong></span> <span class='ocrx_word' id='word_1_763' title='bbox 825 4818 1210 4891; x_wconf 81' lang='lat' dir='ltr'><strong>Synagoga,0</strong></span> <span class='ocrx_word' id='word_1_764' title='bbox 1244 4835 1272 4867; x_wconf 73' lang='grc' dir='ltr'>α</span> <span class='ocrx_word' id='word_1_765' title='bbox 1304 4819 1452 4874; x_wconf 90' lang='lat' dir='ltr'><strong>Deus</strong></span> <span class='ocrx_word' id='word_1_766' title='bbox 1482 4840 1509 4871; x_wconf 73' lang='grc' dir='ltr'><strong><em>ι</em></strong></span> <span class='ocrx_word' id='word_1_767' title='bbox 1536 4834 1643 4873; x_wconf 90' lang='lat' dir='ltr'><strong>nos</strong></span> <span class='ocrx_word' id='word_1_768' title='bbox 1675 4837 1699 4862; x_wconf 81' lang='grc' dir='ltr'><strong>α</strong></span> <span class='ocrx_word' id='word_1_769' title='bbox 1728 4817 2141 4874; x_wconf 84' lang='lat' dir='ltr'><strong>conﬁtebimur</strong></span> 
     </span>
    </p>
   </div>
   <div class='ocr_carea' id='block_1_91' title="bbox 494 4905 2140 4982">
    <p class='ocr_par' dir='ltr' id='par_1_91' title="bbox 494 4905 2140 4982">
     <span class='ocr_line' id='line_1_93' title="bbox 494 4905 2140 4982; baseline -0.003 -17"><span class='ocrx_word' id='word_1_770' title='bbox 494 4908 602 4966; x_wconf 85' lang='lat' dir='ltr'><strong>tibi</strong></span> <span class='ocrx_word' id='word_1_771' title='bbox 630 4924 661 4957; x_wconf 66' lang='grc' dir='ltr'><strong><em>ι</em></strong></span> <span class='ocrx_word' id='word_1_772' title='bbox 690 4909 929 4982; x_wconf 87' lang='lat' dir='ltr'><strong>peccata</strong></span> <span class='ocrx_word' id='word_1_773' title='bbox 957 4909 1158 4962; x_wconf 86' lang='lat' dir='ltr'><strong>nostra</strong></span> <span class='ocrx_word' id='word_1_774' title='bbox 1190 4924 1203 4962; x_wconf 91' lang='lat'><strong>:</strong></span> <span class='ocrx_word' id='word_1_775' title='bbox 1238 4911 1298 4962; x_wconf 91' lang='lat' dir='ltr'><strong>et</strong></span> <span class='ocrx_word' id='word_1_776' title='bbox 1327 4906 1466 4978; x_wconf 91' lang='lat' dir='ltr'><strong>quia</strong></span> <span class='ocrx_word' id='word_1_777' title='bbox 1494 4923 1768 4963; x_wconf 89' lang='lat' dir='ltr'><strong>securum</strong></span> <span class='ocrx_word' id='word_1_778' title='bbox 1800 4923 1863 4962; x_wconf 90' lang='lat' dir='ltr'><strong>se</strong></span> <span class='ocrx_word' id='word_1_779' title='bbox 1890 4905 2140 4962; x_wconf 87' lang='lat' dir='ltr'><strong>credidit</strong></span> 
     </span>
    </p>
   </div>
   <div class='ocr_carea' id='block_1_92' title="bbox 492 4993 2138 5070">
    <p class='ocr_par' dir='ltr' id='par_1_92' title="bbox 492 4993 2138 5070">
     <span class='ocr_line' id='line_1_94' title="bbox 492 4993 2138 5070; baseline -0.002 -16"><span class='ocrx_word' id='word_1_780' title='bbox 492 5002 561 5054; x_wconf 86' lang='lat' dir='ltr'><strong>ut</strong></span> <span class='ocrx_word' id='word_1_781' title='bbox 584 4996 955 5070; x_wconf 87' lang='lat' dir='ltr'><strong>permaneret</strong></span> <span class='ocrx_word' id='word_1_782' title='bbox 984 4993 1043 5049; x_wconf 91' lang='lat' dir='ltr'><strong>in</strong></span> <span class='ocrx_word' id='word_1_783' title='bbox 1074 4994 1458 5061; x_wconf 86' lang='lat' dir='ltr'><strong>confessione,</strong></span> <span class='ocrx_word' id='word_1_784' title='bbox 1488 4995 1816 5068; x_wconf 87' lang='lat' dir='ltr'><strong>ingeminat</strong></span> <span class='ocrx_word' id='word_1_785' title='bbox 1846 5012 1860 5051; x_wconf 90' lang='lat'><strong>:</strong></span> <span class='ocrx_word' id='word_1_786' title='bbox 1896 5023 1921 5049; x_wconf 76' lang='grc' dir='ltr'><strong>α</strong></span> <span class='ocrx_word' id='word_1_787' title='bbox 1952 4995 2138 5051; x_wconf 84' lang='lat' dir='ltr'><strong>conﬁ-</strong></span> 
     </span>
    </p>
   </div>
   <div class='ocr_carea' id='block_1_93' title="bbox 493 5084 2136 5157">
    <p class='ocr_par' dir='ltr' id='par_1_93' title="bbox 493 5084 2136 5157">
     <span class='ocr_line' id='line_1_95' title="bbox 493 5084 2136 5157; baseline -0.002 -14"><span class='ocrx_word' id='word_1_788' title='bbox 493 5087 752 5143; x_wconf 89' lang='lat' dir='ltr'><strong>tebimur</strong></span> <span class='ocrx_word' id='word_1_789' title='bbox 778 5103 804 5129; x_wconf 74' lang='grc' dir='ltr'><strong>ιο</strong></span> <span class='ocrx_word' id='word_1_790' title='bbox 838 5087 1293 5157; x_wconf 87' lang='lat' dir='ltr'><strong>perseveranter,</strong></span> <span class='ocrx_word' id='word_1_791' title='bbox 1327 5103 1351 5130; x_wconf 80' lang='grc' dir='ltr'><strong>«ι</strong></span> <span class='ocrx_word' id='word_1_792' title='bbox 1383 5088 1442 5139; x_wconf 91' lang='lat' dir='ltr'><strong>et</strong></span> <span class='ocrx_word' id='word_1_793' title='bbox 1470 5108 1495 5135; x_wconf 70' lang='grc' dir='ltr'><strong>ο</strong></span> <span class='ocrx_word' id='word_1_794' title='bbox 1530 5087 1662 5156; x_wconf 89' lang='lat' dir='ltr'><strong>post</strong></span> <span class='ocrx_word' id='word_1_795' title='bbox 1687 5084 2136 5149; x_wconf 85' lang='lat' dir='ltr'><strong>confessionem,</strong></span> 
     </span>
    </p>
   </div>
   <div class='ocr_carea' id='block_1_94' title="bbox 500 5173 2139 5245">
    <p class='ocr_par' dir='ltr' id='par_1_94' title="bbox 500 5173 2139 5245">
     <span class='ocr_line' id='line_1_96' title="bbox 500 5173 2139 5245; baseline -0.001 -15"><span class='ocrx_word' id='word_1_796' title='bbox 500 5195 523 5224; x_wconf 76' lang='grc' dir='ltr'>ι</span> <span class='ocrx_word' id='word_1_797' title='bbox 551 5174 955 5233; x_wconf 85' lang='lat' dir='ltr'><strong>invocabimus</strong></span> <span class='ocrx_word' id='word_1_798' title='bbox 984 5190 1195 5229; x_wconf 90' lang='lat' dir='ltr'><strong>nomen</strong></span> <span class='ocrx_word' id='word_1_799' title='bbox 1227 5177 1418 5239; x_wconf 89' lang='lat' dir='ltr'><strong>tuum,</strong></span> <span class='ocrx_word' id='word_1_800' title='bbox 1439 5190 1467 5222; x_wconf 69' lang='grc' dir='ltr'><strong><em>ι</em></strong></span> <span class='ocrx_word' id='word_1_801' title='bbox 1499 5178 1565 5229; x_wconf 89' lang='lat' dir='ltr'><strong>ut</strong></span> <span class='ocrx_word' id='word_1_802' title='bbox 1592 5173 1760 5229; x_wconf 90' lang='lat' dir='ltr'><strong>nobis</strong></span> <span class='ocrx_word' id='word_1_803' title='bbox 1790 5178 2139 5245; x_wconf 73' lang='lat' dir='ltr'><strong>peccaturo-</strong></span> 
     </span>
    </p>
   </div>
   <div class='ocr_carea' id='block_1_95' title="bbox 492 5260 2135 5335">
    <p class='ocr_par' dir='ltr' id='par_1_95' title="bbox 492 5260 2135 5335">
     <span class='ocr_line' id='line_1_97' title="bbox 492 5260 2135 5335; baseline -0.003 -13"><span class='ocrx_word' id='word_1_804' title='bbox 492 5264 672 5330; x_wconf 81' lang='lat' dir='ltr'><strong>laxes,</strong></span> <span class='ocrx_word' id='word_1_805' title='bbox 705 5268 764 5321; x_wconf 89' lang='lat' dir='ltr'><strong>et</strong></span> <span class='ocrx_word' id='word_1_806' title='bbox 786 5262 850 5319; x_wconf 90' lang='lat' dir='ltr'><strong>iu</strong></span> <span class='ocrx_word' id='word_1_807' title='bbox 880 5263 1052 5319; x_wconf 89' lang='lat' dir='ltr'><strong>nobis</strong></span> <span class='ocrx_word' id='word_1_808' title='bbox 1096 5262 1321 5319; x_wconf 90' lang='lat' dir='ltr'><strong>habites</strong></span> <span class='ocrx_word' id='word_1_809' title='bbox 1355 5279 1368 5317; x_wconf 92' lang='lat'><strong>:</strong></span> <span class='ocrx_word' id='word_1_810' title='bbox 1403 5266 1558 5319; x_wconf 90' lang='lat' dir='ltr'><strong>recte</strong></span> <span class='ocrx_word' id='word_1_811' title='bbox 1604 5260 1807 5319; x_wconf 91' lang='lat' dir='ltr'><strong>ordine</strong></span> <span class='ocrx_word' id='word_1_812' title='bbox 1856 5263 2135 5335; x_wconf 90' lang='lat' dir='ltr'><strong>procedit,</strong></span> 
     </span>
    </p>
   </div>
   <div class='ocr_carea' id='block_1_96' title="bbox 494 5350 2053 5424">
    <p class='ocr_par' dir='ltr' id='par_1_96' title="bbox 494 5350 2053 5424">
     <span class='ocr_line' id='line_1_98' title="bbox 494 5350 2053 5424; baseline 0.001 -19"><span class='ocrx_word' id='word_1_813' title='bbox 494 5351 633 5423; x_wconf 89' lang='lat' dir='ltr'><strong>quia</strong></span> <span class='ocrx_word' id='word_1_814' title='bbox 661 5351 765 5406; x_wconf 89' lang='lat' dir='ltr'><strong>ubi</strong></span> <span class='ocrx_word' id='word_1_815' title='bbox 796 5367 912 5406; x_wconf 91' lang='lat' dir='ltr'><strong>non</strong></span> <span class='ocrx_word' id='word_1_816' title='bbox 941 5350 1190 5417; x_wconf 87' lang='lat' dir='ltr'><strong>invocat,</strong></span> <span class='ocrx_word' id='word_1_817' title='bbox 1224 5350 1399 5424; x_wconf 84' lang='lat' dir='ltr'><strong>digne</strong></span> <span class='ocrx_word' id='word_1_818' title='bbox 1430 5366 1666 5405; x_wconf 88' lang='lat' dir='ltr'><strong>narrare</strong></span> <span class='ocrx_word' id='word_1_819' title='bbox 1695 5366 1811 5405; x_wconf 91' lang='lat' dir='ltr'><strong>non</strong></span> <span class='ocrx_word' id='word_1_820' title='bbox 1842 5354 2053 5422; x_wconf 90' lang='lat' dir='ltr'><strong>potest.</strong></span> 
     </span>
    </p>
   </div>
   <div class='ocr_carea' id='block_1_97' title="bbox 564 5426 2138 5511">
    <p class='ocr_par' dir='ltr' id='par_1_97' title="bbox 564 5426 2138 5511">
     <span class='ocr_line' id='line_1_99' title="bbox 564 5426 2138 5511; baseline 0.001 -17"><span class='ocrx_word' id='word_1_821' title='bbox 564 5440 635 5494; x_wconf 87' lang='lat' dir='ltr'><strong>Et</strong></span> <span class='ocrx_word' id='word_1_822' title='bbox 647 5443 959 5511; x_wconf 89' lang='lat' dir='ltr'><strong>postquam</strong></span> <span class='ocrx_word' id='word_1_823' title='bbox 971 5439 1453 5504; x_wconf 89' lang='lat' dir='ltr'><strong>invocaverimus,</strong></span> <span class='ocrx_word' id='word_1_824' title='bbox 1471 5463 1499 5494; x_wconf 73' lang='grc' dir='ltr'>α</span> <span class='ocrx_word' id='word_1_825' title='bbox 1514 5426 1886 5494; x_wconf 81' lang='lat' dir='ltr'><strong>narrabimus</strong></span> <span class='ocrx_word' id='word_1_826' title='bbox 1907 5440 2138 5496; x_wconf 82' lang='lat' dir='ltr'><strong>mirabi-</strong></span> 
     </span>
    </p>
   </div>
   <div class='ocr_carea' id='block_1_98' title="bbox 494 5525 2139 5599">
    <p class='ocr_par' dir='ltr' id='par_1_98' title="bbox 494 5525 2139 5599">
     <span class='ocr_line' id='line_1_100' title="bbox 494 5525 2139 5599; baseline 0 -14"><span class='ocrx_word' id='word_1_827' title='bbox 494 5525 575 5585; x_wconf 76' lang='lat' dir='ltr'><strong>lia</strong></span> <span class='ocrx_word' id='word_1_828' title='bbox 601 5530 723 5592; x_wconf 90' lang='lat' dir='ltr'><strong>tua,</strong></span> <span class='ocrx_word' id='word_1_829' title='bbox 744 5555 768 5578; x_wconf 83' lang='lat'><strong>»</strong></span> <span class='ocrx_word' id='word_1_830' title='bbox 801 5526 1021 5583; x_wconf 89' lang='lat' dir='ltr'><strong>scilicet</strong></span> <span class='ocrx_word' id='word_1_831' title='bbox 1041 5527 1111 5581; x_wconf 90' lang='lat' dir='ltr'><strong>de</strong></span> <span class='ocrx_word' id='word_1_832' title='bbox 1129 5526 1421 5582; x_wconf 71' lang='lat' dir='ltr'><strong>creatione</strong></span> <span class='ocrx_word' id='word_1_833' title='bbox 1437 5527 1666 5589; x_wconf 90' lang='lat' dir='ltr'><strong>mundi,</strong></span> <span class='ocrx_word' id='word_1_834' title='bbox 1682 5528 1753 5582; x_wconf 92' lang='lat' dir='ltr'><strong>de</strong></span> <span class='ocrx_word' id='word_1_835' title='bbox 1775 5530 2139 5599; x_wconf 88' lang='lat' dir='ltr'><strong>reparatione</strong></span> 
     </span>
    </p>
   </div>
   <div class='ocr_carea' id='block_1_99' title="bbox 496 5614 2137 5693">
    <p class='ocr_par' dir='ltr' id='par_1_99' title="bbox 496 5614 2137 5693">
     <span class='ocr_line' id='line_1_101' title="bbox 496 5614 2137 5693; baseline 0.004 -22"><span class='ocrx_word' id='word_1_836' title='bbox 496 5614 724 5693; x_wconf 82' lang='lat' dir='ltr'><strong>generis</strong></span> <span class='ocrx_word' id='word_1_837' title='bbox 755 5614 998 5674; x_wconf 83' lang='lat' dir='ltr'><strong>humani</strong></span> <span class='ocrx_word' id='word_1_838' title='bbox 1034 5630 1046 5669; x_wconf 91' lang='lat'>:</span> <span class='ocrx_word' id='word_1_839' title='bbox 1084 5619 1142 5669; x_wconf 89' lang='lat' dir='ltr'><strong>et</strong></span> <span class='ocrx_word' id='word_1_840' title='bbox 1167 5631 1302 5672; x_wconf 88' lang='lat' dir='ltr'><strong>cum</strong></span> <span class='ocrx_word' id='word_1_841' title='bbox 1334 5615 1443 5672; x_wconf 89' lang='lat' dir='ltr'><strong>hoc</strong></span> <span class='ocrx_word' id='word_1_842' title='bbox 1473 5617 1684 5674; x_wconf 88' lang='lat' dir='ltr'><strong>iterum</strong></span> <span class='ocrx_word' id='word_1_843' title='bbox 1734 5620 1887 5674; x_wconf 89' lang='lat' dir='ltr'><strong>recte</strong></span> <span class='ocrx_word' id='word_1_844' title='bbox 1935 5618 2137 5677; x_wconf 87' lang='lat' dir='ltr'><strong>ordine</strong></span> 
     </span>
    </p>
   </div>
   <div class='ocr_carea' id='block_1_100' title="bbox 2249 4639 3906 4714">
    <p class='ocr_par' dir='ltr' id='par_1_100' title="bbox 2249 4639 3906 4714">
     <span class='ocr_line' id='line_1_102' title="bbox 2249 4639 3906 4714; baseline -0.001 -16"><span class='ocrx_word' id='word_1_845' title='bbox 2249 4644 2378 4699; x_wconf 90' lang='lat' dir='ltr'><strong>ideo</strong></span> <span class='ocrx_word' id='word_1_846' title='bbox 2410 4641 2551 4698; x_wconf 89' lang='lat' dir='ltr'><strong>dicit</strong></span> <span class='ocrx_word' id='word_1_847' title='bbox 2577 4643 2733 4714; x_wconf 90' lang='lat' dir='ltr'><strong>quod</strong></span> <span class='ocrx_word' id='word_1_848' title='bbox 2760 4658 2798 4698; x_wconf 86' lang='lat' dir='ltr'><strong>a</strong></span> <span class='ocrx_word' id='word_1_849' title='bbox 2817 4641 2982 4699; x_wconf 89' lang='lat' dir='ltr'><strong>nullo</strong></span> <span class='ocrx_word' id='word_1_850' title='bbox 3012 4643 3196 4707; x_wconf 89' lang='lat' dir='ltr'><strong>deest,</strong></span> <span class='ocrx_word' id='word_1_851' title='bbox 3230 4660 3255 4685; x_wconf 72' lang='grc' dir='ltr'><strong><em>α</em></strong></span> <span class='ocrx_word' id='word_1_852' title='bbox 3286 4640 3566 4713; x_wconf 81' lang='lat' dir='ltr'><strong>quoniam</strong></span> <span class='ocrx_word' id='word_1_853' title='bbox 3609 4641 3780 4697; x_wconf 83' lang='lat' dir='ltr'><strong>Deus</strong></span> <span class='ocrx_word' id='word_1_854' title='bbox 3800 4639 3906 4711; x_wconf 74' lang='lat' dir='ltr'><strong>jn-</strong></span> 
     </span>
    </p>
   </div>
   <div class='ocr_carea' id='block_1_101' title="bbox 2246 4728 3908 4803">
    <p class='ocr_par' dir='ltr' id='par_1_101' title="bbox 2246 4728 3908 4803">
     <span class='ocr_line' id='line_1_103' title="bbox 2246 4728 3908 4803; baseline -0.004 -16"><span class='ocrx_word' id='word_1_855' title='bbox 2246 4732 2358 4787; x_wconf 80' lang='lat' dir='ltr'><strong>dex</strong></span> <span class='ocrx_word' id='word_1_856' title='bbox 2386 4735 2494 4796; x_wconf 89' lang='lat' dir='ltr'><strong>est,</strong></span> <span class='ocrx_word' id='word_1_857' title='bbox 2529 4755 2553 4779; x_wconf 69' lang='grc' dir='ltr'><strong>ι)</strong></span> <span class='ocrx_word' id='word_1_858' title='bbox 2584 4730 2684 4787; x_wconf 91' lang='lat' dir='ltr'><strong>ille</strong></span> <span class='ocrx_word' id='word_1_859' title='bbox 2706 4731 2787 4787; x_wconf 86' lang='lat' dir='ltr'><strong>de</strong></span> <span class='ocrx_word' id='word_1_860' title='bbox 2810 4747 2927 4803; x_wconf 90' lang='lat' dir='ltr'><strong>quo</strong></span> <span class='ocrx_word' id='word_1_861' title='bbox 2958 4747 3086 4803; x_wconf 86' lang='lat' dir='ltr'><strong>ego,</strong></span> <span class='ocrx_word' id='word_1_862' title='bbox 3119 4729 3272 4786; x_wconf 88' lang='lat' dir='ltr'><strong>Deus</strong></span> <span class='ocrx_word' id='word_1_863' title='bbox 3311 4734 3423 4795; x_wconf 84' lang='lat' dir='ltr'><strong>est,</strong></span> <span class='ocrx_word' id='word_1_864' title='bbox 3451 4734 3511 4785; x_wconf 87' lang='lat' dir='ltr'><strong>et</strong></span> <span class='ocrx_word' id='word_1_865' title='bbox 3556 4728 3704 4800; x_wconf 83' lang='lat' dir='ltr'><strong>quia</strong></span> <span class='ocrx_word' id='word_1_866' title='bbox 3748 4728 3908 4785; x_wconf 82' lang='lat' dir='ltr'><strong>Deus</strong></span> 
     </span>
    </p>
   </div>
   <div class='ocr_carea' id='block_1_102' title="bbox 2245 4817 3401 4891">
    <p class='ocr_par' dir='ltr' id='par_1_102' title="bbox 2245 4817 3401 4891">
     <span class='ocr_line' id='line_1_104' title="bbox 2245 4817 3401 4891; baseline -0.005 -15"><span class='ocrx_word' id='word_1_867' title='bbox 2245 4823 2365 4884; x_wconf 77' lang='lat' dir='ltr'><strong>est,</strong></span> <span class='ocrx_word' id='word_1_868' title='bbox 2387 4833 2524 4891; x_wconf 86' lang='lat' dir='ltr'><strong>ergo</strong></span> <span class='ocrx_word' id='word_1_869' title='bbox 2553 4817 2773 4890; x_wconf 89' lang='lat' dir='ltr'><strong>ubique</strong></span> <span class='ocrx_word' id='word_1_870' title='bbox 2801 4822 2911 4874; x_wconf 87' lang='lat' dir='ltr'><strong>est.</strong></span> <span class='ocrx_word' id='word_1_871' title='bbox 3392 4841 3401 4845; x_wconf 90' lang='lat'><strong><em>-</em></strong></span> 
     </span>
    </p>
   </div>
   <div class='ocr_carea' id='block_1_103' title="bbox 2318 4905 3911 4980">
    <p class='ocr_par' dir='ltr' id='par_1_103' title="bbox 2318 4905 3911 4980">
     <span class='ocr_line' id='line_1_105' title="bbox 2318 4905 3911 4980; baseline -0.001 -17"><span class='ocrx_word' id='word_1_872' title='bbox 2318 4909 2389 4964; x_wconf 89' lang='lat' dir='ltr'><strong>Et</strong></span> <span class='ocrx_word' id='word_1_873' title='bbox 2417 4908 2559 4980; x_wconf 89' lang='lat' dir='ltr'><strong>quia</strong></span> <span class='ocrx_word' id='word_1_874' title='bbox 2588 4927 2614 4953; x_wconf 79' lang='grc' dir='ltr'><strong>οι</strong></span> <span class='ocrx_word' id='word_1_875' title='bbox 2636 4908 2818 4979; x_wconf 84' lang='lat' dir='ltr'><strong>judex</strong></span> <span class='ocrx_word' id='word_1_876' title='bbox 2846 4911 2938 4964; x_wconf 87' lang='lat' dir='ltr'><strong>est</strong></span> <span class='ocrx_word' id='word_1_877' title='bbox 2965 4935 2990 4961; x_wconf 77' lang='grc' dir='ltr'><strong>η</strong></span> <span class='ocrx_word' id='word_1_878' title='bbox 3024 4911 3081 4963; x_wconf 86' lang='lat' dir='ltr'><strong>et</strong></span> <span class='ocrx_word' id='word_1_879' title='bbox 3102 4908 3329 4979; x_wconf 87' lang='lat' dir='ltr'><strong>justus,</strong></span> <span class='ocrx_word' id='word_1_880' title='bbox 3361 4905 3604 4972; x_wconf 83' lang='lat' dir='ltr'><strong>scilicet,</strong></span> <span class='ocrx_word' id='word_1_881' title='bbox 3618 4905 3729 4963; x_wconf 86' lang='lat' dir='ltr'><strong>ubi</strong></span> <span class='ocrx_word' id='word_1_882' title='bbox 3747 4906 3911 4962; x_wconf 76' lang='lat' dir='ltr'><strong>(licet</strong></span> 
     </span>
    </p>
   </div>
   <div class='ocr_carea' id='block_1_104' title="bbox 2239 4994 3911 5070">
    <p class='ocr_par' dir='ltr' id='par_1_104' title="bbox 2239 4994 3911 5070">
     <span class='ocr_line' id='line_1_106' title="bbox 2239 4994 3911 5070; baseline -0.001 -18"><span class='ocrx_word' id='word_1_883' title='bbox 2239 4997 2504 5070; x_wconf 89' lang='lat' dir='ltr'><strong>judicem</strong></span> <span class='ocrx_word' id='word_1_884' title='bbox 2538 4994 2770 5069; x_wconf 89' lang='lat' dir='ltr'><strong>proprie</strong></span> <span class='ocrx_word' id='word_1_885' title='bbox 2798 5001 2856 5052; x_wconf 90' lang='lat' dir='ltr'><strong>et</strong></span> <span class='ocrx_word' id='word_1_886' title='bbox 2865 4997 3103 5068; x_wconf 88' lang='lat' dir='ltr'><strong>justum</strong></span> <span class='ocrx_word' id='word_1_887' title='bbox 3121 4995 3423 5070; x_wconf 67' lang='lat' dir='ltr'><strong>intelligit,</strong></span> <span class='ocrx_word' id='word_1_888' title='bbox 3437 4994 3911 5052; x_wconf 55' lang='lat' dir='ltr'><strong>ideoixhumiliat</strong></span> 
     </span>
    </p>
   </div>
   <div class='ocr_carea' id='block_1_105' title="bbox 2248 5082 3911 5157">
    <p class='ocr_par' dir='ltr' id='par_1_105' title="bbox 2248 5082 3911 5157">
     <span class='ocr_line' id='line_1_107' title="bbox 2248 5082 3911 5157; baseline -0.002 -15"><span class='ocrx_word' id='word_1_889' title='bbox 2248 5086 2397 5142; x_wconf 90' lang='lat' dir='ltr'><strong>hanc</strong></span> <span class='ocrx_word' id='word_1_890' title='bbox 2424 5101 2452 5131; x_wconf 71' lang='grc' dir='ltr'><strong><em>ι</em></strong></span> <span class='ocrx_word' id='word_1_891' title='bbox 2483 5085 2827 5157; x_wconf 90' lang='lat' dir='ltr'><strong>superbum,</strong></span> <span class='ocrx_word' id='word_1_892' title='bbox 2859 5084 3034 5141; x_wconf 86' lang='lat' dir='ltr'><strong>etiam</strong></span> <span class='ocrx_word' id='word_1_893' title='bbox 3064 5084 3126 5140; x_wconf 91' lang='lat' dir='ltr'><strong>in</strong></span> <span class='ocrx_word' id='word_1_894' title='bbox 3156 5085 3285 5150; x_wconf 83' lang='lat' dir='ltr'><strong>hac,</strong></span> <span class='ocrx_word' id='word_1_895' title='bbox 3326 5089 3383 5141; x_wconf 89' lang='lat' dir='ltr'><strong>et</strong></span> <span class='ocrx_word' id='word_1_896' title='bbox 3413 5083 3649 5141; x_wconf 82' lang='lat' dir='ltr'><strong>tandem</strong></span> <span class='ocrx_word' id='word_1_897' title='bbox 3687 5083 3757 5139; x_wconf 81' lang='lat' dir='ltr'><strong>in</strong></span> <span class='ocrx_word' id='word_1_898' title='bbox 3793 5082 3911 5141; x_wconf 84' lang='lat' dir='ltr'><strong>alia</strong></span> 
     </span>
    </p>
   </div>
   <div class='ocr_carea' id='block_1_106' title="bbox 2245 5170 3909 5241">
    <p class='ocr_par' dir='ltr' id='par_1_106' title="bbox 2245 5170 3909 5241">
     <span class='ocr_line' id='line_1_108' title="bbox 2245 5170 3909 5241; baseline -0.001 -11"><span class='ocrx_word' id='word_1_899' title='bbox 2245 5174 2386 5239; x_wconf 87' lang='lat' dir='ltr'><strong>vita,</strong></span> <span class='ocrx_word' id='word_1_900' title='bbox 2421 5201 2446 5227; x_wconf 75' lang='grc' dir='ltr'><strong>α</strong></span> <span class='ocrx_word' id='word_1_901' title='bbox 2467 5178 2525 5230; x_wconf 91' lang='lat' dir='ltr'><strong>et</strong></span> <span class='ocrx_word' id='word_1_902' title='bbox 2552 5173 2729 5239; x_wconf 91' lang='lat' dir='ltr'><strong>hunc,</strong></span> <span class='ocrx_word' id='word_1_903' title='bbox 2745 5193 2769 5217; x_wconf 71' lang='grc' dir='ltr'><strong><em>η</em></strong></span> <span class='ocrx_word' id='word_1_904' title='bbox 2800 5174 2859 5230; x_wconf 87' lang='lat' dir='ltr'><strong>id</strong></span> <span class='ocrx_word' id='word_1_905' title='bbox 2888 5179 2998 5240; x_wconf 90' lang='lat' dir='ltr'><strong>est,</strong></span> <span class='ocrx_word' id='word_1_906' title='bbox 3021 5172 3328 5241; x_wconf 86' lang='lat' dir='ltr'><strong>humilem,</strong></span> <span class='ocrx_word' id='word_1_907' title='bbox 3348 5194 3372 5218; x_wconf 73' lang='grc' dir='ltr'><strong>ει</strong></span> <span class='ocrx_word' id='word_1_908' title='bbox 3392 5171 3611 5234; x_wconf 72' lang='lat' dir='ltr'><strong>exultat</strong></span> <span class='ocrx_word' id='word_1_909' title='bbox 3638 5195 3668 5228; x_wconf 73' lang='grc' dir='ltr'><strong><em>ι</em></strong></span> <span class='ocrx_word' id='word_1_910' title='bbox 3692 5170 3909 5229; x_wconf 76' lang='lat' dir='ltr'><strong>multi-</strong></span> 
     </span>
    </p>
   </div>
   <div class='ocr_carea' id='block_1_107' title="bbox 2246 5259 3915 5336">
    <p class='ocr_par' dir='ltr' id='par_1_107' title="bbox 2246 5259 3915 5336">
     <span class='ocr_line' id='line_1_109' title="bbox 2246 5259 3915 5336; baseline -0.001 -18"><span class='ocrx_word' id='word_1_911' title='bbox 2246 5263 2302 5336; x_wconf 94' lang='lat' dir='ltr'><strong>pl</strong></span> <span class='ocrx_word' id='word_1_912' title='bbox 2312 5263 2517 5319; x_wconf 89' lang='lat' dir='ltr'><strong>icando</strong></span> <span class='ocrx_word' id='word_1_913' title='bbox 2537 5279 2674 5320; x_wconf 89' lang='lat' dir='ltr'><strong>eum</strong></span> <span class='ocrx_word' id='word_1_914' title='bbox 2693 5263 2752 5317; x_wconf 89' lang='lat' dir='ltr'><strong>in</strong></span> <span class='ocrx_word' id='word_1_915' title='bbox 2762 5261 3162 5331; x_wconf 88' lang='lat' dir='ltr'><strong>virtutibus,et</strong></span> <span class='ocrx_word' id='word_1_916' title='bbox 3180 5262 3416 5320; x_wconf 86' lang='lat' dir='ltr'><strong>tandem</strong></span> <span class='ocrx_word' id='word_1_917' title='bbox 3429 5260 3490 5317; x_wconf 90' lang='lat' dir='ltr'><strong>in</strong></span> <span class='ocrx_word' id='word_1_918' title='bbox 3502 5259 3623 5318; x_wconf 86' lang='lat' dir='ltr'><strong>alia</strong></span> <span class='ocrx_word' id='word_1_919' title='bbox 3634 5259 3915 5317; x_wconf 69' lang='lat' dir='ltr'><strong>vitavem</strong></span> 
     </span>
    </p>
   </div>
   <div class='ocr_carea' id='block_1_108' title="bbox 2245 5349 3916 5424">
    <p class='ocr_par' dir='ltr' id='par_1_108' title="bbox 2245 5349 3916 5424">
     <span class='ocr_line' id='line_1_110' title="bbox 2245 5349 3916 5424; baseline -0.002 -14"><span class='ocrx_word' id='word_1_920' title='bbox 2245 5352 2542 5419; x_wconf 86' lang='lat' dir='ltr'><strong>exaltabit,</strong></span> <span class='ocrx_word' id='word_1_921' title='bbox 2556 5369 2690 5409; x_wconf 90' lang='lat' dir='ltr'><strong>cum</strong></span> <span class='ocrx_word' id='word_1_922' title='bbox 2711 5368 2846 5407; x_wconf 89' lang='lat' dir='ltr'><strong>eum</strong></span> <span class='ocrx_word' id='word_1_923' title='bbox 2867 5354 3145 5424; x_wconf 86' lang='lat' dir='ltr'><strong>perpetuo</strong></span> <span class='ocrx_word' id='word_1_924' title='bbox 3165 5349 3916 5423; x_wconf 77' lang='lat' dir='ltr'><strong>ceronabitetpotestexal-</strong></span> 
     </span>
    </p>
   </div>
   <div class='ocr_carea' id='block_1_109' title="bbox 2245 5437 3916 5513">
    <p class='ocr_par' dir='ltr' id='par_1_109' title="bbox 2245 5437 3916 5513">
     <span class='ocr_line' id='line_1_111' title="bbox 2245 5437 3916 5513; baseline -0.004 -13"><span class='ocrx_word' id='word_1_925' title='bbox 2245 5448 2397 5500; x_wconf 88' lang='lat' dir='ltr'><strong>tare:</strong></span> <span class='ocrx_word' id='word_1_926' title='bbox 2431 5447 2488 5499; x_wconf 88' lang='lat' dir='ltr'><strong>et</strong></span> <span class='ocrx_word' id='word_1_927' title='bbox 2514 5441 2887 5507; x_wconf 71' lang='lat' dir='ltr'><strong>humiliare,¢</strong></span> <span class='ocrx_word' id='word_1_928' title='bbox 2919 5441 3058 5513; x_wconf 90' lang='lat' dir='ltr'><strong>quia</strong></span> <span class='ocrx_word' id='word_1_929' title='bbox 3074 5440 3136 5496; x_wconf 90' lang='lat' dir='ltr'><strong>in</strong></span> <span class='ocrx_word' id='word_1_930' title='bbox 3167 5458 3348 5498; x_wconf 87' lang='lat' dir='ltr'><strong>manu</strong></span> <span class='ocrx_word' id='word_1_931' title='bbox 3366 5459 3391 5485; x_wconf 69' lang='grc' dir='ltr'><strong>ιι</strong></span> <span class='ocrx_word' id='word_1_932' title='bbox 3423 5439 3583 5498; x_wconf 88' lang='lat' dir='ltr'><strong>illius</strong></span> <span class='ocrx_word' id='word_1_933' title='bbox 3602 5454 3632 5485; x_wconf 71' lang='grc' dir='ltr'><em>α</em></span> <span class='ocrx_word' id='word_1_934' title='bbox 3653 5437 3916 5499; x_wconf 80' lang='lat' dir='ltr'><strong>Domini</strong></span> 
     </span>
    </p>
   </div>
   <div class='ocr_carea' id='block_1_110' title="bbox 2244 5528 3919 5601">
    <p class='ocr_par' dir='ltr' id='par_1_110' title="bbox 2244 5528 3919 5601">
     <span class='ocr_line' id='line_1_112' title="bbox 2244 5528 3919 5601; baseline -0.004 -10"><span class='ocrx_word' id='word_1_935' title='bbox 2244 5532 2436 5591; x_wconf 76' lang='lat' dir='ltr'><strong>calix»</strong></span> <span class='ocrx_word' id='word_1_936' title='bbox 2468 5536 2576 5596; x_wconf 90' lang='lat' dir='ltr'><strong>est,</strong></span> <span class='ocrx_word' id='word_1_937' title='bbox 2590 5529 2812 5587; x_wconf 89' lang='lat' dir='ltr'><strong>scilicet</strong></span> <span class='ocrx_word' id='word_1_938' title='bbox 2832 5528 3028 5585; x_wconf 88' lang='lat' dir='ltr'><strong>divina</strong></span> <span class='ocrx_word' id='word_1_939' title='bbox 3048 5529 3369 5601; x_wconf 88' lang='lat' dir='ltr'><strong>Scriptura,</strong></span> <span class='ocrx_word' id='word_1_940' title='bbox 3384 5530 3455 5586; x_wconf 91' lang='lat' dir='ltr'><strong>de</strong></span> <span class='ocrx_word' id='word_1_941' title='bbox 3478 5545 3596 5601; x_wconf 83' lang='lat' dir='ltr'><strong>qua</strong></span> <span class='ocrx_word' id='word_1_942' title='bbox 3614 5531 3919 5598; x_wconf 73' lang='lat' dir='ltr'><strong>petantur</strong></span> 
     </span>
    </p>
   </div>
   <div class='ocr_carea' id='block_1_111' title="bbox 2247 5616 3916 5690">
    <p class='ocr_par' dir='ltr' id='par_1_111' title="bbox 2247 5616 3916 5690">
     <span class='ocr_line' id='line_1_113' title="bbox 2247 5616 3916 5690; baseline -0.006 -11"><span class='ocrx_word' id='word_1_943' title='bbox 2247 5621 2437 5689; x_wconf 88' lang='lat' dir='ltr'><strong>multi,</strong></span> <span class='ocrx_word' id='word_1_944' title='bbox 2453 5621 2607 5678; x_wconf 89' lang='lat' dir='ltr'><strong>sicut</strong></span> <span class='ocrx_word' id='word_1_945' title='bbox 2626 5621 2697 5676; x_wconf 89' lang='lat' dir='ltr'><strong>de</strong></span> <span class='ocrx_word' id='word_1_946' title='bbox 2719 5618 2914 5690; x_wconf 89' lang='lat' dir='ltr'><strong>aliquo</strong></span> <span class='ocrx_word' id='word_1_947' title='bbox 2927 5618 3105 5676; x_wconf 88' lang='lat' dir='ltr'><strong>calice</strong></span> <span class='ocrx_word' id='word_1_948' title='bbox 3122 5637 3136 5687; x_wconf 87' lang='lat'><strong>;</strong></span> <span class='ocrx_word' id='word_1_949' title='bbox 3155 5618 3306 5676; x_wconf 80' lang='lat' dir='ltr'><strong>calix</strong></span> <span class='ocrx_word' id='word_1_950' title='bbox 3326 5637 3350 5662; x_wconf 76' lang='grc' dir='ltr'><strong>υ</strong></span> <span class='ocrx_word' id='word_1_951' title='bbox 3371 5618 3500 5677; x_wconf 83' lang='lat' dir='ltr'><strong>dico</strong></span> <span class='ocrx_word' id='word_1_952' title='bbox 3515 5641 3538 5664; x_wconf 73' lang='grc' dir='ltr'><strong><em>α</em></strong></span> <span class='ocrx_word' id='word_1_953' title='bbox 3553 5616 3703 5675; x_wconf 87' lang='lat' dir='ltr'><strong>meri</strong></span> <span class='ocrx_word' id='word_1_954' title='bbox 3719 5618 3916 5685; x_wconf 65' lang='lat' dir='ltr'><strong>vini,»</strong></span> 
     </span>
    </p>
   </div>
  </div>
