4080 6180
253 355 371 417 453

1400 356 1938 422 ἘΧΡΒΑΝΑΤΙΟ
1980 315 2062 419 iN
2104 361 2248 423 PSA
2264 359 2490 426 LMos.

3551 381 3672 443 454

258 487 507 544 Materia
536 491 627 544 est
657 488 789 578 ipsa
807 487 996 578 ﬁdelis
1017 487 1342 565 Synagoga.
1367 491 1577 549 Modus
1601 510 1613 547 :
1641 494 1701 547 in
1726 491 1917 564 prima
1942 490 1999 557 Α
2026 492 2077 544 vi
2090 497 2174 561 ιω,
2204 511 2336 550 cum
2388 498 2559 554 corde
2608 515 2798 571 meo,»
2833 499 2893 555 id
2933 506 3039 571 est,
3075 521 3209 560 cum
3256 506 3478 563 ratione
3521 524 3671 578 mea,

255 581 421 650 parte
451 577 710 633 ostendit
731 594 794 633 se
815 577 1068 634 clamare
1091 581 1161 634 ad
1186 580 1371 635 Deum
1388 581 1565 636 etiam
1599 581 1657 636 in
1678 581 1915 636 tribula-

253 667 436 739 tione,
458 671 518 722 et
547 668 705 739 quod
738 684 855 722 non
874 665 1016 722 velit
1046 668 1333 724 consolari
1352 668 1446 725 his
1468 669 1910 743 temporalibus,

254 754 354 812 ubi
384 755 528 810 dicit
550 773 601 811 ;‹‹
630 755 844 811 Renuit
863 754 1152 812 consolari
1183 757 1384 814 anima
1412 774 1594 814 mea.»
1626 759 1689 813 In
1712 775 1914 815 secun-

251 845 329 901 da
348 848 535 916 parte,
551 862 679 917 quae
699 844 909 917 incipit
934 862 984 900 :«
1004 846 1487 920 Anticipaverunt
1505 846 1735 920 vigilias
1760 847 1911 903 oculi

253 934 432 1003 mei,»
455 933 742 989 deliberat
782 937 985 989 utrum
1030 933 1272 991 salvatio
1311 934 1569 992 hominis
1609 953 1811 992 necne.
1848 936 1911 991 In

254 1023 428 1079 tertia
455 1026 641 1096 parte,
667 1039 797 1096 qua;
841 1022 1048 1096 incipit
1071 1040 1122 1079 :«
1146 1024 1217 1079 Et
1247 1023 1364 1080 dixi
1404 1041 1561 1080 nunc
1591 1024 1756 1098 cmpi,
1790 1023 1913 1080 lucc

256 1111 504 1167 mutatio
535 1111 784 1167 dexterae
824 1110 1071 1181 Excelsi,
1090 1133 1117 1161 »
1143 1112 1399 1168 ostendit
1429 1129 1491 1168 se
1523 1112 1730 1168 salutis
1758 1113 1911 1169 viam

255 1201 571 1268 invenisse,
599 1204 658 1254 et
686 1201 840 1272 quod
864 1200 993 1272 ipsa
1014 1200 1178 1257 salus
1198 1218 1302 1274 per
1323 1201 1535 1257 Filium
1567 1202 1667 1258 Dei
1699 1201 1820 1256 fiat.
1850 1202 1912 1257 In

255 1293 468 1362 quarta
498 1292 685 1362 parte,
700 1305 827 1361 quae
848 1288 1054 1362 incipit
1072 1307 1120 1345 :«
1145 1289 1431 1347 Viderunt
1451 1294 1504 1345 te
1526 1307 1712 1362 aqum,
1734 1291 1910 1359 Deus,

253 1380 532 1435 viderunt
560 1383 616 1433 te
648 1393 812 1449 aqua:
840 1381 898 1433 et
917 1377 1264 1446 timuerunt,
1290 1401 1317 1426 υ
1338 1378 1595 1434 ostendit
1623 1378 1915 1435 mirabilia

254 1485 384 1540 qua:
414 1467 574 1524 Deus
602 1483 708 1539 per
738 1465 949 1522 Filium
977 1466 1036 1521 in
1068 1467 1290 1524 mundo
1324 1468 1664 1541 procreavit.

324 1557 399 1612 Et
425 1555 514 1611 sic
546 1556 855 1629 Synagoga
884 1553 1075 1612 ﬁdelis
1106 1572 1436 1629 proponens
1480 1574 1543 1613 se
1582 1557 1914 1630 exemplum

254 1645 412 1717 aliis,
445 1643 592 1700 dicit
625 1661 638 1700 :
666 1664 690 1690 κ
717 1644 837 1717 Ego
877 1643 1125 1701 clamavi
1167 1645 1238 1701 ad
1280 1645 1595 1702 Dominum
1628 1668 1655 1700 υ
1686 1649 1751 1702 ut
1779 1663 1915 1702 cum

253 1734 578 1801 obtineam,
611 1733 754 1806 quia
796 1733 1081 1790 Dominus
1127 1739 1236 1802 est,
1271 1738 1328 1791 et
1356 1734 1464 1791 hoc
1499 1760 1523 1784 ιι
1558 1750 1695 1791 voce
1724 1753 1853 1792 mea
1889 1757 1912 1786 ι

2022 581 2161 669 quia
2200 584 2348 639 ratio
2388 587 2694 642 attendens
2753 588 2854 642 Dei
2913 589 3394 662 misericordiam,
3427 599 3483 650 et
3514 597 3672 669 quod

2020 668 2174 725 Deus
2205 669 2503 728 hominem
2537 674 2607 729 ad
2641 673 2873 731 laudem
2917 695 3087 734 suam
3121 680 3274 748 fecit,
3300 668 3547 739 humani
3574 701 3676 757 ge-

2020 758 2177 813 neris
2208 758 2587 817 salvationem
2616 763 2893 821 indicavit
2924 767 3205 838 futuram,
3231 770 3547 828 carnalitas
3578 790 3677 829 au-

2021 848 2139 900 tem
2179 847 2381 903 videns
2421 849 2722 907 hominem
2761 857 3114 924 putrescere,
3148 858 3400 930 negabat
3439 876 3674 932 repara-

2020 933 2240 990 tionem
2271 935 2564 1005 futuram,
2583 965 2607 991 α
2638 942 2697 995 et
2737 940 3089 998 exercitabat
3120 965 3143 989 »
3166 949 3231 999 ut
3261 962 3671 1019 cognoscerem

2020 1023 2163 1095 quid
2201 1025 2398 1096 potius
2438 1028 2754 1083 tenendum
2789 1029 2886 1096 sit,
2912 1051 2935 1076 α
2967 1035 3024 1086 et
3052 1053 3076 1077 υ
3108 1036 3174 1088 ut
3211 1034 3423 1092 melius
3454 1037 3674 1092 intelli-

2019 1127 2237 1184 gerem,
2260 1116 2614 1186 «scopebam
2638 1118 2914 1190 spiritum
2938 1136 3196 1187 meum,»
3219 1121 3276 1176 id
3302 1127 3413 1191 est,
3437 1140 3671 1189 omnem

2022 1200 2219 1256 faecem
2276 1203 2635 1260 terrenitatis
2684 1205 2986 1277 ejiciebam
3021 1226 3056 1264 a
3086 1226 3200 1273 me,
3230 1211 3469 1267 scobare
3515 1215 3671 1270 enim

2020 1293 2111 1344 est
2141 1291 2445 1361 mundare,
2469 1292 2555 1347 vel
2589 1320 2612 1344 ‹‹
2645 1296 2954 1366 scopebam
2976 1318 3001 1348 ο
3040 1298 3193 1352 idem
3238 1302 3328 1353 est
3357 1301 3512 1371 quod
3545 1302 3675 1373 qui-

2021 1377 2156 1432 dam
2188 1378 2413 1446 dicunt,
2432 1405 2460 1436 ι(
2491 1384 2889 1453 scropcbam,»
2915 1384 2972 1439 id
3004 1389 3113 1454 est,
3138 1386 3416 1442 cavabam
3447 1392 3513 1443 ut
3545 1406 3674 1461 pro-

2022 1466 2264 1522 fundius
2296 1485 2529 1540 possem
2560 1471 2631 1526 de
2660 1470 2777 1527 Deo
2808 1472 3154 1546 intelligere.

2098 1577 2127 1606 «
2157 1555 2474 1612 Meditatus
2504 1574 2637 1613 sum
2660 1588 2684 1612 ι»
2707 1559 2789 1615 ita
2811 1559 3013 1617 dicens
3035 1563 3189 1634 apud
3212 1579 3326 1630 me,
3351 1593 3376 1617 ι(
3397 1564 3676 1638 Nunquid

2021 1642 2084 1699 in
2115 1647 2397 1700 aeternum
2423 1644 2690 1717 projiciet
2710 1648 2864 1704 Deus
2888 1672 2909 1695 υ
2928 1649 3212 1722 populum
3234 1668 3410 1707 suum
3431 1657 3490 1708 et
3512 1671 3536 1697 «
3560 1670 3677 1710 non

2025 1737 2301 1805 apponet,
2326 1738 2392 1789 ut
2411 1733 2815 1807 complacitior
2834 1736 2911 1792 sit
2929 1736 3142 1805 adhuc,
3159 1764 3183 1790 »
3203 1738 3472 1810 placidus
3495 1740 3677 1798 fuisse

253 1822 397 1895 quia
427 1823 502 1879 ab
540 1820 652 1878 hoc
691 1822 845 1894 quod
889 1826 1023 1922 peto
1062 1839 1220 1891 voce,
1257 1839 1371 1878 non
1413 1823 1682 1880 discordo
1721 1837 1913 1896 opere,
1945 1857 1994 1922 Β
2024 1826 2298 1920 ostensus
2328 1826 2417 1879 est
2446 1823 2737 1896 superius,
2762 1842 2895 1881 cum
2921 1825 3065 1882 mihi
3095 1826 3365 1897 intendit,
3395 1827 3679 1900 placidior

253 1911 437 1968 etiam
462 1938 490 1964 σι
517 1926 657 1967 vocs
699 1927 831 1966 mea
869 1909 1116 1967 clamavi
1149 1912 1222 1966 ad
1253 1938 1280 1965 ι)
1313 1911 1496 1968 Deum
1536 1916 1593 1968 et
1630 1912 1701 1968 ad
1741 1929 1915 1984 quem

256 2000 642 2057 clamandum
674 2003 783 2066 est,
807 1998 945 2073 quia
972 1999 1126 2057 Deus
1155 2005 1264 2067 est,
1290 2021 1313 2044 ιι
1342 2005 1400 2057 et
1429 2001 1683 2057 intendit
1714 2001 1914 2073 mihi,»

258 2090 317 2144 id
347 2093 439 2144 est
469 2087 722 2162 benigne
753 2089 1027 2160 respexit.
1091 2160 1099 2168 '

328 2179 403 2234 Et
432 2195 551 2234 non
581 2182 812 2233 tantum
842 2177 901 2234 in
932 2177 1044 2234 alio
1090 2183 1369 2252 tempore,
1403 2180 1505 2235 sed
1536 2183 1593 2234 et
1624 2179 1682 2234 in
1716 2180 1916 2234 adver-

258 2267 437 2324 sitate
472 2283 486 2323 :
519 2270 579 2323 et
606 2265 716 2323 hoc
746 2270 895 2322 est.«
921 2266 985 2323 In
1017 2266 1110 2323 die
1140 2268 1537 2324 tribulationis
1559 2284 1700 2323 mem
1731 2268 1916 2323 Deum

257 2354 572 2428 exquisivi,
597 2374 621 2399 π
654 2355 796 2428 quia
833 2372 968 2411 cum
1014 2358 1272 2428 potestas
1312 2356 1490 2427 hujus
1520 2357 1651 2411 vita:
1682 2373 1744 2411 se
1772 2355 1919 2411 mihi

257 2445 518 2511 olferret,
533 2446 591 2499 et
609 2442 987 2517 prosperitas,
1001 2461 1107 2518 ego
1129 2444 1282 2500 inter
1298 2444 1498 2500 omnia
1516 2445 1702 2501 Deum
1724 2444 1919 2517 exqui-

258 2533 369 2590 sivi
396 2554 420 2579 ει
464 2532 796 2599 manibus,»
821 2532 880 2588 id
929 2536 1020 2589 est
1068 2532 1504 2605 operationibus
1537 2550 1563 2575 α
1594 2533 1741 2589 meis
1774 2550 1788 2588 :
1822 2550 1917 2589 ex-

258 2622 477 2694 quisivi
502 2642 527 2667 »
559 2621 711 2687 dico,
733 2642 757 2665 κ
790 2624 1010 2688 nocte,»
1032 2621 1089 2677 id
1121 2626 1211 2677 est
1242 2622 1301 2677 in
1334 2621 1445 2678 hac
1472 2621 1610 2689 vita,
1633 2639 1758 2694 quae
1787 2622 1919 2677 ideo

258 2729 378 2767 nox
406 2710 645 2779 dicitur,
666 2709 806 2782 quia
834 2709 895 2765 in
926 2726 994 2766 ea
1015 2726 1130 2766 non
1154 2710 1404 2766 habetur
1423 2711 1679 2783 perfecta
1709 2709 1923 2766 illumi-

256 2800 445 2856 natio.
466 2797 571 2855 Vel
596 2803 787 2865 nocte,
805 2799 1040 2871 quando
1059 2798 1155 2855 alii
1177 2799 1498 2865 dormiunt,
1517 2799 1599 2855 ita
1621 2800 1775 2871 quod
1798 2799 1920 2856 haec

256 2906 390 2945 mea
421 2886 730 2961 inquisitio
771 2890 924 2943 esset
948 2905 976 2936 α
1006 2891 1211 2943 contra
1237 2904 1394 2957 eum,
1415 2911 1439 2935 η
1473 2888 1530 2944 id
1563 2893 1652 2944 est
1680 2888 1740 2942 in
1774 2905 1918 2960 pra)-

255 2977 452 3034 sentia
492 2977 645 3048 ejus.
675 2976 805 3032 Alia
846 2974 1152 3031 translatio
1195 2976 1392 3044 habet,
1423 2996 1447 3019 «
1481 2993 1677 3033 coram
1721 2993 1809 3031 eo.
1851 2977 1922 3031 Et

259 3083 379 3122 non
410 3081 547 3122 sum
579 3065 922 3137 deceptus,»
946 3064 1004 3121 id
1035 3068 1125 3121 est
1154 3082 1269 3121 non
1303 3081 1436 3121 sum
1467 3081 1570 3137 spe
1601 3080 1731 3120 mea
1762 3065 1919 3121 frus-

261 3158 474 3226 tratus,
493 3153 597 3211 sed
628 3152 982 3226 experientia
1010 3153 1271 3221 edoctus,
1291 3154 1475 3211 Deum
1507 3171 1649 3210 suos
1679 3170 1793 3210 non
1826 3154 1921 3209 de-

257 3220 614 3316 relinquere,
637 3220 901 3315 et_justis
944 3245 1169 3298 aeternas
1198 3220 1327 3299 vita:
1357 3242 1598 3315 praemia
1639 3242 1914 3311 tribuere,
1948 3220 1991 3287 (ἶ

258 3348 452 3405 neque
480 3330 736 3405 petentis
766 3330 1070 3405 quidpiam
1103 3331 1410 3406 denegem.

334 3447 362 3472 κ
387 3422 576 3480 Deum
607 3419 947 3493 exquisivi,»
973 3424 1033 3478 et
1064 3420 1125 3476 in
1155 3420 1578 3494 temporalibus
1600 3419 1759 3478 nolui
1791 3437 1922 3478 con-

261 3510 468 3580 solari,
498 3510 557 3566 id
604 3513 716 3577 est,
762 3508 977 3567 habere
1020 3508 1498 3578 consolationem,
1530 3514 1589 3567 et
1632 3510 1741 3567 hoc
1783 3512 1915 3568 est:

258 3624 291 3652 «
317 3599 533 3656 Anima
561 3615 695 3655 mea
725 3597 920 3656 renuit
949 3596 1283 3656 consolari»
1319 3597 1568 3670 passive,
1589 3597 1678 3655 vel
1710 3615 1919 3656 conso-

256 3687 369 3744 lari
399 3706 486 3755 se,
510 3686 736 3745 scilicet
775 3687 835 3743 in
873 3684 1006 3743 istis
1056 3685 1495 3759 temporalibus,
1530 3687 1631 3742 sed
1691 3704 1923 3759 semper

262 3798 288 3829 ι
324 3776 409 3832 fui
439 3793 667 3834 memor
710 3774 829 3843 Dei,
857 3780 959 3831 et»
994 3775 1053 3830 in
1092 3774 1192 3830 illa
1232 3776 1513 3831 memoria
1537 3806 1560 3831 α
1600 3775 1922 3832 delectatus

255 3883 418 3935 sum,
441 3892 465 3918 ι)
487 3864 820 3938 percipiens
843 3881 1120 3938 magnam
1150 3863 1470 3921 bonitatem
1504 3865 1626 3932 Dei,
1650 3891 1676 3923 α
1692 3869 1750 3921 et
1770 3882 1923 3921 excr-

257 3955 476 4010 citatus
508 3971 643 4010 sum
671 3971 693 3995 »
718 3956 783 4008 ut
812 3969 1225 4027 cognoscerem
1257 3957 1477 4025 quanta
1504 3958 1658 4009 esset
1687 3954 1920 4010 bonitas

258 4041 471 4114 ipsius,
492 4060 520 4092 α
551 4046 611 4097 et
647 4058 676 4088 ι
703 4041 762 4096 in
804 4041 913 4097 hoc
942 4071 965 4095 α
999 4041 1210 4098 defecit
1248 4042 1494 4115 spiritus
1537 4059 1705 4098 meus
1734 4064 1761 4096 ι)
1784 4040 1923 4115 quia

258 4129 880 4203 incomprehensibilis
909 4134 999 4188 est
1028 4130 1258 4187 bonitas
1290 4130 1411 4186 Dei.

339 4242 368 4270 α
400 4219 903 4292 Anticipaverunt.
925 4238 948 4261 ι»
984 4219 1123 4275 Pars
1159 4220 1438 4276 secunda.
1482 4219 1619 4276 Dico
1650 4251 1677 4281 κ
1714 4217 1924 4275 defecit

257 4309 531 4382 spiritus,
552 4326 576 4352 υ
608 4309 713 4366 sed
758 4312 957 4365 tamen
989 4335 1013 4360 ‹‹
1055 4308 1209 4365 oculi
1250 4309 1386 4377 mei,
1407 4329 1430 4354 ιι
1452 4308 1512 4364 id
1544 4312 1650 4378 est,
1683 4307 1924 4367 interior

257 4398 413 4455 ratio
464 4415 616 4468 mea,
648 4426 672 4451 α
706 4397 1176 4470 anticipaverunt
1216 4396 1468 4471 vigilias,
1491 4424 1515 4449 η
1543 4397 1599 4453 id
1645 4404 1754 4466 est,
1790 4399 1921 4472 plus

259 4505 447 4562 quam
478 4486 576 4544 alii
605 4486 842 4544 solliciti
872 4487 1131 4555 fuerunt,
1156 4487 1227 4543 ad
1261 4485 1671 4559 inquirendam
1696 4488 1796 4544 Dei
1830 4488 1926 4545 bo-

2024 1909 2157 1979 crit,
2191 1926 2327 1966 cum
2362 1912 2675 1984 reparabit.

2096 2022 2123 2048 ‹‹
2158 2001 2273 2054 Aut
2304 1999 2611 2056 abscindet
2649 2001 2778 2074 ipse
2808 2020 2977 2059 suam
3026 2004 3490 2061 misericordiam
3522 2007 3580 2062 in
3609 2007 3679 2062 ii-

2025 2101 2225 2151 ncm,»
2260 2085 2319 2140 id
2359 2091 2469 2154 est,
2503 2087 2763 2156 omnino,
2787 2090 2941 2160 quod
3003 2090 3166 2146 nulla
3219 2091 3445 2148 scilicet
3490 2095 3679 2165 major

2026 2173 2309 2229 abscissio
2342 2174 2421 2229 sit
2452 2180 2518 2230 ut
2549 2182 2839 2233 removeat
2869 2194 3004 2233 eum
3036 2196 3070 2233 a
3101 2178 3270 2234 bonis
3314 2183 3371 2234 et
3410 2198 3445 2236 a
3483 2182 3675 2249 malis,

2025 2265 2083 2316 et
2112 2261 2284 2317 faciet
2340 2262 2448 2319 hoc
2509 2265 2634 2337 ipse
2663 2282 2691 2312 α
2722 2265 2781 2321 in
2813 2266 3184 2339 generatione
3242 2271 3301 2323 et
3352 2270 3678 2340 generatio-

2026 2367 2214 2417 nem,»
2248 2350 2303 2406 id
2338 2356 2424 2407 est
2456 2353 2618 2408 omni
2647 2359 2928 2427 tempore.

2103 2462 2124 2488 α
2148 2440 2263 2494 Aut
2282 2439 2677 2510 obliviscetur,
2703 2443 2968 2499 misereri
2989 2445 3221 2502 Deus?»
3239 2446 3340 2520 qui
3365 2446 3531 2520 prius
3549 2463 3682 2502 con-

2025 2528 2214 2583 suevit
2244 2529 2431 2585 facere
2472 2530 2906 2589 misericordias
2946 2534 3214 2605 patribus
3257 2535 3498 2602 nostris,
3520 2553 3548 2585 α
3578 2540 3682 2592 aut

2026 2616 2350 2673 continebit
2377 2617 2438 2673 in
2469 2618 2556 2675 ira
2603 2637 2711 2676 sua
2757 2621 3192 2680 misericordias
3221 2641 3431 2691 suas,»
3465 2622 3526 2678 id
3569 2629 3679 2692 est,

2027 2704 2362 2776 praevalebit
2392 2707 2479 2763 ira
2507 2709 2634 2779 ejus
2667 2702 3080 2766 misericordia:
3111 2713 3260 2784 ejus,
3288 2711 3504 2767 iratum
3522 2712 3680 2768 enim

2025 2793 2190 2850 video
2211 2811 2346 2850 eum
2368 2813 2472 2868 pro
2496 2797 2770 2869 peccatis,
2795 2798 3232 2855 misericordem
3255 2804 3452 2857 tamen
3474 2817 3682 2873 cogno-

2028 2899 2126 2938 sco
2150 2886 2207 2938 et
2226 2884 2365 2939 dixi.
2381 2886 2520 2941 Pars
2539 2886 2729 2942 tertia.
2748 2887 2865 2958 Ego
2888 2887 2972 2943 sic
2988 2887 3353 2955 deliberavi,«
3367 2894 3426 2945 et
3444 2908 3467 2933 ι»
3488 2889 3546 2944 in
3568 2890 3679 2945 hac

2028 2988 2159 3026 mea
2190 2971 2607 3029 deliberatione
2630 3003 2654 3027 ‹‹
2677 2973 2815 3041 dixi,
2846 2992 3001 3031 nunc
3046 2976 3193 3049 cmpi
3216 2996 3239 3020 ν»
3264 2977 3405 3049 quid
3437 2978 3573 3034 inde
3601 2983 3682 3034 te-

2029 3061 2284 3115 nendum
2307 3060 2402 3117 sit.
2417 3060 2541 3133 Vel,
2556 3080 2580 3105 «ι
2594 3061 2741 3134 ccepi
2760 3080 2783 3104 »
2799 3079 2993 3119 veram
3015 3062 3407 3137 cognitionem
3431 3065 3566 3122 inde
3583 3066 3681 3123 ha-

2028 3148 2183 3216 bere,
2206 3149 2449 3223 scilicet,
2466 3150 2633 3207 video
2652 3153 2972 3223 quamdam
3012 3154 3422 3223 mutationem,
3443 3156 3598 3212 sicut
3618 3156 3678 3213 in

2029 3237 2206 3293 ariete
2226 3237 2530 3295 immolato
2547 3240 2619 3297 ad
2634 3240 2950 3309 Abraham,
2968 3240 3233 3317 intelligo
3249 3242 3678 3300 humanitatem

2028 3326 2243 3384 Christi
2275 3328 2699 3385 immolandam
2730 3345 2861 3386 esse
2888 3346 2994 3403 pro
3024 3329 3386 3399 hominibus,
3410 3356 3437 3384 α
3470 3338 3530 3389 et
3558 3334 3681 3390 haec

2028 3420 2117 3473 est
2146 3417 2390 3475 mutatio
2411 3418 2657 3476 dextera)
2680 3419 2965 3490 Excolsi,»
2991 3420 3048 3477 id
3080 3425 3189 3491 est,
3215 3420 3569 3495 Cbristi,qui
3593 3427 3683 3479 est

2028 3506 2266 3563 dextera
2293 3507 2395 3564 Dei
2427 3507 2634 3577 Patris,
2668 3525 2772 3582 per
2800 3525 2976 3581 quem
3009 3514 3285 3582 operatur
3313 3510 3464 3569 hanc
3495 3516 3683 3568 muta-

2028 3594 2270 3664 tionem,
2302 3600 2369 3654 ut
2399 3598 2470 3653 de
2499 3601 2734 3668 peccato
2766 3599 2838 3654 ad
2871 3598 3171 3670 justitiam
3202 3599 3453 3656 transire
3484 3600 3681 3669 faciat,
3776 3624 3777 3627 η

2028 3690 2087 3741 ct
2116 3685 2187 3741 de
2219 3684 2576 3742 mortalitate
2606 3687 2678 3742 ad
2710 3685 3213 3744 immortalitatem
3244 3688 3548 3760 perducat.

2099 3774 2169 3829 Et
2198 3790 2300 3845 per
2330 3772 2437 3829 hoc
2470 3773 2725 3830 intellexi
2754 3773 2915 3828 illam
2937 3774 3378 3839 mutationem,“
3402 3774 3541 3844 quia
3563 3789 3680 3828 me-

2028 3878 2159 3917 mor
2186 3860 2267 3916 fui
2300 3878 2542 3934 operum
2575 3861 2868 3929 Domini,»
2894 3859 3117 3917 scilicet
3147 3861 3303 3933 quod
3335 3861 3552 3917 creavit
3582 3861 3681 3918 ho-

2030 3949 2272 4016 minem,
2297 3954 2355 4006 ct
2384 3949 2539 4006 sicut
2567 3966 2701 4005 eum
2725 3966 2828 4022 per
2857 3948 3317 4005 misericordiam
3337 3950 3572 4018 creavit,
3595 3949 3678 4006 sic

2028 4037 2477 4111 intellexi,quod
2499 4039 2772 4095 eumdem
2807 4055 2910 4111 per
2954 4037 3415 4095 misericordiam
3446 4055 3678 4112 repara-

2029 4127 2135 4185 bit.
2162 4155 2186 4180 (ι
2219 4128 2442 4184 Memor
2488 4127 2593 4196 fui,
2618 4127 2759 4199 quia
2787 4148 2811 4172 »
2845 4127 3022 4184 etiam
3060 4127 3121 4183 in
3168 4128 3366 4184 futuro
3399 4146 3424 4171 «
3456 4145 3683 4186 memor

2030 4234 2151 4286 ero,
2175 4247 2197 4272 υ
2228 4215 2317 4273 vel
2349 4220 2414 4272 ut
2444 4215 2559 4273 alia
2587 4214 2896 4273 translatio
2927 4215 3122 4284 habet,
3156 4215 3421 4273 omnium
3447 4244 3469 4268 α
3503 4217 3679 4274 mira-

2030 4306 2238 4362 bilium
2268 4310 2506 4361 tuorum
2530 4335 2553 4359 »
2576 4321 2705 4376 qua)
2736 4305 2923 4362 fecisti
2955 4305 3015 4361 in
3049 4306 3269 4361 mundo
3294 4324 3317 4350 ιι
3339 4305 3413 4361 ab
3444 4305 3631 4373 initio,
3655 4329 3681 4357 ››

2029 4394 2088 4451 id
2119 4398 2228 4462 est,
2261 4411 2294 4450 a
2324 4393 2615 4451 creatione
2638 4391 2766 4450 οωΙὶ
2788 4396 2845 4450 et
2866 4398 3051 4463 terrm,
3078 4399 3136 4451 et
3162 4395 3300 4466 quia
3319 4392 3421 4449 illa
3442 4395 3683 4467 cognovi

2031 4488 2088 4541 te
2117 4483 2326 4541 fecisse
2358 4486 2595 4556 propter
2625 4481 2859 4553 laudem
2892 4488 3074 4552 tuam,
3110 4482 3194 4538 sic
3226 4483 3381 4553 quod
3413 4481 3683 4539 homines

259 4578 510 4634 nitatem
544 4594 557 4633 :
594 4578 706 4634 hoc
737 4577 882 4634 dicit
921 4577 993 4633 ad
1038 4575 1485 4633 similitudinem
1518 4576 1768 4648 alicujus
1799 4581 1921 4633 stu-
1954 4589 2001 4654 D
2032 4573 2305 4639 salvabis,
2339 4571 2477 4644 quia
2522 4571 2635 4628 nisi
2683 4570 2815 4628 illos
2865 4569 3138 4635 salvares,
3172 4568 3397 4625 nullam
3446 4569 3680 4626 laudem

258 4667 439 4734 diosi,
473 4668 574 4739 qui
606 4665 744 4739 plus
785 4665 917 4723 aliis
952 4664 1175 4739 vigilat,
1204 4665 1544 4737 czeterisque
1581 4665 1922 4738 diligentius

254 4760 479 4812 cuncta
534 4756 870 4829 investigat.
922 4760 979 4811 et
1037 4755 1095 4809 in
1156 4754 1274 4809 illis
1329 4753 1545 4826 vigiliis
1589 4755 1922 4811 «turbatus

253 4863 469 4913 sum,»
500 4861 864 4918 cognoscens
899 4861 1073 4900 omne
1111 4843 1439 4899 humanum
1479 4860 1664 4916 genus
1696 4845 1752 4898 in
1786 4861 1922 4916 pec-

252 4935 414 4991 catis
446 4934 652 4999 teneri,
684 4951 753 4989 ex
784 4933 1179 4989 inobedicntia
1216 4932 1389 5005 primi
1432 4933 1711 5004 parentis,
1746 4958 1771 4982 ‹‹
1806 4939 1863 4988 et
1894 4955 1921 4982 ››

255 5030 467 5080 tamen
502 5048 525 5071 α
554 5039 670 5078 non
706 5040 840 5078 sum
873 5022 1126 5089 locutus,
1148 5042 1171 5064 »
1190 5021 1248 5075 id
1280 5025 1388 5089 est,
1424 5038 1537 5076 non
1562 5022 1923 5077 murmuravi

252 5116 474 5170 contra
501 5113 711 5168 Deum.
835 5176 845 5184 .

342 5202 477 5257 Ideo
506 5219 641 5258 sum
677 5202 949 5258 turbatus
979 5200 1117 5274 quia
1148 5217 1254 5273 ego
1284 5220 1307 5243 α
1341 5199 1587 5273 cogitavi
1619 5200 1743 5255 dies
1775 5199 1922 5255 anti-

249 5306 465 5365 quos»
498 5292 555 5346 id
613 5296 725 5357 est,
758 5295 1063 5364 peccatum
1119 5293 1252 5347 Adae
1313 5292 1532 5345 factum
1572 5290 1631 5344 in
1668 5289 1923 5361 antiquis

247 5381 499 5447 diebus,
519 5381 621 5437 sed
656 5385 855 5437 tamen
877 5385 1083 5437 contra
1103 5396 1129 5427 (ι
1149 5398 1336 5437 annos
1365 5384 1608 5434 mternos
1641 5379 1697 5431 in
1731 5382 1925 5433 mente

245 5469 472 5535 habui,
492 5488 515 5511 ιι
544 5470 687 5542 quia
715 5471 870 5542 quod
905 5470 974 5526 de
1007 5472 1297 5542 promissa
1328 5466 1667 5524 hominibus
1698 5467 1922 5522 aeterni-

241 5563 390 5617 tate
416 5559 637 5627 audivi,
673 5575 909 5632 semper
939 5560 1305 5615 recordabar.

236 5688 249 5708 ι
342 5668 370 5697 ι
389 5647 458 5709 Et
479 5647 807 5707 meditatus
837 5664 971 5706 sum
1003 5652 1222 5723 nocte,»
1241 5647 1298 5704 id
1331 5650 1439 5719 est,
1461 5650 1723 5722 tempore
1751 5644 1925 5706 istius

2037 4663 2304 4718 haberes.

2104 4753 2173 4806 Et
2200 4769 2313 4807 non
2339 4754 2566 4807 tantum
2593 4775 2617 4801 (ι
2640 4767 2865 4805 memor
2890 4764 3039 4816 cro,»
3062 4749 3163 4805 sed
3185 4766 3213 4797 α
3234 4749 3411 4806 etiam
3445 4750 3685 4805 medita-

2032 4844 2157 4909 bor,
2184 4862 2206 4885 ι)
2244 4841 2299 4895 id
2333 4845 2444 4906 est,
2479 4839 2740 4895 studiose
2772 4839 3065 4911 inquiram
3099 4868 3125 4899 α
3159 4840 3216 4895 in
3250 4839 3526 4895 omnibus
3557 4857 3685 4910 ope-

2032 4930 2196 4985 ribus
2228 4930 2392 4984 tuis»
2420 4932 2483 4983 ut
2506 4928 2561 4981 in
2588 4928 2809 4982 caeteris
2833 4927 3107 5000 operibus
3139 4928 3329 4994 factis,
3357 4928 3683 4998 intelligam

2032 5020 2208 5074 etiam
2239 5018 2377 5090 quia
2414 5017 2711 5072 hominem
2745 5016 2972 5072 salvum
3004 5018 3203 5084 facies,
3229 5040 3250 5061 «
3281 5021 3335 5071 et
3372 5014 3682 5070 exercebor

2032 5108 2092 5163 in
2126 5106 2637 5163 adinventionibus
2669 5104 2807 5173 tuis,
2835 5107 2891 5160 id
2924 5112 3032 5171 est,
3056 5104 3358 5177 przeeeptis
3390 5102 3530 5171 tuis,
3555 5119 3683 5173 quae

2032 5203 2097 5252 tu
2130 5195 2425 5252 invenisti.

2110 5311 2129 5337 α
2158 5287 2312 5342 Deus
2334 5286 2391 5339 in
2418 5289 2640 5341 sancto.
2664 5313 2685 5334 ››
2706 5285 2849 5338 Ecce
2872 5282 3024 5353 quod
3050 5281 3323 5352 superius
3347 5278 3528 5334 dixit:
3554 5295 3684 5335 ecce

2041 5398 2061 5427 ι
2096 5393 2253 5431 nunc
2283 5374 2482 5445 ccepi.»
2508 5370 2879 5428 Continuatio
2907 5384 2967 5423 ια
2988 5369 3309 5424 Exercebor
3328 5367 3383 5422 in
3407 5367 3685 5424 adinvcn~

2034 5466 2295 5521 tionibus
2328 5462 2465 5526 tuis,
2492 5486 2513 5507 »ι
2548 5460 2667 5513 haec
2711 5457 2969 5513 inventio
3001 5457 3239 5529 quidem
3267 5486 3294 5517 α
3322 5474 3355 5512 o
3386 5456 3560 5524 Deus,
3593 5457 3685 5514 via

2034 5561 2182 5612 tua»
2210 5569 2327 5625 qua
2355 5549 2586 5607 venitur
2628 5546 2700 5601 ad
2747 5550 2803 5601 te
2846 5550 2937 5601 est
2958 5558 2986 5589 ι(
3016 5544 3074 5600 in
3106 5552 3330 5615 sancto,
3356 5575 3380 5601 υ
3416 5545 3473 5600 id
3502 5550 3593 5602 est
3623 5546 3684 5601 in

2033 5644 2285 5714 Christo,
2318 5643 2374 5698 et
2403 5635 2504 5717 qui
2548 5635 2720 5696 videt.
2764 5634 3193 5713 reparationem
3249 5652 3354 5715 per
3382 5632 3681 5696 Christum
