4048 6180
415 267 533 325 455

797 263 1206 326 HAYMONIS
1251 257 1785 344 HALBEBSTAT.
1833 254 2082 320 EPIST.
2127 254 2278 318 QPP
2320 257 2524 316 PARS
2572 256 2618 316 Ι.
2667 291 2744 299 -
2787 255 3192 316 COMMENT.
3242 253 3442 314 BlBL.

3715 253 3836 313 456

421 396 1086 466 futuram,commandat
1103 409 1239 450 eum
1263 408 1396 448 cum
1421 388 2068 454 exsultatione,dicens:
2099 389 2157 456 Α
2187 388 2422 461 Moysen
2469 389 2850 463 intelligimus
2881 403 3115 444 omnem
3145 388 3380 452 ducem,
3411 390 3470 442 et
3513 401 3621 458 per
3646 386 3834 452 Aaron

419 510 447 537 «
484 487 616 560 quis
646 487 800 541 Deus
829 500 1103 555 magnus,
1139 481 1293 536 sicut
1322 481 1478 536 Deus
1510 479 1794 535 noster?»
1819 476 2076 533 Gentiles

401 575 584 648 ‘stulti
619 576 829 646 putant
868 575 1100 628 statuas
1145 587 1305 636 suas,
1340 569 1426 625 vel
1471 568 1715 641 lapides,
1750 568 1887 623 deos
1925 583 2074 632 esse,

419 665 519 718 sed
554 661 700 717 nihil
732 666 822 718 est
852 665 1030 725 certe,
1056 660 1196 733 quia
1218 684 1241 704 «
1277 663 1337 714 tu
1373 689 1396 714 η
1434 657 1596 713 solus
1627 674 1654 706 α
1685 674 1747 713 es
1775 657 1950 723 Deus,
1975 654 2074 728 qui

417 751 562 807 facis
585 749 928 805 mirabilia.»
953 750 1024 804 Et
1057 766 1183 821 qua:
1217 745 1530 812 mirabilia,
1550 745 1807 802 ostendit
1827 744 2028 800 dicens
2058 761 2070 799 :

492 863 520 890 «
544 840 755 895 Notam
780 837 967 894 fecisti
999 837 1059 893 in
1089 836 1325 910 populis
1345 836 1619 892 virtutem
1643 839 1828 904 tuam,
1847 859 1874 890 ι)
1896 832 1950 888 id
1985 837 2076 888 est

419 927 630 986 Filium
670 932 862 994 tuum,
899 927 959 982 in
991 943 1107 998 quo
1138 925 1324 980 virtus
1363 929 1466 980 tua
1506 923 1831 996 apparebit.
1855 923 1926 978 Et
1955 938 2072 976 non

418 1022 652 1076 tantum
684 1015 1013 1072 notiﬁcabis
1037 1013 1269 1082 Filium,
1293 1014 1392 1069 sed
1418 1029 1445 1059 α
1466 1013 1526 1068 in
1557 1011 1794 1068 brachio
1819 1015 1942 1076 tuo,
1965 1034 1990 1059 η
2012 1010 2070 1066 id

417 1112 528 1174 est,
550 1108 608 1161 in
636 1106 764 1177 ipso
796 1103 939 1160 Filio
965 1126 988 1150 α
1013 1103 1312 1159 redemisti
1345 1101 1626 1174 populum
1647 1106 1870 1165 tuum,»
1894 1115 2071 1170 quem

417 1195 702 1270 populum
761 1193 1131 1260 determinat,
1185 1191 1429 1262 scilicet,
1462 1213 1485 1238 ‹ι
1519 1189 1668 1244 filios
1711 1190 1911 1257 Jacoh,
1956 1213 1980 1235 η
2013 1188 2070 1243 id

417 1290 509 1342 est
536 1282 848 1340 Judaicum
882 1279 1186 1354 pepulnm,
1213 1301 1235 1323 «ι
1269 1283 1325 1336 et
1349 1279 1586 1350 Joseph,
1618 1310 1640 1334 υ
1673 1278 1732 1333 id
1763 1283 1852 1334 est
1883 1278 2068 1350 genti-

416 1374 530 1430 lem
563 1372 867 1446 populum,
901 1371 1001 1443 qui
1050 1370 1178 1426 ideo
1210 1386 1312 1442 per
1342 1389 1368 1419 α
1400 1369 1618 1441 Joseph
1641 1389 1667 1419 ιι
1699 1367 2068 1440 intelligitur,

417 1462 558 1536 quia
584 1461 798 1532 Joseph
831 1460 888 1514 in
931 1458 1131 1532 gentili
1177 1457 1410 1530 populo,
1447 1456 1670 1513 scilicet
1700 1457 1759 1511 in
1804 1457 2065 1528 Egypto,

417 1554 795 1608 conversatus
829 1549 956 1604 fuit.
979 1545 1083 1602 Vel
1107 1548 1177 1602 ad
1210 1546 1546 1617 allegoriam
1573 1563 1585 1602 :
1612 1546 1717 1602 Per
1737 1568 1765 1596 «
1789 1544 2066 1617 Joseph,»

418 1640 520 1714 qui
549 1640 970 1712 interpretatur
998 1651 1325 1707 accrescens,
1353 1634 1628 1708 gentilem
1656 1633 1938 1707 pepulnm
1971 1650 2066 1690 ac-

418 1729 670 1802 cipimus
703 1727 800 1800 qui
832 1724 1079 1783 accrevit
1109 1725 1181 1781 ad
1213 1723 1436 1782 cultum
1477 1723 1577 1779 Dei
1621 1739 1723 1797 per
1750 1723 2065 1779 Judaicum
2096 1759 2145 1826 Β

416 1818 722 1892 populum.

489 1908 848 1963 «Viderunt.
877 1930 904 1955 »
927 1907 1066 1961 Pars
1119 1909 1349 1978 quarta.
1395 1904 1499 1959 Per
1537 1903 1646 1958 hoc
1691 1927 1718 1951 ‹‹
1773 1901 2069 1958 redemisti

417 1997 721 2070 populum,
750 2019 775 2043 »
799 1995 937 2067 quia
957 2013 989 2049 o
1012 2018 1037 2044 ‹‹
1061 1994 1236 2062 Deus,
1258 2010 1479 2065 aqum,»
1504 1993 1559 2046 id
1583 1996 1672 2046 est
1702 1990 1930 2046 Judaici
1963 2007 2070 2061 po-

417 2085 562 2159 puli,
588 2109 614 2134 ‹‹
651 2085 924 2138 viderunt
951 2087 1004 2138 te
1030 2107 1056 2132 »
1090 2083 1146 2137 id
1188 2087 1295 2152 est,
1328 2084 1726 2153 cognoverunt
1758 2083 1812 2133 te
1845 2095 1947 2150 per
1978 2079 2068 2133 Fi-

416 2175 561 2230 lium
597 2191 610 2229 :
636 2197 664 2224 «
694 2173 966 2228 viderunt
995 2177 1050 2227 te
1078 2196 1103 2222 »
1135 2172 1350 2226 iterum
1382 2193 1409 2220 ιι
1443 2186 1626 2241 aqum,
1656 2191 1683 2216 »
1706 2167 1765 2222 id
1809 2171 1898 2222 est
1927 2183 2066 2239 gen-

415 2265 569 2330 tiles,
593 2287 620 2314 (ι
654 2267 712 2317 et
743 2261 1070 2317 timuerunt
1095 2283 1122 2308 »
1145 2277 1248 2332 pro
1280 2258 1553 2331 peccatis,
1588 2255 1980 2327 intelligentes
2013 2260 2069 2310 te

417 2354 680 2409 futurum
721 2349 1008 2420 j-udicem,
1035 2373 1060 2399 α
1097 2353 1155 2403 et
1186 2345 1401 2419 abyssi,
1431 2368 1458 2396 »
1483 2345 1536 2399 id
1587 2350 1677 2400 est
1725 2343 2068 2416 profundis-

414 2440 552 2498 simi
583 2441 642 2496 in
676 2437 951 2512 peccatis,
976 2461 1002 2487 ί(
1039 2437 1284 2492 turbata
1314 2439 1456 2491 sunt
1484 2457 1511 2483 »
1544 2450 1578 2489 a
1606 2431 1905 2505 proposito
1936 2447 2065 2487 suo.

486 2532 554 2586 Et
583 2534 724 2584 tunc
763 2527 872 2582 fuit
903 2549 930 2577 «
966 2523 1282 2580 multitudo
1332 2523 1562 2579 sonitus
1611 2537 1919 2593 aquarum,
1949 2544 1975 2568 »
2009 2520 2066 2574 id

415 2624 526 2684 est,
551 2615 748 2692 populi
772 2617 1119 2682 sonuerunt,
1145 2611 1348 2668 multis
1379 2611 1568 2667 modis
1592 2609 1898 2666 laudantes
1919 2613 1976 2664 te
1998 2609 2068 2664 de

415 2707 696 2764 missione
728 2704 852 2761 Filii
887 2703 994 2772 tui,
1027 2707 1086 2758 et
1121 2701 1522 2757 clamavernnt
1551 2716 1654 2771 pro
1685 2698 1976 2771 peccatis:
2010 2702 2069 2753 et

416 2822 444 2848 «
468 2797 697 2854 sonitus
722 2817 750 2843 »
774 2793 902 2849 ideo
930 2792 1060 2860 fuit,
1086 2789 1225 2864 quia
1246 2815 1272 2840 ‹‹
1298 2790 1504 2856 nubes,
1532 2788 1589 2844 id
1615 2792 1704 2844 est
1725 2787 1910 2843 sancti
1935 2804 2068 2859 apo-

415 2886 572 2954 stoli,
596 2908 624 2936 «
659 2884 947 2940 dederunt
972 2897 1169 2939 vocem
1207 2904 1233 2929 »
1257 2878 1688 2953 praedicationis
1733 2893 1835 2950 per
1864 2876 2064 2932 orbem

414 2981 603 3032 terrai.

488 3065 638 3117 Bene
657 3062 810 3127 dico,
825 3084 851 3109 «
879 3075 1074 3114 vocem
1098 3058 1386 3111 dederunt
1407 3057 1650 3122 nubes,»
1672 3054 1810 3126 quia
1830 3071 1862 3108 ο
1887 3054 2061 3122 Deus,

2187 494 2418 532 onmem
2453 478 2834 549 sacerdotem,
2857 495 3031 550 quem
3062 475 3320 549 praefecit
3347 474 3566 548 populo
3596 491 3728 530 suo.

2633 620 2705 675 IN
2739 618 3084 675 PSALMUM
3127 616 3385 674 LXXVII.

2588 710 2862 764 TITULUS.
2895 708 3200 763 Intellectus
3231 706 3428 778 Asaph.

2255 855 2282 881 ‹‹
2305 833 2622 904 Attendite,
2649 832 2860 905 popule
2885 849 3110 888 meus.»
3134 829 3404 887 Psalmus
3433 829 3545 885 istc
3566 829 3838 886 convenit

2180 921 2396 993 Asaph,
2432 922 2488 976 id
2523 925 2631 992 est,
2667 921 2827 978 fideli
2875 923 3212 994 Synagogaa,
3246 936 3376 992 quas
3407 919 3502 974 hic
3549 918 3835 991 loquitur,

2181 1009 2335 1065 sicut
2386 1010 2566 1066 David
2625 1011 2940 1084 prephetca,
2991 1010 3080 1066 vel
3139 1009 3314 1064 alicui
3368 1008 3634 1064 similum
3681 1024 3696 1062 :
3739 1008 3836 1080 qui

2181 1097 2446 1170 psalmus
2468 1099 2683 1156 dicitur
2713 1099 3062 1170 intellectus,
3088 1099 3227 1170 quia
3246 1115 3364 1154 non
3394 1101 3630 1154 tantum
3661 1095 3839 1154 histo-

2179 1186 2407 1259 rialem,
2439 1189 2540 1244 sed
2572 1188 2746 1245 etiam
2787 1188 2847 1244 in
2888 1187 3132 1244 historia
3161 1186 3541 1259 allegoricum
3573 1185 3835 1252 continet

2177 1274 2562 1333 intellectum.
2601 1277 2844 1334 Materia
2889 1281 3022 1335 est:
3061 1292 3305 1332 numera
3334 1292 3463 1348 quae
3515 1275 3653 1332 fecit
3683 1275 3835 1332 Deus

2179 1365 2354 1436 priori
2385 1365 2620 1438 populo,
2656 1365 2912 1422 liberans
2963 1382 3060 1422 eos
3109 1365 3182 1421 ab
3235 1365 3583 1437 Egypto,et
3629 1368 3833 1421 cetera

2176 1470 2304 1526 quae
2332 1458 2532 1525 postea
2563 1454 2698 1510 fecit
2726 1454 2811 1510 eis
2841 1471 3027 1526 usque
3070 1454 3143 1508 ad
3181 1453 3525 1509 missionem
3560 1450 3693 1508 Filii
3727 1469 3742 1507 :
3773 1455 3828 1508 et

2176 1559 2279 1615 per
2308 1542 2664 1615 oppositum,
2699 1543 2810 1616 ipsi
2841 1543 3027 1598 Judaei
3057 1541 3272 1616 ingrati
3307 1541 3608 1600 beneﬁciis
3639 1540 3742 1596 Dei
3772 1546 3827 1596 et

2176 1647 2408 1704 semper
2438 1637 2641 1689 contra
2671 1633 2854 1688 Deum
2889 1635 3348 1688 murmurantes.
3384 1630 3585 1688 Partes
3613 1628 3824 1702 psalmi

2177 1720 2374 1776 decem
2407 1725 2570 1776 sunt.
2596 1722 2659 1777 In
2689 1721 2880 1793 prima
2901 1724 3065 1792 parte
3091 1719 3255 1792 ponit
3275 1718 3609 1792 prologum,
3629 1718 3694 1775 in
3717 1735 3826 1790 quo

2180 1808 2318 1865 facit
2345 1826 2444 1867 eos
2477 1814 2727 1866 attentos
2757 1810 2828 1866 ad
2861 1813 3068 1864 cratera
3097 1826 3223 1881 quis
3259 1811 3612 1880 sequuntur.
3646 1807 3708 1864 In
3740 1823 3830 1862 se-

2179 1898 2372 1952 cunda
2421 1903 2603 1970 parte,
2639 1915 2766 1969 qua:
2818 1898 3022 1970 incipit
3055 1915 3121 1952 :u
3148 1898 3377 1965 Quanta
3422 1895 3828 1964 audivimus,»

2179 1987 2440 2058 increpat
2487 1987 2762 2042 duritiam
2795 1987 3154 2054 Judzeorum,
3189 1985 3289 2060 qui
3321 1985 3509 2058 legem
3566 1984 3668 2042 Dei
3720 2001 3829 2054 non

2179 2076 2818 2148 reccpcrunt,quamvis
2841 2075 2995 2132 Deus
3014 2093 3116 2147 per
3132 2074 3320 2130 multa
3339 2074 3625 2129 beneﬁcia
3647 2073 3830 2146 legem

2177 2181 2346 2219 suam
2380 2163 2772 2235 recipiendam
2803 2165 2888 2220 eis
2935 2163 3272 2219 indicasset.
3309 2163 3371 2219 In
3423 2161 3597 2218 tertia
3647 2167 3827 2234 parte,

2177 2268 2303 2323 quas
2335 2251 2542 2323 incipit
2573 2269 2585 2307 :
2614 2276 2641 2300 ι(
2675 2254 2881 2307 Coram
2923 2251 3189 2323 patribus
3219 2266 3422 2306 eorum
3456 2249 3610 2317 fecit,
3642 2273 3669 2297 υ
3701 2266 3832 2306 enu-

2177 2343 2363 2395 merat
2393 2341 2685 2396 mirabilia
2715 2358 2842 2412 qua:
2891 2341 3044 2396 Deus
3095 2340 3231 2395 fecit
3278 2337 3493 2412 populo
3534 2355 3666 2406 suo,
3701 2339 3833 2396 edu-

2175 2429 2357 2484 cendo
2389 2445 2487 2484 eos
2519 2430 2592 2484 de
2620 2429 2867 2502 Egypto
2900 2446 3002 2500 per
3032 2445 3192 2484 mare
3224 2427 3510 2495 Rubrum,
3534 2432 3594 2482 ct
3622 2427 3830 2482 deinde

2173 2516 2233 2571 in
2267 2517 2495 2572 deserto
2530 2533 2543 2572 :
2575 2522 2633 2572 et
2665 2521 2866 2574 contra
2904 2517 3014 2574 hoc
3058 2516 3223 2589 ponit
3269 2516 3444 2573 etiam
3495 2532 3830 2572 murmura-

2174 2605 2392 2661 tionem
2441 2606 2802 2662 Judteorum.
2830 2606 2892 2662 In
2923 2609 3135 2678 quarta
3191 2610 3354 2678 parte
3401 2621 3528 2677 quis
3577 2604 3828 2677 incipit:

2175 2718 2202 2744 α
2230 2695 2362 2750 Ideo
2394 2694 2618 2751 audivit
2648 2694 2934 2750 Dominus
2960 2698 3019 2750 et
3049 2692 3296 2761 distulit,
3325 2716 3353 2742 »
3382 2693 3640 2750 ostendit
3669 2693 3829 2763 quod

2175 2784 2328 2840 Deus
2348 2783 2549 2840 volens
2580 2784 2879 2839 notiﬁcare
2902 2783 3227 2856 potentiam
3259 2783 3536 2850 suam,de
3565 2798 3687 2854 qua
3718 2781 3835 2854 ipsi

2174 2872 2459 2929 increduli
2501 2873 2864 2942 difﬁdebant,
2890 2889 3094 2929 omnes
3141 2871 3450 2945 petitiones
3480 2888 3687 2928 eorum
3719 2872 3835 2926 im-

2174 2962 2367 3034 plevit.
2395 2962 2457 3018 In
2489 2963 2694 3035 quinta
2722 2965 2907 3034 parte,
2943 2978 3068 3034 qum
3101 2960 3341 3034 incipit:
3370 2985 3395 3010 α
3423 2959 3629 3016 Adhuc
3679 2977 3834 3018 esca

2171 3067 2372 3106 eorum
2391 3057 2615 3119 erant,»
2639 3051 2896 3108 ostendit
2911 3050 3440 3122 vindictam,qunm
3459 3049 3614 3106 Dens
3633 3066 3771 3106 sum
3778 3068 3841 3123 p-

418 3174 445 3201 ‹‹
480 3149 706 3221 sagitta:
737 3125 872 3214 tum,
898 3169 926 3195 ››
948 3146 1008 3199 id
1037 3149 1128 3200 est
1157 3143 1458 3198 sententiae
1501 3147 1613 3196 tum
1653 3125 2066 3214 transfigentes
2099 3125 2142 3190 C
2181 3139 2258 3195 sit
2287 3139 2358 3195 de
2389 3141 2494 3207 eis,
2518 3145 2752 3213 propter
2790 3139 3066 3195 duritiam
3117 3156 3318 3198 eorum
3361 3143 3417 3194 et
3453 3138 3841 3196 incredulita-

419 3238 597 3294 corda
624 3234 956 3300 hominum,
980 3257 1006 3282 ‹‹
1042 3236 1352 3287 transeunt
1384 3254 1412 3279 »
1446 3231 1517 3286 ad
1550 3229 1819 3285 homines
1852 3229 1923 3285 de
1953 3223 2088 3286 illis

419 3323 701 3398 apostolis
735 3338 749 3379 :
782 3325 839 3378 et
869 3344 897 3371 ιι
932 3337 1039 3376 vox
1069 3319 1314 3376 toni-trui
1359 3318 1465 3386 tui,
1499 3318 1557 3372 id
1607 3322 1698 3373 est
1747 3318 2069 3375 commina-

419 3414 598 3471 tionis
627 3413 698 3468 de
728 3409 1004 3484 peccatis,
1032 3411 1124 3466 est
1144 3430 1170 3457 «
1205 3407 1264 3462 in
1296 3413 1438 3475 rota,
1467 3431 1496 3456 υ
1519 3407 1576 3463 id
1607 3411 1716 3476 est,
1740 3407 1798 3462 in
1820 3405 2070 3464 circuitu

417 3502 598 3560 totius
628 3499 856 3557 mundi.

491 3593 561 3649 Et
589 3615 616 3643 «
652 3588 1086 3647 coruscationes
1133 3590 1265 3653 tum,
1295 3609 1321 3636 »
1352 3567 1410 3640 id
1452 3590 1561 3654 est,
1597 3583 1882 3640 miracula
1920 3585 2073 3640 facta

419 3700 523 3757 per
552 3681 710 3755 ipsos
740 3678 1053 3753 apostolos,
1081 3700 1108 3725 ‹‹
1141 3676 1457 3731 illuxerunt
1487 3677 1612 3731 orbi
1655 3681 1840 3731 terrm.
1869 3699 1896 3726 »
1923 3677 2072 3732 Bene

419 3771 585 3841 dixit,
614 3796 641 3823 ιι
674 3769 996 3826 illuxerunt
1026 3767 1178 3835 orbi,
1201 3789 1229 3815 »
1259 3766 1400 3838 quia
1438 3782 1540 3839 per
1578 3765 1698 3821 haec
1729 3771 1873 3822 sunt
1900 3765 2071 3821 multi

417 3856 1128 3937 illuminati,et'eonvcrsi
1181 3856 1252 3910 ad
1304 3855 1510 3923 ﬁdem;
1561 3871 1665 3926 per
1711 3855 2073 3911 corusCatio-

421 3965 556 4004 nem
580 3962 896 4018 possumus
915 3946 1177 4018 accipere
1210 3947 1497 4016 praecepta
1516 3944 1742 3999 vivendi
1769 3961 1818 4000 ;‹‹
1841 3948 1899 4000 et
1924 3967 1944 3994 η
1972 3960 2075 4018 per

421 4035 582 4108 ipsas
613 4032 1047 4089 coruscationes
1079 4057 1105 4083 ‹‹
1141 4037 1433 4089 commota
1473 4037 1563 4088 est
1608 4037 1782 4102 terra,
1810 4056 1838 4082 »
1871 4033 1929 4090 id
1961 4036 2069 4102 est,

423 4120 639 4177 terreni
670 4121 742 4175 ad
775 4120 1230 4185 conversionem,
1259 4144 1285 4170 ‹‹
1321 4125 1378 4176 et
1409 4121 1762 4178 contremuit
1788 4145 1815 4170 »
1847 4122 2072 4195 agendo

422 4208 827 4284 pmnitentiam
857 4223 960 4280 pro
991 4208 1264 4279 peccatis.

495 4299 570 4355 Et
597 4315 700 4372 per
745 4296 890 4352 istos
921 4295 1215 4368 apostolos
1262 4297 1346 4352 sic
1393 4302 1721 4370 operantes,
1749 4320 1777 4350 «
1807 4298 1901 4354 via
1926 4321 1954 4348 »
1985 4302 2075 4354 est

426 4412 454 4440 α
485 4392 592 4445 tua
613 4386 672 4442 in
704 4384 873 4454 mari,
905 4407 932 4435 »
955 4384 1013 4440 id
1044 4387 1134 4441 est
1178 4383 1237 4440 in
1285 4385 1490 4458 gentili
1538 4385 1774 4458 populo,
1804 4387 1942 4459 quia
1969 4403 2075 4459 per

425 4476 535 4533 hoc
563 4480 620 4534 et
650 4479 715 4532 tu
745 4473 956 4532 venisti
997 4474 1070 4530 ad
1109 4473 1385 4547 gentilem
1417 4473 1721 4546 populum,
1754 4480 1812 4531 et
1838 4475 2074 4547 gentilis
2102 4497 2150 4562 D

426 4564 681 4638 populus
709 4563 866 4620 venit
895 4564 966 4618 ad
997 4568 1051 4619 te
1076 4580 1088 4618 :
1115 4564 1186 4618 ad
1229 4563 1480 4618 litteram
1512 4563 1688 4620 etiam
1719 4563 2072 4636 completum

427 4659 536 4722 est,
563 4653 701 4724 quia
722 4652 1004 4708 Dominus
1025 4653 1199 4708 Jesus
1219 4652 1459 4708 incessit
1491 4669 1668 4725 super
1689 4670 1866 4721 mare,
1888 4659 1944 4710 et
1973 4672 2071 4710 su-

427 4758 530 4814 per
561 4757 722 4796 mare
751 4741 883 4796 fecit
913 4742 1146 4797 Petrum
1177 4740 1478 4796 ambulare
1510 4742 1580 4797 ad
1615 4759 1676 4798 se
1702 4758 1750 4798 ;‹‹
1775 4747 1829 4797 et
1850 4742 2072 4798 semitae

425 4836 559 4898 ture,
583 4853 610 4880 »
633 4829 691 4885 id
729 4833 818 4883 est
858 4831 1104 4884 arctiora
1145 4834 1428 4902 prmecpta
1461 4835 1582 4899 tua,
1606 4836 1742 4886 sunt
1772 4832 1948 4886 etiam
1984 4848 2070 4886 re-

427 4925 604 4992 cepta:
628 4942 654 4969 ‹‹
681 4918 739 4973 in
766 4917 934 4989 aquis
967 4918 1223 4986 multis,»
1248 4919 1303 4972 id
1333 4923 1422 4974 est
1444 4919 1500 4973 in
1525 4919 1768 4976 diversis
1801 4919 2029 4992 populis
2055 4936 2068 4976 :

426 5014 483 5066 ct
513 5009 646 5065 licet
674 5007 921 5082 gentiles
954 5009 1025 5063 ad
1056 5012 1111 5062 te
1143 5009 1223 5063 ita
1268 5008 1518 5075 veniant,
1554 5014 1747 5064 tamen
1771 5034 1796 5058 ‹‹
1832 5009 2073 5081 vestigia

426 5103 583 5167 tua,»
607 5099 665 5153 id
687 5102 774 5152 est
796 5098 964 5171 signa
987 5097 1232 5169 justitiae
1258 5103 1389 5166 tuae,
1411 5121 1437 5147 «
1465 5115 1579 5153 non
1603 5103 2026 5170 cognoscentur
2044 5122 2071 5147 »

428 5204 463 5242 a
492 5187 732 5245 Judasis.

499 5298 526 5325 ‹‹
552 5276 774 5342 Quibus
806 5280 1000 5332 tamen
1035 5276 1222 5331 multa
1249 5276 1436 5330 fecisti
1481 5276 1782 5347 miracula,
1807 5276 1946 5348 quia
1977 5278 2072 5332 de-

431 5363 647 5420 duxisti
673 5388 700 5412 »
726 5363 891 5420 illum
915 5391 940 5414 ‹‹
975 5366 1259 5438 populum
1310 5371 1478 5421 tuum
1520 5366 1675 5420 sicut
1716 5383 1925 5434 oves,»
1959 5384 2073 5422 non

432 5453 587 5522 quod
607 5451 719 5524 ipsi
743 5454 905 5509 bona}
927 5470 1062 5509 oves
1084 5459 1302 5526 essent,
1321 5455 1419 5510 sed
1447 5459 1509 5510 tu
1531 5472 1662 5510 eras
1682 5454 1766 5510 eis
1787 5455 1920 5527 plus
1941 5473 2072 5528 pas-

433 5545 524 5598 tor
545 5562 574 5591 «
597 5540 658 5595 in
679 5557 857 5598 manu
887 5542 1072 5616 Moysi
1092 5548 1151 5597 et
1178 5546 1440 5615 Aaron,»
1465 5545 1538 5600 ad
1571 5543 1826 5601 litteram
1851 5562 1864 5602 :
1889 5549 1947 5602 et
1972 5564 2078 5621 per

2179 3233 2318 3284 tem.
2344 3229 2406 3283 In
2429 3233 2594 3284 sexta
2615 3234 2795 3300 parte,
2812 3245 2939 3300 qua:
2963 3228 3169 3301 incipit
3187 3245 3234 3284 τα
3257 3229 3326 3284 Et
3346 3227 3682 3284 dilexerunt.
3701 3244 3843 3286 eum

2178 3316 2238 3371 in
2271 3333 2368 3372 ore
2397 3333 2524 3385 suo,
2551 3317 2726 3388 quod,
2761 3335 2894 3375 cum
2936 3318 3047 3390 ipsi
3077 3316 3267 3375 Judwi
3297 3322 3532 3390 propter
3561 3317 3841 3375 timorem

2177 3403 2464 3473 vindictas,
2490 3405 2623 3464 ﬁcte
2654 3405 2839 3462 Deum
2869 3406 3199 3480 diligerent,
3225 3406 3350 3480 ipse
3383 3411 3579 3464 tamen
3611 3406 3845 3468 miscri-

2180 3495 2413 3551 cordcm
2440 3509 2502 3551 se
2531 3495 2798 3552 exhibuit
2818 3495 2923 3552 eis.
2951 3497 3014 3552 In
3045 3495 3297 3569 septima
3326 3499 3510 3568 parte,
3535 3513 3666 3568 qua:
3689 3497 3841 3554 inci-

2181 3583 2266 3656 pit
2287 3599 2335 3637 ια
2364 3583 2600 3650 Quoties
2629 3585 3120 3640 exacerbaverunt
3147 3601 3284 3640 eum
3317 3585 3377 3640 in
3408 3586 3662 3655 deserto,
3691 3610 3719 3634 »
3743 3603 3840 3644 os-

2181 3672 2388 3740 tendit,
2413 3673 2567 3744 quod
2607 3671 2743 3729 licet
2772 3673 2882 3744 ipsi
2915 3689 3147 3746 semper
3177 3674 3361 3730 Deum
3393 3678 3714 3743 tentarent,
3743 3680 3843 3732 ta.-

2181 3777 2316 3816 men
2374 3762 2527 3820 Deus
2586 3761 2790 3817 multis
2849 3762 3039 3818 modis
3072 3763 3141 3818 ad
3174 3779 3376 3820 eorum
3427 3763 3841 3822 liberationem

2179 3849 2478 3924 lEgyptios
2507 3850 2816 3923 percussit.
2843 3852 2906 3907 ln
2952 3856 3155 3908 octava
3201 3858 3386 3926 parte,
3421 3870 3548 3924 qua:
3580 3853 3792 3926 incipit
3825 3870 3840 3909 :

2182 3962 2209 3991 α
2243 3941 2312 3996 Et
2340 3939 2583 3997 abstulit
2613 3941 2766 3995 sicut
2796 3940 2920 3997 ovis
2957 3942 3242 4014 populum
3275 3958 3449 3999 suum
3479 3947 3536 3999 ct
3564 3943 3846 4016 perduxit

2180 4046 2300 4097 eos,
2333 4052 2359 4079 »
2383 4029 2637 4085 ostendit
2666 4045 2846 4101 quam
2897 4029 3145 4104 benigne
3175 4047 3276 4088 eos
3307 4032 3461 4090 Deus
3508 4030 3571 4088 in
3620 4036 3843 4090 terram

2181 4117 2590 4191 promissionis
2624 4117 2854 4174 induxit
2887 4135 2899 4174 :
2935 4122 2992 4175 et
3031 4136 3100 4175 ex
3146 4121 3621 4194 opposito,quod
3651 4121 3843 4179 Judaei

2181 4207 2366 4264 Deum
2399 4223 2631 4279 semper
2658 4207 3071 4264 exacerbantes
3094 4225 3326 4282 semper
3355 4213 3756 4268 tontaverunt.
3781 4211 3844 4274 In

2183 4313 2337 4352 nona
2365 4301 2548 4368 parte,
2573 4312 2700 4368 quae
2731 4295 2941 4368 incipit
2965 4315 3014 4354 :«
3037 4297 3273 4354 Audivit
3296 4299 3450 4355 Deus
3471 4302 3529 4354 et
3551 4299 3844 4372 sprevit}?

2181 4385 2769 4444 ostenditvindictam
2793 4402 2969 4457 quam
2993 4387 3052 4440 in
3075 4391 3228 4444 terra
3250 4386 3660 4459 promissionis
3683 4405 3847 4444 sum-

2183 4475 2259 4530 sit
2290 4475 2360 4530 do
2392 4473 2508 4530 illis
2541 4474 2714 4543 Deus,
2738 4479 2796 4530 et
2815 4474 2993 4531 etiam
3025 4475 3098 4532 de
3126 4477 3601 4549 persecutoribus
3630 4493 3843 4533 eorum

2183 4562 2556 4618 Philisthmis.
2601 4563 2663 4619 In
2697 4562 2924 4620 decima
2953 4570 3140 4637 parte,
3161 4583 3290 4637 qua)
3338 4565 3545 4640 incipit
3567 4584 3618 4622 :«
3645 4568 3720 4622 Et
3752 4583 3842 4624 re-

2182 4653 2331 4726 pulit
2375 4653 2884 4721 tabernaculum,»
2909 4655 3181 4723 ostendit,
3208 4656 3362 4727 quod
3393 4659 3602 4728 praeter
3629 4662 3846 4714 cetera

2182 4742 2480 4810 beneficia,
2517 4741 2678 4797 misit
2705 4743 2790 4798 eis
2830 4742 2982 4798 Deus
3029 4743 3206 4800 David
3241 4761 3456 4818 regem,
3490 4746 3720 4801 scilicet
3751 4746 3843 4800 Fi-

2183 4831 2325 4886 lium
2360 4830 2458 4884 Dei
2493 4830 2590 4902 qui
2626 4830 2958 4886 innocentia
2988 4835 3044 4886 et
3065 4832 3302 4903 jnstitia
3331 4837 3554 4904 regeret
3585 4849 3710 4900 eos,
3738 4850 3848 4887 na-

2181 4927 2307 4976 tum
2340 4922 2410 4975 de
2444 4919 2594 4975 tribu
2637 4921 2806 4977 Juda.
2845 4922 2977 4976 Post
3021 4922 3141 4976 haec
3195 4923 3412 4990 omnia,
3444 4923 3702 4978 intendit
3735 4924 3848 4978 ad-

2184 5027 2417 5065 monere
2439 5027 2820 5081 quoscunque
2855 5009 3076 5080 ﬁdeles,
3101 5015 3166 5066 ut
3194 5011 3378 5084 legem
3403 5011 3502 5067 Dei
3531 5012 3848 5083 recipiant,

2182 5106 2238 5155 et
2267 5117 2394 5155 eam
2424 5098 2811 5170 spiritualiter
2842 5098 3192 5172 intelligant.

2254 5190 2323 5244 Et
2349 5190 2481 5244 inde
2503 5205 2746 5244 monens
2770 5206 2888 5256 eos,
2905 5189 2987 5244 sic
3010 5189 3277 5262 incipitm
3300 5190 3514 5263 Popule
3537 5207 3730 5258 meus,
3747 5217 3775 5240 ν
3793 5193 3853 5248 id

2182 5279 2442 5346 est,mihi
2457 5277 2782 5333 consilimis
2800 5278 2988 5334 ﬁdelis
3002 5278 3153 5334 sicut
3169 5296 3327 5351 ego,«
3345 5280 3633 5335 attendite
3649 5279 3854 5352 legem

2184 5385 2434 5437 meam,»
2458 5373 2522 5422 ut
2541 5366 2694 5422 sicut
2714 5384 2820 5439 ego
2851 5367 3038 5439 legem
3062 5367 3447 5439 spiritualiter
3475 5367 3766 5437 intellexi,
3793 5375 3858 5425 et

2184 5475 2312 5513 eam
2346 5457 2510 5524 facio,
2542 5457 2624 5512 ita
2653 5460 2711 5511 et
2739 5474 2840 5511 vos
2867 5473 2996 5511 eam
3029 5454 3281 5525 faciatis,
3311 5462 3370 5513 et
3400 5461 3463 5512 ut
3489 5474 3622 5513 eam
3653 5459 3858 5530 possi~

2183 5549 2258 5606 tis
2290 5547 2632 5624 intelligere,
2674 5545 2853 5605 nolite
2884 5546 3123 5623 superbi
3150 5563 3300 5620 esse,
3343 5547 3447 5608 sed
3470 5570 3498 5600 ‹‹
3531 5546 3852 5622 inclinate,
