4080 6180
257 337 365 399 465

1430 338 1933 403 EXPLANATIO
1974 338 2055 401 IN
2096 340 2476 408 PSALMOS.

3535 359 3657 419 466

252 472 344 528 ira:
374 471 764 563 sum,quando
782 473 856 563 Ade
879 472 1190 532 levioribus
1221 476 1481 547 peccatis
1505 473 1902 563 subtrahendo
1930 468 1988 540 Α
2086 474 2157 530 Et
2185 475 2320 534 licet
2347 482 2435 535 tot
2463 478 2745 539 beneﬁcia
2762 484 3108 542 contulisset
3123 484 3209 543 eis
3228 485 3404 559 Deus,
3425 486 3539 563 ipsi
3568 493 3658 550 ta-

250 560 520 637 gratiam,
536 562 610 618 ad
633 561 900 635 graviora
924 579 1031 619 nos
1061 563 1346 636 permittit
1366 564 1734 621 descendere.
1756 562 1899 619 Ani-

249 668 374 707 mas
403 650 586 707 etiam
634 652 691 706 in
744 656 929 709 morte
959 653 1274 723 concludit,
1309 654 1543 726 quando
1591 670 1778 726 usque
1824 654 1898 709 ad

246 744 649 813 contemptum
676 740 776 797 Dei
800 759 907 798 nos
928 743 1070 798 sinit
1094 742 1464 816 praecipitari,
1486 746 1544 799 et
1562 744 1772 800 retinet
1792 760 1899 799 nos

246 830 304 885 in
326 830 714 886 excaecatione
734 831 967 887 mentis.
991 832 1269 888 Jumenta
1290 832 1349 887 in
1374 836 1560 888 morte
1581 830 1896 900 concludit,

244 918 483 991 quando
505 934 741 975 omnem
773 920 1117 992 pudicitiam
1143 920 1203 976 in
1236 921 1405 977 nobis
1434 921 1623 993 perire
1651 938 1895 977 consen-

238 1005 449 1062 tit.Vel
486 1024 591 1079 per
610 1008 889 1079 jumenta
909 1009 1055 1065 fatui
1089 1009 1498 1083 intelliguntur
1523 1010 1621 1083 qui
1655 1010 1831 1067 simul
1864 1028 1898 1066 a

242 1096 358 1152 Deo
415 1112 553 1152 cum
613 1097 827 1153 astutis
885 1098 1315 1170 percutiuntur.
1376 1099 1790 1155 Percutiuntur
1837 1098 1895 1154 in

240 1185 412 1240 nobis
455 1184 872 1257 primogenita,
902 1186 1126 1243 scilicet
1172 1188 1318 1243 ﬁdes
1367 1190 1423 1243 et
1468 1187 1629 1254 talia,
1662 1188 1709 1243 si
1761 1205 1896 1260 per-

238 1264 591 1330 maneamus
645 1273 706 1329 in
766 1275 1028 1348 Egypto,
1058 1275 1116 1330 id
1163 1280 1271 1344 est,
1302 1276 1363 1331 in
1413 1276 1670 1333 tenebris
1718 1277 1895 1349 hujus

234 1362 390 1418 vita.
436 1362 853 1418 Percutiuntur
898 1363 1170 1435 primitiae
1216 1364 1455 1435 laboris,
1491 1366 1723 1437 quando
1753 1365 1897 1421 cha-

234 1450 403 1515 ritas,
435 1466 567 1521 qua
598 1450 788 1521 major
826 1454 915 1507 est
962 1451 1113 1507 inter
1141 1450 1288 1508 alias
1334 1452 1599 1521 virtutes,
1632 1452 1719 1509 vel
1770 1452 1893 1508 aliae

232 1537 546 1612 principum
574 1538 818 1595 virtutes
855 1537 915 1594 in
962 1540 1132 1595 nobis
1184 1546 1449 1613 pereunt,
1484 1542 1640 1613 quod
1690 1541 1799 1598 erit
1845 1541 1892 1596 si

233 1625 612 1683 inveniamur
654 1627 714 1683 in
758 1628 1152 1685 tabernaculis
1183 1629 1390 1701 Cham,
1421 1628 1478 1685 id
1511 1633 1618 1698 est,
1654 1629 1891 1686 diaboli.

228 1716 418 1774 Cham
448 1715 609 1773 enim
640 1715 893 1773 callidus
923 1718 1359 1790 interpretatur,
1382 1734 1486 1790 per
1513 1719 1668 1790 quod
1700 1718 1894 1774 diabo-

230 1806 331 1906 lus
350 1804 1180 1906 inteliigiturﬂeldescensus
1200 1806 1403 1875 Cham,
1428 1823 1531 1879 per
1546 1808 1705 1906 quod
1729 1824 1896 1906 mun-
1923 1839 1978 1906 Β

229 1895 347 1952 dus
373 1892 750 1967 intelligitur,
772 1896 944 1968 cujus
965 1899 1256 1953 amatores
1278 1911 1511 1968 semper
1531 1896 1895 1953 descendunt

230 1983 290 2040 in
325 1982 795 2057 profunditatem
823 1983 1123 2041 vitiorum.

304 2094 335 2123 κ
364 2072 440 2129 Et
482 2070 752 2128 abstulit.
781 2094 808 2121 »ι
840 2071 978 2129 Pars
1006 2077 1227 2129 octava.
1263 2072 1377 2128 Has
1438 2074 1640 2148 plagas
1687 2074 1890 2130 intulit

229 2161 388 2219 Deus
418 2159 728 2235 Egyptiis,
751 2184 778 2209 «
808 2160 1091 2235 populum
1124 2178 1321 2230 suum,
1349 2182 1377 2208 η
1408 2160 1631 2218 scilicet
1659 2163 1893 2219 Judrcos

229 2272 255 2300 ‹‹
287 2249 548 2307 abstulit
570 2272 599 2299 »
620 2249 691 2305 de
720 2253 877 2306 terra
898 2250 1123 2323 Egypti
1146 2272 1174 2299 α
1198 2249 1350 2306 sicut
1378 2267 1569 2318 oves,»
1595 2268 1710 2307 non
1737 2252 1891 2324 quod

227 2338 312 2395 illi
345 2355 410 2395 se
440 2355 579 2395 oves
624 2338 900 2407 facerent,
934 2340 1035 2394 sed
1068 2337 1167 2394 ille
1198 2339 1450 2395 ducebat
1496 2355 1596 2396 eos
1643 2345 1763 2396 tam
1794 2342 1892 2398 be-

226 2427 430 2502 nigne,
464 2427 620 2483 sicut
666 2427 859 2484 bonus
907 2432 1107 2500 pastor
1150 2445 1303 2496 oves,
1329 2449 1357 2476 «
1391 2432 1448 2483 et
1477 2427 1746 2501 perduxit
1793 2446 1892 2486 eos

228 2521 524 2590 tanquam
556 2532 793 2590 gregem
825 2517 884 2572 in
916 2517 1166 2573 deserto.
1197 2539 1225 2567 ››

298 2630 329 2657 «ι
358 2606 434 2662 Et
460 2605 705 2661 deduxit
748 2620 848 2661 eos
874 2626 900 2653 »δ
931 2621 1035 2678 per
1081 2605 1379 2661 desertum
1404 2630 1429 2655 ‹‹
1465 2606 1521 2661 in
1575 2623 1677 2679 spe
1702 2628 1727 2653 ››
1761 2623 1891 2678 pro-

229 2695 430 2751 missae
462 2692 843 2760 hereditatis,
873 2714 900 2743 κ
922 2698 980 2749 et
1000 2710 1114 2749 non
1142 2693 1469 2749 timuerunt
1492 2716 1518 2742 »
1543 2694 1797 2766 aliquem
1824 2695 1895 2750 de

231 2780 513 2849 inimicis,
549 2782 705 2853 quod
757 2786 956 2854 posset
980 2782 1065 2837 eis
1108 2782 1336 2838 auferre
1384 2783 1736 2855 promissam
1787 2800 1892 2856 pa-

230 2872 432 2938 triam,
454 2894 482 2919 ‹‹
508 2876 568 2925 et
593 2869 863 2926 inimicos
884 2886 1085 2926 eorum
1110 2870 1336 2943 Operuit
1358 2888 1574 2927 mare.»
1595 2872 1688 2928 Sic
1710 2875 1766 2927 et
1788 2889 1893 2927 nos

232 2959 402 3016 ducit
422 2974 528 3031 per
548 2959 847 3014 desertum
870 2958 1047 3029 hujus
1066 2959 1196 3013 vita:
1219 2963 1502 3032 tanquam
1523 2977 1677 3028 oves,
1701 2964 1760 3016 et
1788 2978 1892 3017 au-

235 3049 349 3105 fert
379 3048 451 3103 de
484 3064 668 3103 manu
714 3047 958 3115 inimici,
995 3051 1050 3103 et
1079 3047 1242 3103 ducit
1294 3048 1352 3104 in
1399 3065 1503 3120 spe
1532 3052 1754 3105 (eterna:
1787 3065 1894 3121 pa-

2008 578 2141 618 men
2164 565 2290 638 jam
2322 567 2653 627 habitantes
2693 575 2908 630 terram
2948 574 3377 647 promissionis,
3402 599 3431 629 «
3462 581 3657 638 tenta-

2006 658 2234 722 verunt,
2258 660 2316 711 et
2345 659 2832 717 exacerbaverunt
2853 663 3060 734 Deum,
3081 666 3394 734 excelsum,
3420 671 3477 723 et
3500 667 3661 726 testi-

2008 742 2206 832 monia
2249 744 2378 815 ejus
2435 763 2549 802 non
2609 750 3032 821 custodierunt,
3064 775 3090 802 »
3122 752 3179 809 id
3228 759 3334 825 est,
3368 760 3657 832 praecepta

2008 830 2136 901 ejus
2165 831 2407 904 implere
2438 835 2835 907 neglexerunt.

2081 941 2107 968 ‹‹
2142 920 2213 975 Et
2243 926 2573 979 averterunt
2612 943 2673 981 se
2704 949 2731 976 «
2765 928 2837 984 ab
2868 946 2954 997 eo,
2982 953 3009 979 »
3032 935 3088 987 et
3125 949 3240 989 non
3280 940 3680 994 servaverunt

2008 1011 2244 1079 pactum
2270 1032 2297 1058 »
2320 1012 2475 1083 quod
2507 1014 2845 1086 pepigerant
2875 1035 3010 1074 cum
3049 1020 3313 1089 Domine,
3345 1024 3603 1083 dicentes
3635 1041 3650 1085 :

2007 1097 2377 1170 Quaecunque
2398 1100 2692 1173 praecipiet
2713 1103 2882 1161 nobis
2907 1106 3210 1177 Dominus,
3229 1110 3573 1182 faciemus,«
3597 1118 3656 1172 et

2006 1186 2267 1242 conversi
2318 1193 2459 1244 sunt
2490 1189 2548 1243 in
2578 1207 2779 1247 arcum
2831 1210 3096 1265 pravum,
3124 1218 3152 1245 »
3186 1196 3243 1253 id
3288 1201 3396 1266 est,
3430 1200 3654 1261 similes

2006 1278 2147 1329 sunt
2204 1274 2338 1331 facti
2399 1292 2573 1349 pravo
2627 1278 2809 1346 arcui,
2838 1304 2866 1331 ‹‹
2901 1285 3401 1355 quemadmodum
3459 1293 3654 1361 patres

2004 1378 2227 1417 eorum.
2257 1386 2283 1412 ››
2314 1366 2499 1421 Arcus
2546 1384 2759 1440 pravus
2808 1370 3043 1439 dicitur,
3075 1373 3177 1445 qui
3208 1391 3343 1431 cum
3373 1374 3652 1446 minatur,

2004 1449 2148 1506 nihil
2181 1453 2433 1524 percutit
2467 1472 2480 1509 :
2513 1454 2599 1510 vel
2634 1456 2756 1528 qui,
2789 1474 2924 1514 cum
2961 1460 3171 1517 debeat
3199 1461 3370 1520 ferire
3398 1463 3652 1534 hostem,

2003 1539 2261 1612 parcutit
2290 1541 2616 1599 dominum.
2654 1548 2739 1601 lta
2768 1550 2827 1602 et
2855 1564 2962 1603 nos
2993 1550 3412 1610 exacerbamus
3444 1553 3655 1625 Deum,
3681 1553 3685 1558 ’

2004 1643 2111 1683 nec
2140 1628 2327 1701 legem
2359 1629 2488 1702 ejus
2519 1631 2907 1704 custodimus,
2932 1640 2989 1692 et
3016 1637 3236 1694 factum
3267 1639 3326 1696 in
3359 1640 3653 1714 baptismo

2002 1722 2240 1788 pactum
2262 1719 2415 1790 quod
2433 1718 2663 1777 diabolo
2686 1726 2744 1777 et
2762 1724 2995 1796 pompis
3016 1725 3145 1797 ejus
3164 1728 3651 1799 renuntiavimus,

2003 1822 2119 1861 non
2156 1807 2556 1881 observamus,
2584 1810 2685 1866 sed
2724 1810 2783 1866 in
2823 1828 3025 1869 areum
3075 1831 3319 1887 pravum
3368 1820 3653 1877 converti-

2002 1911 2155 1963 mur,
2188 1894 2334 1951 bene
2365 1912 2470 1952 nos
2501 1897 2758 1955 facturos
2786 1901 3217 1976 promittentes,
3249 1908 3305 1961 et
3342 1920 3460 1963 non
3491 1922 3650 1965 eom-

2001 1983 2248 2057 plentes,
2281 1983 2367 2041 vel
2399 1984 2537 2057 quia
2580 1986 2720 2043 dum
2753 1987 2884 2045 aliis
2916 1988 3072 2046 mala
3119 2009 3418 2065 paramus,
3451 1996 3513 2052 in
3543 2012 3651 2055 nos

2000 2072 2161 2144 ipsos
2193 2071 2349 2128 mala
2380 2074 2770 2132 refundimus.

2072 2160 2144 2216 Et
2168 2183 2195 2211 «
2231 2160 2290 2216 in
2320 2161 2467 2217 iram
2494 2162 2931 2221 concitaverunt
2958 2181 3093 2224 eum
3115 2168 3174 2224 in
3197 2170 3447 2229 collibus
3467 2174 3653 2245 suis,»

2002 2250 2062 2304 in
2090 2250 2309 2322 quibus
2337 2252 2661 2308 adorabant
2690 2253 2865 2323 idola,
2894 2278 2921 2305 ‹‹
2947 2259 3006 2312 et
3033 2256 3093 2312 in
3125 2258 3498 2331 sculptilibus
3528 2263 3654 2319 suis

2003 2338 2076 2394 ad
2098 2338 2526 2395 aemulationem
2549 2357 2683 2396 eum
2706 2351 3368 2415 provocaverunt,»cum
3390 2348 3652 2409 debitum

2001 2430 2116 2482 Deo
2138 2428 2417 2487 honorem
2446 2427 2569 2484 suis
2592 2429 2966 2503 sculptilibus
2987 2431 3377 2506 impartirent.
3400 2438 3471 2495 Et
3490 2438 3654 2496 simi-

2000 2515 2134 2571 liter
2190 2516 2250 2570 in
2308 2515 2578 2585 collibus,
2610 2517 2669 2573 id
2716 2523 2824 2587 est,
2857 2519 2915 2575 in
2966 2524 3241 2594 superbia
3292 2530 3512 2597 nostra,
3547 2544 3663 2586 nos

2003 2603 2187 2658 Deum
2218 2604 2290 2658 ad
2324 2602 2470 2659 iram
2503 2604 2886 2674 concitamus,
2915 2612 2972 2664 et
2999 2607 3059 2665 in
3090 2611 3485 2685 sculptilibus,
3509 2617 3652 2675 dum

2002 2692 2073 2747 ad
2106 2691 2498 2748 idololatriam
2532 2693 2943 2763 convertimur,
2957 2696 3044 2753 vel
3078 2700 3218 2754 dum
3251 2717 3528 2761 nummos
3557 2705 3655 2762 ni-

2002 2779 2115 2835 mis
2147 2780 2356 2852 cupide
2396 2780 2859 2853 contemplantes
2886 2801 3252 2856 veneramur,
3272 2789 3361 2845 vel
3396 2790 3651 2864 libidini,

2001 2868 2087 2925 vel
2122 2868 2294 2925 alicui
2328 2869 2558 2938 talium,
2585 2871 2751 2941 quasi
2784 2871 2900 2927 Deo
2932 2873 3178 2931 sollicite
3209 2878 3519 2936 servimus.

2076 2979 2104 3005 ‹‹
2133 2957 2369 3012 Audivit
2420 2958 2589 3013 Deus.
2630 2980 2657 3006 n
2690 2957 2829 3015 Pars
2889 2977 3063 3017 nona.
3116 2962 3508 3024 Continuatio.
3557 2968 3665 3025 Sic‘

2003 3050 2460 3118 provocaverunt
2489 3062 2645 3113 eum,
2671 3051 2728 3102 et
2774 3046 2902 3103 ideo
2927 3071 2956 3099 «
2980 3049 3203 3107 audivit
3240 3051 3454 3126 Deus,»
3477 3054 3534 3112 id
3564 3060 3656 3114 est

234 3139 387 3207 trim,
417 3153 526 3192 nec
574 3136 857 3191 timemus
898 3137 1083 3208 quod;
1104 3135 1319 3208 aliquis
1367 3136 1737 3193 inimicorum
1789 3136 1898 3193 iter
1937 3206 1966 3211 _
2009 3132 2310 3199 intellexit,
2335 3157 2363 3183 ‹‹
2387 3138 2445 3189 et
2465 3135 2684 3207 sprevit
2710 3152 2722 3189 :
2748 3139 2805 3191 et
2833 3136 3055 3211 redegit
3081 3140 3260 3197 Israel
3279 3143 3447 3200 valde
3468 3144 3539 3200 ad
3570 3144 3657 3200 ni-

235 3206 509 3283 nostrum
543 3224 732 3297 possit
760 3206 1161 3297 impedirerEt
1189 3206 1461 3283 inimicos
1494 3230 1745 3295 nostros,
1771 3242 1895 3299 pec-
1924 3206 1968 3272 δ
2005 3223 2216 3291 hilum,
2244 3246 2270 3271 ››
2296 3222 2389 3278 cui
2430 3222 2576 3278 nulli
2625 3223 2885 3280 hostium
2915 3206 3200 3298 ‘poterant
3244 3229 3537 3289 resistere.
3561 3232 3657 3291 Sic

234 3320 369 3372 cata
410 3313 659 3381 scilicet,
691 3311 966 3385 dimergit
1013 3314 1070 3369 in
1134 3330 1318 3385 mare,
1350 3315 1407 3371 id
1458 3320 1565 3383 est,
1601 3315 1659 3370 in
1706 3310 1891 3387 aquas

233 3405 540 3479 baptismi.

304 3517 334 3541 ι(
362 3494 436 3548 Et
457 3491 691 3548 induxit
712 3507 810 3547 eos
833 3492 892 3547 in
917 3497 1177 3547 montem
1210 3493 1693 3550 sanctiﬁcationis
1715 3511 1893 3564 suae,»

232 3580 756 3653 seilicet,Sion,qui
774 3581 1178 3637 sanctificatus
1195 3586 1284 3636 est
1295 3583 1890 3649 cmremoniiseorum,

231 3696 259 3721 «ι
282 3674 556 3728 montem
583 3693 611 3719 ››
629 3669 760 3725 dico
780 3692 807 3719 ‹‹
835 3686 1011 3742 quem
1035 3686 1152 3725 non
1174 3669 1407 3742 gladius
1427 3686 1630 3726 eorum
1652 3695 1679 3721 ‹‹
1704 3670 1895 3743 acqui-

232 3759 432 3827 sivit,»
459 3760 560 3815 sed
587 3781 615 3808 ‹‹
640 3758 896 3823 dextera,
924 3781 951 3807 »ν
977 3759 1035 3813 id
1068 3762 1179 3830 est,
1209 3758 1465 3831 potentia
1487 3782 1513 3807 ‹‹
1546 3760 1696 3831 ejus.
1724 3782 1751 3807 »

301 3872 331 3899 α
369 3848 442 3903 Et
470 3846 644 3919 ejecit
671 3864 706 3902 a
738 3846 882 3902 facie
926 3862 1128 3902 eorum
1161 3851 1387 3920 gentes,
1414 3868 1441 3895 »
1465 3863 1590 3919 quae
1630 3849 1792 3919 prius
1823 3847 1895 3902 il-

230 3937 355 3994 lam
404 3941 624 3992 terram
673 3935 1089 4001 obtinebant,«
1123 3939 1181 3992 et
1210 3940 1366 3992 sorte
1396 3935 1596 3991 divisit
1643 3936 1728 3992 eis
1774 3942 1895 3993 ter-

233 4042 389 4093 ram,
417 4047 444 4075 η
465 4024 793 4080 secundum
826 4022 1094 4097 singulas
1125 4023 1316 4080 tribus
1341 4048 1365 4075 ‹‹
1402 4024 1459 4079 in
1495 4024 1753 4082 funiculo
1784 4026 1899 4081 dis-

234 4113 600 4181 tributionis,
628 4135 655 4162 ››
679 4112 903 4169 scilicet
951 4113 1159 4185 aequali
1211 4130 1506 4170 mensura.
1542 4114 1627 4170 Ita
1672 4115 1899 4171 inducit

235 4220 345 4260 nos
371 4203 530 4259 Deus
550 4203 608 4257 in
629 4206 888 4258 montem
908 4202 1337 4258 sanctiﬁcatum
1356 4219 1472 4257 suae
1494 4202 1895 4273 habitationis,

237 4291 469 4348 scilicet
517 4288 861 4357 Ecclesiam,
894 4307 1069 4363 quam
1111 4290 1419 4363 acquisivit
1465 4292 1702 4347 dextera
1747 4295 1896 4365 ejus,

236 4381 382 4453 quia
410 4378 573 4436 nullo
595 4380 771 4436 modo
803 4380 1092 4452 potuisset
1113 4379 1257 4436 illud
1284 4379 1407 4435 ﬁeri
1430 4379 1515 4436 vel
1536 4397 1899 4454 permanere,

234 4469 351 4526 nisi
374 4469 479 4526 Dei
502 4468 860 4543 operatione.
886 4469 955 4524 Et
974 4469 1143 4540 ejecit
1169 4486 1202 4525 a
1234 4468 1400 4525 nobis
1430 4473 1654 4542 gentes,
1680 4470 1905 4527 scilicet

2002 3329 2109 3368 nos
2139 3312 2293 3367 Deus
2325 3310 2568 3383 spernit,
2591 3312 2807 3368 etfacit
2832 3312 3035 3369 cedere
3056 3314 3297 3373 cuilibet
3325 3320 3655 3379 tentationi.

2074 3424 2102 3450 ‹‹
2126 3401 2197 3456 Et
2220 3423 2246 3449 n
2270 3405 2506 3472 propter
2526 3417 2725 3456 eorum
2752 3402 3075 3474 nequitiam
3100 3429 3127 3454 «
3152 3405 3368 3478 repulit
3393 3410 3662 3467 taberna-

2001 3489 2202 3546 culum
2228 3511 2255 3536 »
2278 3488 2429 3561 quod
2455 3493 2580 3544 erat
2609 3489 2665 3543 in
2690 3512 2717 3538 ‹‹
2740 3490 2882 3559 Silo,
2908 3514 2935 3540 ››
2956 3493 3098 3565 quia
3119 3494 3389 3566 permisit
3411 3498 3482 3553 ab
3502 3498 3657 3555 Alio-

2003 3578 2179 3652 philis
2210 3594 2404 3633 arcam
2438 3595 2564 3649 qua:
2605 3583 2731 3633 erat
2778 3578 2836 3633 in
2883 3581 3257 3638 tabernaculo
3288 3584 3416 3656 capi
3446 3588 3499 3654 (Ι
3527 3588 3655 3660 Reg.

2003 3670 2104 3736 ιν),
2133 3691 2159 3716 ‹‹
2194 3665 2639 3721 tabernaculum
2673 3683 2847 3721 suum
2882 3668 2980 3722 ubi
3014 3669 3291 3726 habitrvit
3321 3671 3381 3727 in
3412 3673 3658 3729 homini-

2004 3755 2138 3823 bus,
2164 3777 2190 3802 ››
2209 3754 2348 3827 quia
2403 3753 2459 3808 in
2502 3753 2878 3809 tabernaculo
2910 3755 3087 3810 dabat
3141 3757 3296 3813 Deus
3349 3774 3653 3832 responsa.

2004 3842 2287 3901 Similiter
2316 3842 2543 3914 repellit
2574 3842 2705 3897 illos
2736 3842 2835 3914 qui
2871 3841 3127 3899 militant
3170 3844 3228 3899 in
3283 3846 3561 3917 Ecclesia,
3591 3848 3653 3905 in

2005 3932 2221 4006 quibus
2251 3930 2536 3986 habitavit
2579 3931 2724 4002 ipse,
2757 3930 2806 3986 si
2839 3930 2952 4003 ipsi
3003 3931 3122 3988 sint
3166 3932 3227 3989 in
3275 3931 3419 4007 Silo,
3450 3935 3510 3993 id
3541 3940 3653 4011 est,

2005 4021 2315 4078 carnaliter
2342 4018 2554 4075 vivant.

2044 4118 2047 4121 ‘
2078 4135 2105 4161 ‹‹
2140 4112 2209 4166 Et
2236 4108 2477 4164 tradidit
2506 4130 2533 4158 η
2566 4108 2823 4165 ostendit
2863 4112 3157 4182 quomodo
3198 4112 3414 4186 repulit
3461 4115 3657 4173 taber-

2008 4199 2306 4266 naculum,
2337 4197 2477 4269 quia
2507 4220 2534 4246 ‹‹
2568 4196 2812 4254 tradidit
2839 4197 3115 4255 virtutem
3145 4216 3371 4269 eorum,
3399 4225 3426 4252 »
3458 4203 3515 4259 id
3547 4208 3671 4274 est,-

2009 4305 2225 4356 arcam,
2262 4303 2391 4359 quae
2442 4290 2565 4341 erat
2609 4284 2794 4341 virtus
2852 4303 3077 4357 eorum,
3112 4289 3213 4361 qui
3261 4307 3331 4347 ea
3377 4298 3662 4365 praesente

2010 4395 2242 4451 semper
2265 4375 2577 4432 vincebant
2608 4374 2899 4444 inimicos,
2930 4377 3172 4433 tradidit
3202 4402 3231 4429 ‹‹
3262 4378 3321 4434 in
3352 4381 3661 4454 captivita-

2011 4474 2128 4525 tem
2156 4489 2183 4517 ››
2215 4463 2680 4531 Philistinorum,
2713 4484 2736 4513 ι
2763 4469 2822 4521 et
2850 4464 3347 4537 pulchritudinem
3378 4485 3604 4540 eorum,
3629 4492 3661 4522 η

232 4558 395 4625 vitia,
422 4574 493 4614 ne
525 4574 980 4630 permaneamus
1011 4557 1071 4613 in
1102 4558 1278 4630 priori
1312 4558 1610 4631 genitura;
1639 4559 1723 4616 vel
1758 4575 1895 4633 gen-
1926 4574 1977 4641 Β
2010 4558 2069 4613 id
2114 4560 2224 4623 est,
2256 4553 2522 4611 eamdem
2579 4570 2796 4619 arcam,
2820 4554 2890 4609 de
2920 4570 3037 4625 qua
3090 4553 3202 4627 ipsi
3254 4555 3663 4629 gloriabantur

231 4651 341 4715 tes,
377 4647 699 4715 daemones,
735 4646 835 4719 qui
870 4663 985 4703 non
1016 4647 1181 4719 prius
1212 4647 1612 4719 possidebant,
1638 4648 1719 4704 ita
1741 4651 1895 4721 quod

233 4740 533 4792 removeat
558 4754 593 4792 a
622 4736 769 4792 faeie
801 4740 1020 4803 nostra,
1046 4752 1151 4791 nec
1171 4737 1299 4807 jam
1333 4736 1767 4808 conspiciamus
1797 4756 1895 4794 eos

235 4824 290 4878 in
325 4824 517 4881 nobis.
541 4825 614 4880 Et
644 4824 851 4880 dividit
883 4825 1051 4880 nobis
1080 4822 1320 4893 terram,
1347 4825 1403 4879 id
1433 4829 1523 4879 est
1553 4825 1894 4891 Ecclesium,

235 4928 354 4984 qua
384 4912 530 4970 alios
552 4914 691 4969 facit
711 4913 1103 4986 presbyteros,
1127 4911 1271 4969 alios
1300 4914 1645 4985 conjugatos
1672 4931 1686 4969 :
1711 4915 1896 4972 ethoc

233 5005 415 5068 sorte,
448 5000 505 5057 id
560 5006 670 5069 est,
706 5018 822 5059 non
872 5001 1134 5057 humano
1184 5000 1432 5073 judicio,
1468 5003 1569 5059 sed
1621 5001 1744 5059 sola
1795 5003 1896 5061 Dei

232 5088 517 5146 electione
542 5108 555 5147 :
584 5094 642 5146 et
672 5090 783 5147 hoc
822 5089 1083 5147 funiculo
1115 5089 1575 5161 distributionis,
1602 5091 1738 5164 quia
1767 5094 1896 5149 uni-

232 5178 451 5250 cuique
479 5178 643 5234 dedit
672 5179 924 5251 gratiam
958 5195 1126 5236 suam
1169 5179 1324 5235 Deus
1356 5179 1426 5235 ad
1461 5196 1822 5237 mensuram.

303 5266 522 5323 Gentes
553 5267 746 5339 ejecit,
774 5291 800 5318 ‹‹
835 5274 891 5324 et
920 5268 1187 5325 habitare
1226 5267 1363 5324 fecit
1405 5270 1463 5323 in
1502 5269 1897 5327 tabernaculis

231 5368 442 5411 eorum
472 5356 665 5412 tribus
696 5355 933 5413 Israel'.»
962 5358 1057 5415 Sic
1086 5357 1240 5414 viros
1260 5357 1525 5438 videntes
1550 5358 1732 5415 Deum
1760 5360 1898 5416 facit

226 5441 570 5500 inhabitare
610 5445 737 5516 jam
781 5462 883 5517 per
912 5462 1078 5517 spem
1109 5445 1303 5502 locum
1350 5448 1504 5503 unde
1555 5455 1900 5506 corruerunt

227 5531 563 5601 daemones;
598 5533 684 5589 vel
727 5533 825 5589 ubi
868 5534 1034 5606 prius
1068 5535 1125 5589 in
1159 5535 1328 5592 nobis
1361 5535 1706 5592 habitabant
1735 5538 1896 5609 vitia,

229 5621 377 5678 fecit
407 5622 657 5680 virtutes
685 5621 968 5680 habitare.

2006 4663 2184 4720 super
2212 4661 2417 4701 omnes
2448 4643 2683 4709 Gentes,
2708 4664 2737 4691 «
2769 4642 2828 4696 in
2862 4659 3072 4698 manus
3102 4641 3352 4715 inimici,
3377 4667 3405 4694 ››
3436 4645 3662 4704 scilicet

2005 4737 2271 4808 ejusdem
2303 4732 2523 4806 populi.
2550 4732 2636 4787 Ita
2664 4731 2995 4787 libertatem
3029 4732 3215 4788 nostri
3246 4734 3499 4803 arbitrii,
3529 4753 3660 4809 quas

2005 4829 2095 4881 est
2124 4824 2308 4878 virtus
2356 4825 2554 4876 nostra
2583 4824 2640 4875 et
2669 4819 2856 4893 gloria
2887 4824 3108 4890 nostra,
3134 4822 3378 4880 tradidit
3426 4829 3663 4898 propter

2007 4911 2328 4984 nequitiam
2361 4914 2622 4965 nostram
2656 4909 2714 4964 in
2748 4909 3048 4966 servitium
3079 4911 3319 4968 diaboli.

2078 5025 2105 5051 α
2140 5002 2210 5056 Et
2240 4997 2528 5056 conclusit
2570 4998 2628 5054 in
2658 4998 2851 5072 gladio
2897 5000 3184 5073 populum
3233 5015 3430 5069 suum,
3459 5022 3487 5049 »
3518 4999 3667 5071 quia

2005 5089 2274 5165 permisit
2301 5106 2400 5146 eos
2430 5105 2504 5146 ao
2557 5087 2813 5145 inimicis
2862 5089 3068 5157 occidi,
3094 5112 3123 5141 «
3155 5094 3213 5146 et
3260 5087 3659 5145 haereditatem

2008 5188 2177 5239 snam
2230 5180 2528 5253 sprevit;»
2562 5176 2833 5235 similiter
2863 5176 3058 5249 gladio
3108 5175 3324 5233 diaboli
3373 5175 3661 5249 permittit

2010 5288 2115 5326 nos
2147 5268 2353 5325 occidi.

2078 5385 2104 5409 ‹‹
2130 5360 2382 5416 Juvenos
2416 5373 2623 5412 norum
2648 5355 2902 5412 comedit
2923 5354 3135 5426 ignis,»
3164 5354 3222 5410 id
3244 5358 3351 5425 est,
3375 5355 3538 5413 furor
3554 5354 3662 5412 ini-

2007 5451 2296 5506 micorum
2335 5452 2463 5503 :«et
2484 5444 2735 5516 virgines
2767 5459 2969 5499 eorum
3021 5460 3136 5499 non
3188 5448 3329 5501 sunt
3377 5444 3661 5503 lamenta-

2006 5544 2099 5607 ιω,
2127 5562 2154 5588 ››
2180 5538 2332 5593 sicut
2363 5533 2726 5591 consuetudo
2748 5531 3034 5607 exigebat.
3069 5533 3155 5590 Ita
3175 5534 3442 5606 juvenes,
3465 5534 3522 5591 id
3552 5539 3663 5604 est,

2010 5629 2189 5684 fortes
2238 5625 2296 5679 in
2352 5621 2629 5690 Ecclesia,
2665 5620 2917 5678 comedit
2964 5620 3119 5694 ignis
3169 5622 3645 5697 concupiscentia
