4080 6180
258 299 364 362 473

253 431 490 509 paginas
519 432 671 507 ejus,
695 455 724 485 »
745 431 806 489 id
843 436 949 501 est,
985 434 1352 493 extensiones
1390 436 1540 508 ejus,
1574 435 1797 494 scilicet
1826 435 1898 491 ﬁ-
1927 431 1985 502 Α

251 522 355 581 lies
383 522 641 579 ﬁliorum
667 521 923 579 extendit
944 547 971 573 ‹‹
996 540 1184 596 usque
1206 526 1276 580 ad
1307 525 1525 580 ﬁumen
1554 548 1579 574 ››
1600 525 1893 581 Jordanis.

318 636 345 663 ‹‹
379 611 454 668 Ut
485 612 650 685 quid,
683 633 709 659 »
739 612 1217 685 quandoquidem
1263 617 1352 670 tot
1400 612 1680 670 beneﬁcia
1712 614 1896 669 fecisti

251 701 330 757 illi
358 701 580 775 populo
604 724 629 750 ‹‹
666 705 729 757 ut
758 700 898 774 quid
931 702 1269 758 destruxisti
1317 701 1630 758 maceriam
1680 701 1846 774 ejus?
1870 724 1895 749 ››

253 791 305 847 id
347 795 459 858 est,
494 789 893 846 defensionem
942 791 1071 861 ejus
1105 808 1168 846 :u
1202 795 1260 847 et
1289 814 1315 841 ››
1351 795 1417 846 ut
1466 792 1609 864 quid
1638 816 1665 840 ‹‹
1698 791 1897 846 vinde-

255 879 456 947 miant,
481 902 510 927 ››
533 878 591 933 id
624 883 731 945 est,
766 878 1131 947 conculcant,
1157 903 1185 929 «
1220 896 1348 936 eam
1382 897 1588 937 omnes
1618 881 1716 952 qui
1750 898 1897 953 prm-

251 968 684 1042 terguediuntur
710 968 886 1036 viam,
906 991 932 1017 ››
956 968 1014 1023 id
1044 973 1152 1037 est,
1186 973 1474 1042 praecepta
1516 969 1778 1037 Domini;
1810 968 1898 1025 vel

252 1057 516 1129 gentiles,
541 1057 641 1129 qui
672 1056 863 1131 legem
893 1075 1009 1113 non
1040 1058 1278 1113 habent.

312 1149 466 1203 Bene
526 1147 677 1214 dico,
724 1146 879 1220 quod
938 1148 1479 1220 praetergredientes
1536 1146 1895 1214 conculcent,

252 1237 385 1311 quia
408 1260 438 1285 «ι
465 1252 629 1309 aper,
653 1258 680 1286 η
707 1236 761 1290 id
794 1239 903 1299 est,
919 1235 1339 1307 Vespasianus,
1364 1236 1707 1292 immundus
1730 1236 1898 1308 quasi

251 1326 484 1382 veniens
520 1326 594 1383 de
620 1346 647 1375 ‹‹
670 1324 835 1394 silva,
860 1348 887 1373 »ι
908 1325 965 1380 id
999 1328 1107 1392 est,
1131 1326 1202 1380 de
1232 1325 1454 1381 inculta
1483 1330 1656 1392 terra,
1682 1325 1902 1381 scilicet

253 1417 317 1472 de
360 1414 711 1489 gentilitate,
736 1436 765 1464 «
798 1413 1208 1471 exterminavit
1253 1431 1405 1480 eam,
1432 1438 1459 1464 ››
1492 1415 1549 1469 id
1601 1419 1708 1482 est,
1741 1418 1901 1470 extra

251 1505 531 1561 terminos
560 1508 728 1560 terrm
759 1521 878 1561 sua;
917 1504 1171 1577 captavit
1198 1520 1351 1576 eam,
1376 1527 1403 1553 «
1438 1509 1495 1560 et
1525 1503 1900 1578 singularis,»

252 1594 308 1650 id
333 1597 444 1662 est,
471 1593 666 1666 Titus,
690 1616 719 1642 «
744 1592 900 1649 ferus
932 1614 961 1642 »ι
985 1596 1044 1649 et
1092 1593 1404 1666 superbus,
1432 1614 1460 1644 ‹‹
1492 1593 1769 1667 depastus
1813 1596 1903 1648 est

254 1699 395 1753 eam,
424 1705 453 1731 η
485 1682 547 1739 id
586 1686 695 1754 est,
727 1699 968 1756 prorsus
1007 1681 1353 1752 dexstruxit,
1382 1682 1521 1755 quia
1550 1698 1698 1755 quos
1737 1686 1903 1755 pater

1422 302 1674 363 EXPLA
1684 301 1921 363 NATIO
1941 301 2045 403 ,ΙΝ
2085 302 2470 369 PSALMOS.

3534 321 3650 383 474

2085 459 2113 487 ‹‹
2142 438 2212 494 Et
2258 440 2470 512 perﬁce
2521 459 2649 499 eam
2684 466 2707 497 ι
2740 442 2991 515 vineam,
3041 445 3099 504 id
3156 453 3265 519 est,
3311 449 3651 521 Ecclesiam,

2008 548 2037 578 «
2069 544 2247 600 quam
2278 529 2558 602 plantavit
2586 533 2820 591 dextera
2850 538 2971 604 tua,
2993 557 3021 587 »
3047 536 3104 592 id
3136 541 3245 607 est,
3279 539 3460 597 Filius
3490 542 3651 613 tuus,

2007 638 2035 665 ‹‹
2067 621 2125 671 et
2151 639 2178 667 »
2214 619 2423 691 perfice
2446 644 2473 671 «
2498 638 2673 693 super
2704 622 2890 680 ﬁlium
2916 646 2943 673 n
2966 629 3030 682 ut
3060 625 3204 699 ipse,
3231 627 3389 685 ﬁlius
3420 629 3499 686 sit
3528 630 3656 688 fun-

2008 705 2349 762 damentum
2379 709 2666 779 Ecclesiae,
2697 733 2724 762 ‹‹
2758 729 2932 784 quem
2972 715 3331 771 confirmasti
3364 716 3469 773 tibi
3501 740 3530 769 ››
3564 718 3651 774 di-
3754 708 3765 715 ’

2006 796 2187 850 cendo
2222 812 2235 850 :
2273 796 2375 851 Hic
2408 801 2497 852 est
2545 798 2723 856 Filius
2756 816 2923 857 meus
2952 802 3220 875 dilectus,
3247 803 3308 859 in
3359 822 3474 878 quo
3507 807 3651 864 mihi

2007 882 2153 937 bene
2178 884 2504 957 complacui
2535 887 2739 954 (Matth.
2766 906 2851 957 III,
2880 906 3025 959 xvn;
3057 891 3219 948 Marc.
3252 893 3315 964 ι).

2082 970 2215 1026 Dico
2245 973 2477 1044 perﬁce,
2508 992 2612 1031 nec
2644 976 2867 1048 dubito,
2888 978 3025 1050 quia
3053 998 3075 1027 ι
3106 979 3426 1051 peribunt»
3461 982 3519 1038 in
3552 982 3653 1039 illa

2006 1059 2284 1128 Ecclesia,
2313 1084 2339 1111 ‹‹
2372 1063 2443 1117 ab
2486 1062 2878 1136 increpatione
2906 1066 3104 1123 vultus
3132 1068 3275 1136 tui,»
3300 1070 3357 1125 id
3390 1074 3496 1139 est,
3523 1071 3650 1127 Filii

2011 1149 2147 1203 «tui
2172 1172 2199 1198 ››
2235 1148 2333 1222 qui
2365 1149 2579 1206 dicitur
2606 1152 2804 1209 vultus
2834 1158 2892 1209 et
2920 1153 3114 1228 imago
3140 1158 3254 1212 tum
3286 1158 3650 1227 substantiae,

2008 1237 2107 1308 qui
2130 1254 2233 1309 per
2252 1256 2313 1293 se
2332 1243 2389 1295 et
2409 1257 2513 1311 per
2532 1258 2690 1310 suos,
2717 1241 2985 1299 homines
3005 1243 3268 1316 increpat
3288 1247 3359 1301 de
3380 1251 3612 1318 peccato
3634 1267 3647 1304 :

2009 1324 2282 1397 peribunt
2314 1326 2440 1383 dico
2463 1351 2489 1377 ‹‹
2525 1327 2762 1384 incensa
2800 1330 2993 1404 igni,»
3028 1331 3087 1386 id
3117 1336 3227 1402 est,
3268 1337 3505 1406 peccata
3532 1334 3651 1408 igni

2008 1414 2444 1486 comparabilia,
2458 1416 2637 1473 veluti
2659 1418 2859 1488 libido,
2884 1422 2941 1476 et
2960 1420 3198 1492 similia,
3213 1444 3241 1471 α
3265 1424 3323 1479 et
3342 1423 3653 1491 suffossa,»

2006 1500 2067 1557 id
2097 1506 2204 1570 est,
2238 1508 2473 1576 peccato
2504 1504 2703 1563 dolose
2728 1508 2879 1565 facta
2906 1525 2919 1564 :
2950 1512 3009 1565 et
3036 1527 3140 1583 per
3167 1510 3288 1567 hac
3320 1512 3436 1569 duo
3466 1510 3657 1570 innui-

2006 1594 2107 1649 tur
2134 1591 2453 1648 destructio
2484 1594 2749 1651 omnium
2781 1599 3175 1668 peccatorum.

2078 1680 2149 1735 Et
2179 1683 2244 1736 ut
2279 1680 2402 1737 hanc
2452 1681 2709 1739 Ecclesia
2767 1683 2850 1742 ita
2905 1685 3267 1759 perﬁciatur,
3290 1711 3319 1738 «
3369 1689 3474 1745 ﬁat
3528 1706 3653 1748 ma-

259 1790 393 1833 suus
410 1771 814 1846 Vespasianus
835 1770 999 1844 prius
1015 1770 1461 1843 attriverat,iste
1482 1771 1748 1828 funditus
1768 1788 1900 1827 con-
1927 1804 1977 1871 B
2009 1785 2122 1825 nus
2176 1772 2334 1824 tua»
2370 1769 2428 1826 id
2487 1775 2577 1827 est
2632 1773 2890 1846 operatio
2949 1777 3071 1841 tua,
3108 1797 3130 1825 α
3166 1792 3343 1849 super
3396 1776 3588 1833 virum
3625 1799 3649 1828 ι

262 1861 508 1935 sumpsit
532 1878 544 1917 :
572 1860 673 1934 qui
705 1860 834 1918 ideo
864 1860 1175 1934 singulari,
1195 1860 1254 1916 id
1287 1864 1396 1929 est,
1421 1877 1582 1934 apro,
1606 1876 1900 1932 compara-

264 1955 369 2019 tur,
391 1950 530 2024 quia
562 1950 721 2007 ferus
748 1955 839 2007 est
868 1949 1022 2007 sicut
1053 1966 1209 2024 aper.
1239 1950 1345 2007 Per
1365 1949 1595 2006 vineam
1625 1950 1899 2005 eductam

270 2040 333 2096 de
359 2040 616 2113 Egypto,
640 2037 960 2095 Ecclesium
988 2037 1394 2113 intelligimus,
1415 2039 1684 2095 eductam
1716 2038 1787 2094 de
1816 2040 1899 2093 te-

273 2129 451 2185 nebris
474 2127 657 2200 hujus
678 2126 907 2197 mundi,
926 2128 1096 2198 cujus
1116 2126 1343 2184 itineris
1363 2128 1480 2183 dux
1502 2131 1592 2183 est
1610 2125 1901 2196 Christus,

273 2218 359 2291 qui
390 2217 725 2292 propositus
755 2220 846 2277 est
886 2215 1076 2285 nobis,
1107 2221 1176 2273 ut
1214 2218 1341 2289 ejus
1370 2216 1549 2273 vitam
1579 2215 1899 2271 imitemur.

271 2308 336 2364 Et
377 2306 600 2365 radices
648 2304 937 2373 Ecclesiaa,
971 2305 1028 2360 id
1059 2308 1167 2374 est,
1202 2309 1437 2373 sanctos
1485 2305 1769 2372 doctores,
1802 2320 1905 2377 per

276 2413 408 2470 quos
425 2398 793 2459 sustentatur
810 2392 1088 2463 Ecclesia,
1114 2393 1391 2466 plantasti
1415 2393 1514 2463 ita,
1530 2394 1687 2466 quod
1709 2391 1903 2463 aliquo

275 2489 427 2543 vento
448 2482 661 2541 diaboli
683 2500 799 2541 non
826 2486 1073 2555 possunt
1093 2481 1403 2553 dimoveri:
1424 2486 1482 2538 et
1502 2482 1630 2556 ipsa
1649 2480 1906 2537 Ecclesia

280 2572 523 2647 implevit
552 2576 791 2643 terram,
817 2572 955 2645 quia
984 2588 1087 2645 per
1133 2574 1321 2640 totum
1370 2570 1660 2637 mundum
1691 2568 1905 2627 diffusa

281 2667 359 2721 est
387 2680 400 2717 :
430 2664 485 2720 et
512 2662 722 2718 umbra
751 2660 901 2734 ejus,
924 2660 983 2716 id
1021 2663 1113 2716 est
1150 2658 1479 2716 sollicitudo
1510 2662 1567 2715 et
1591 2674 1732 2715 cura
1751 2658 1900 2729 ejus.

285 2751 490 2824 operuit
519 2749 835 2817 montes,id
867 2754 975 2817 est,
1008 2748 1313 2821 Apostolos
1344 2747 1609 2821 impedit,
1633 2748 1774 2803 dum
1806 2762 1905 2803 eos

286 2857 317 2897 ο.
342 2838 810 2912 contemplatione
851 2855 958 2894 sua
1004 2841 1249 2905 revocat,
1283 2841 1341 2893 et
1388 2836 1629 2892 arbusta
1659 2836 1807 2906 ejus,
1840 2839 1908 2891 ut

286 2946 459 3001 supra.
479 2927 579 2986 Vel
624 2927 855 2997 umbra,
888 2926 947 2983 id
998 2932 1109 2993 est,
1142 2926 1421 3000 proiectio
1469 2924 1739 2981 Ecclesiae
1769 2940 1904 2996 ope-

290 3017 389 3081 ruit
415 3021 653 3089 montes,
669 3015 809 3089 quia
835 3013 1037 3072 nullus
1067 3020 1157 3071 est
1198 3018 1319 3071 tam
1351 3014 1504 3070 altus
1541 3013 1602 3068 in
1651 3011 1907 3069 Ecclesia

291 3105 411 3176 quin
439 3106 542 3162 sub
588 3103 948 3179 protectione
994 3102 1263 3160 Ecclesize
1322 3103 1421 3159 Dei
1472 3104 1810 3175 protegatur
1849 3103 1908 3163 et

2008 1856 2067 1912 id
2124 1861 2236 1928 est,
2267 1857 2586 1929 Christum,
2620 1882 2648 1909 «
2686 1862 2928 1919 dexteras
2987 1867 3101 1920 tum
3132 1885 3161 1913 ››
3192 1863 3251 1920 id
3301 1869 3410 1935 est,
3463 1866 3653 1925 Verbo

2008 1948 2109 2000 tuo
2154 1945 2386 2001 unitum
2421 1963 2434 2004 :
2463 1970 2491 1998 «
2521 1951 2578 2003 et
2630 1966 2807 2022 super
2862 1950 3051 2007 ﬁlium
3082 1973 3111 2003 η
3145 1970 3262 2009 nun
3319 1953 3650 2025 hominum,

2009 2035 2111 2093 sed
2145 2059 2172 2084 «
2206 2035 2483 2102 hominis,
2511 2059 2532 2085 η
2590 2037 2645 2092 id
2703 2041 2792 2103 est
2836 2038 3099 2113 virginis,
3131 2064 3160 2091 «
3210 2058 3386 2114 quem
3443 2043 3654 2100 conﬁr-

2011 2123 2184 2179 masti
2218 2123 2396 2180 tibi.»
2434 2125 2535 2181 llic
2563 2124 2758 2181 innuit
2787 2126 3085 2184 Christum
3127 2129 3310 2186 Deum
3359 2134 3415 2187 et
3464 2131 3653 2187 homi-

2012 2229 2167 2280 nem,
2199 2212 2321 2286 qui,
2357 2230 2459 2286 per
2505 2215 2900 2287 operationem
2945 2216 3067 2287 Dei,
3102 2218 3419 2276 Ecclesium
3470 2219 3658 2294 possit

2012 2302 2306 2374 perficere.

2085 2413 2111 2439 α
2136 2391 2224 2455 Et,
2248 2414 2276 2441 ››
2302 2390 2352 2445 si
2372 2391 2481 2447 hoc
2503 2393 2622 2460 ﬁat,
2642 2415 2669 2443 «
2693 2410 2807 2450 non
2830 2394 3190 2454 discedimus
3211 2414 3246 2454 a
3269 2402 3345 2466 te,
3370 2398 3471 2472 qui
3492 2398 3661 2474 prius

2014 2476 2413 2549 discessimus,
2439 2483 2672 2553 quando
2703 2487 2913 2554 prmter
2940 2488 2996 2540 te
3027 2484 3185 2541 aliud
3205 2487 3612 2559 quaerebamus
3638 2503 3653 2546 :

2014 2569 2072 2620 et
2090 2570 2176 2631 tu,
2200 2567 2495 2636 Domine,«
2520 2569 2839 2631 viviﬁcabis
2869 2590 2976 2628 nos
3004 2595 3032 2623 »
3052 2591 3189 2630 vera
3206 2575 3325 2632 vita
3345 2594 3472 2650 qua)
3502 2578 3660 2636 Deus

2012 2658 2103 2710 est
2136 2671 2149 2708 :
2177 2677 2204 2705 ‹‹
2238 2663 2295 2711 et
2320 2679 2349 2707 ››
2379 2658 2588 2713 deinde
2622 2681 2650 2710 «
2681 2658 3082 2720 invocabimus
3114 2680 3327 2720 nomen
3356 2668 3547 2722 tuum.
3573 2689 3604 2717 η

2084 2744 2155 2798 Et
2183 2749 2247 2799 ut
2278 2762 2311 2800 a
2342 2749 2399 2801 te
2428 2764 2544 2803 non
2586 2747 2984 2818 discedamus,
3010 2771 3040 2801 «
3069 2751 3313 2809 Domine
3361 2754 3515 2810 Deus
3542 2754 3658 2811 virs

2014 2833 2232 2901 tutum,
2264 2838 2530 2892 converte
2582 2852 2708 2904 nos,
2735 2841 2792 2891 et
2837 2838 3077 2894 ostende
3127 2839 3335 2896 faciem
3383 2845 3567 2911 tuam,
3597 2847 3658 2899 et

2013 2918 2155 2974 salvi
2183 2920 2423 2989 erimus,
2442 2944 2470 2972 »
2496 2926 2559 2978 ut
2590 2940 2789 2996 supra.
2822 2925 2894 2981 Et
2922 2925 3015 2982 hic
3058 2942 3261 2984 versus
3292 2929 3464 2987 toties
3494 2946 3654 3003 repe-

2014 3006 2157 3063 titur
2185 3009 2324 3081 quia
2352 3028 2587 3069 summa
2615 3013 2870 3069 materiis
2900 3015 3112 3087 pendet
3139 3015 3200 3071 in
3228 3032 3314 3074 eo.

2485 3118 2557 3174 ΙΝ
2599 3118 2946 3178 PSALMUM
2986 3122 3193 3180 LXXX.

293 3165 512 3263 unione:
546 3165 685 3267 quia
715 3165 763 3253 si
797 3196 1099 3265 separetur
1128 3194 1197 3248 de
1229 3192 1445 3249 unione
1472 3165 1742 3247 Ecclesiae
1775 3188 1901 3260 Dei,

295 3282 357 3333 ab
380 3284 521 3333 omni
553 3281 863 3333 altitudine
893 3281 1141 3333 decidet.

2085 3204 2360 3261 TITULUS.
2392 3207 2456 3261 In
2450 3208 2664 3333 fuerit,
2691 3225 2793 3291 pro
2822 3211 3199 3296 (arcularime
3209 3214 3455 3285 psalmus
3479 3216 3590 3288 ipsi

2494 3279 2650 3333 savh.
2681 3296 2744 3333 ιη
2772 3290 2963 3333 aumta
2987 3282 3218 3333 sabbatz.

2494 3295 2520 3333 8

295 3282 357 3337 ab
380 3284 521 3339 omni
553 3281 863 3339 altitudine
893 3281 1141 3338 decidet.

356 3371 612 3428 Similiter
640 3369 885 3426 arbusta
904 3370 1032 3442 eius
1052 3370 1257 3426 cedros
1287 3368 1386 3424 Dei
1419 3372 1478 3423 et
1504 3367 1608 3424 illa
1632 3367 1820 3434 vinea,
1845 3366 1904 3421 id

293 3463 369 3514 est
405 3458 668 3525 Ecclesia,
700 3456 964 3514 extendit
996 3457 1291 3530 palmites,
1324 3457 1382 3512 id
1421 3461 1533 3528 est,
1568 3454 1904 3528 praedicato-

293 3563 371 3602 res
396 3565 539 3615 suos,
571 3563 760 3621 usque
789 3548 861 3602 ad
902 3564 1063 3602 mare
1092 3544 1383 3602 Orientale
1417 3549 1474 3601 et
1493 3543 1863 3601 Occidentale
1887 3560 1900 3598 :

289 3638 339 3699 et
361 3637 709 3710 propagines,
740 3634 798 3691 id
831 3639 938 3703 est,
967 3634 1119 3690 ﬁlios
1166 3651 1305 3691 suos
1354 3634 1569 3707 quibus
1601 3632 1901 3701 dilatatur,

189 3763 195 3767 -
284 3725 514 3789 extendit
542 3742 730 3798 usque
776 3724 848 3780 ad
896 3724 1115 3779 ﬂumen
1164 3723 1456 3792 Jordanis,
1492 3740 1595 3795 per
1640 3722 1902 3778 medium

282 3812 481 3882 mundi,
499 3829 681 3887 usque
700 3813 771 3867 ad
790 3811 1148 3886 baptismum
1168 3811 1467 3883 pervenire
1485 3810 1637 3866 fecit.
1660 3810 1902 3866 Flumen

280 3899 393 3967 ideo
409 3901 582 3974 ponit,
604 3900 747 3975 quia
765 3899 899 3956 inde
920 3898 1092 3971 coepit
1118 3899 1471 3972 baptismus,
1492 3916 1596 3972 per
1623 3900 1778 3972 quod
1802 3916 1904 3971 per

277 3991 442 4046 totum
462 3990 751 4047 mundum
772 3987 1033 4045 Ecclesia
1054 3987 1352 4058 dilatatur,
1374 3992 1431 4043 et
1449 3987 1610 4044 illius
1631 3987 1901 4045 Ecclesia:

278 4078 557 4134 materiam
591 4076 846 4134 destruit
874 4077 1052 4145 Deus,
1078 4077 1313 4148 quando
1336 4076 1624 4149 permittit
1643 4094 1783 4137 suos
1804 4076 1903 4133 tri-

275 4164 463 4237 bulari,
483 4166 569 4223 vel
612 4165 669 4221 in
703 4168 941 4243 peccata
969 4164 1229 4238 demergi
1262 4180 1276 4220 :
1309 4168 1366 4221 et
1413 4165 1513 4237 qui
1564 4169 1901 4240 praetergre-

275 4252 495 4312 diuntur
519 4255 701 4323 viam,
722 4253 781 4309 id
804 4257 912 4322 est,
936 4254 1217 4309 mandata
1246 4253 1373 4325 Dei,
1394 4253 1482 4310 vel
1514 4253 1708 4326 ipsum
1731 4253 1901 4309 Chri-

275 4345 548 4417 stum,‘per
566 4359 745 4419 quem
766 4342 981 4399 debent
996 4342 1193 4405 venire
1213 4343 1291 4401 ad
1309 4343 1487 4399 Deam
1508 4360 1521 4398 :
1540 4341 1903 4399 vindemiant

271 4446 407 4509 eam,
430 4430 484 4490 id
505 4437 616 4502 est,
642 4429 988 4488 conculcant
1016 4435 1073 4487 et
1103 4431 1377 4505 affligunt
1403 4447 1553 4486 eam.
1576 4432 1728 4503 Aper
1758 4430 1899 4489 dici-

2522 3279 2650 3351 aph,
2681 3279 2744 3335 in
2772 3282 2963 3351 quinta
2987 3279 3218 3340 sabbati;

2088 3386 2117 3413 «
2137 3363 2436 3421 Exsultate
2458 3366 2594 3424 Deo.
2618 3388 2646 3417 »
2674 3367 2943 3426 Psalmus
2972 3370 3084 3428 iste
3112 3373 3306 3446 Asaph
3328 3377 3437 3441 est,
3458 3374 3517 3431 id
3547 3379 3657 3447 est,

2014 3452 2204 3508 fidelis
2237 3454 2575 3527 Synagogm,
2602 3473 2730 3528 qua:
2761 3457 3024 3530 loquitur
3051 3460 3146 3516 hic
3177 3477 3191 3516 :
3224 3479 3329 3535 pro
3354 3463 3659 3521 torculari.

2013 3541 2119 3596 bas
2147 3541 2407 3612 habitus,
2443 3543 2498 3598 id
2529 3548 2619 3600 est
2666 3562 2769 3616 pro
2818 3546 3077 3604 Ecclesia
3113 3566 3239 3622 quae
3270 3551 3661 3611 torcularibus

2012 3636 2407 3702 comparatur,
2432 3632 2571 3704 quia
2598 3634 2751 3690 sicut
2781 3634 2841 3690 in
2871 3635 3147 3692 torculari
3179 3638 3381 3695 vinum
3413 3640 3662 3698 habetur

2013 3721 2168 3791 quod
2202 3724 2548 3790 reservatur,
2581 3726 2639 3777 et
2690 3722 2926 3778 acinum
2977 3725 3132 3795 quod
3180 3724 3430 3797 ejicitur,
3462 3728 3546 3785 ita
3568 3730 3657 3787 'in

2011 3808 2271 3864 Ecclesia
2298 3808 2537 3881 quidam
2571 3811 2642 3865 ad
2686 3811 3110 3868 beatitudinem
3147 3817 3504 3882 assumatur,
3531 3814 3659 3888 qui-

2012 3898 2149 3952 dam
2180 3896 2545 3969 rejiciuntur.
2570 3897 2987 3956 Toreularibus
3026 3900 3155 3957 dico
3198 3900 3566 3973 significatis,
3597 3902 3658 3961 in

2011 3985 2221 4057 quinta
2260 3987 2511 4056 sabbati,
2547 3986 2605 4043 id
2653 3991 2764 4053 est,
2792 4004 2896 4061 per
2923 4005 3099 4061 opera
3147 3989 3302 4046 facta
3342 3990 3400 4047 in
3453 3990 3662 4065 quinta

2010 4073 2260 4129 sabbati.
2286 4075 2349 4129 In
2381 4092 2449 4131 ea
2477 4074 2634 4131 enim
2666 4074 2778 4144 die,
2802 4076 3074 4149 produxit
3104 4076 3164 4133 in
3196 4078 3455 4136 animam
3474 4079 3662 4137 viven-

2008 4166 2128 4218 tem
2159 4162 2348 4235 pisces
2397 4167 2456 4219 et
2502 4180 2637 4219 aves
2693 4180 2763 4220 ex
2818 4164 3034 4237 aquis:
3069 4166 3210 4239 quia
3265 4184 3471 4225 omnes
3528 4186 3661 4227 aves

2008 4267 2077 4306 ex
2135 4252 2304 4324 aquis
2361 4251 2496 4307 fecit
2556 4270 2569 4307 :
2634 4254 2789 4309 unde
2848 4258 2907 4310 et
2975 4254 3281 4313 monachis
3337 4261 3476 4314 sunt
3532 4276 3663 4332 per-

2009 4340 2224 4396 missae.
2285 4341 2392 4398 Per
2456 4358 2590 4398 aves
2663 4358 2793 4413 quae
2868 4343 3251 4402 sublevantur
3317 4346 3377 4402 in
3451 4347 3661 4421 altum,

2009 4430 2146 4486 boni
2180 4430 2251 4485 de
2279 4429 2537 4511 Ecclesia
2568 4429 2981 4503 intelliguntur
3014 4448 3027 4485 :
3061 4433 3221 4504 quia,
3248 4433 3464 4490 relictis
3493 4452 3662 4492 mun-

266 4524 356 4595 tur
381 4522 544 4599 quasi
592 4538 786 4594 asper,
817 4520 875 4575 id
907 4524 1015 4589 est,
1049 4520 1339 4587 diabolus,
1362 4518 1600 4576 veniens
1630 4520 1702 4575 de
1732 4518 1897 4587 silva,
1932 4535 1981 4602 Ι)
2011 4518 2203 4586 danis,
2238 4519 2311 4574 ad
2342 4518 2600 4574 cmlestia
2630 4520 2902 4575 tendunt.
2937 4520 3044 4574 Per
3078 4520 3269 4592 pisces
3298 4538 3425 4593 qua;
3452 4522 3510 4577 in
3540 4521 3660 4580 imo

260 4608 316 4665 id
343 4614 453 4676 est,
474 4611 545 4667 de
594 4609 963 4667 silvestribus
1007 4607 1369 4677 hominibus,
1394 4608 1495 4680 qui
1526 4607 1749 4664 cultum
1800 4607 1901 4663 Dei

250 4698 541 4773 ignorant,
565 4697 915 4755 exterminat
941 4697 1282 4767 Ecclesiam,
1308 4698 1449 4753 dum
1483 4698 1748 4753 membra
1773 4698 1903 4769 ejus

249 4787 467 4846 alienat
504 4788 578 4843 ab
617 4804 685 4843 ea
717 4803 729 4842 :
763 4789 821 4843 et
863 4785 989 4859 ipse
1039 4787 1194 4843 idem
1247 4784 1515 4842 diabolus
1563 4785 1902 4858 singularis,

245 4877 430 4946 ferus,
456 4878 739 4951 depastus
769 4876 1009 4953 esteem
1041 4875 1383 4942 Ecclesiam,
1412 4874 1551 4948 quia
1571 4878 1754 4930 totam
1788 4874 1905 4931 fere

244 4970 559 5047 consumet
589 4981 720 5029 eam
749 4963 809 5021 in
840 4968 1100 5037 tempore
1127 4963 1491 5020 Antichristi.

270 5046 275 5049 ’
323 5077 352 5106 κ
384 5054 562 5117 Deus.
592 5078 620 5103 ι»
646 5053 787 5112 Pars
816 5052 1007 5109 tertia.
1042 5053 1172 5109 Haec
1221 5052 1377 5108 mala
1422 5052 1698 5110 eveniunt
1726 5052 1903 5109 vines:

239 5147 383 5222 tum,
409 5144 511 5199 sed
534 5161 580 5199 ω
604 5165 633 5191 ‹‹
657 5141 812 5198 Deus
830 5141 1138 5209 virtutum,
1159 5145 1541 5214 convertam,»
1569 5141 1641 5197 ab
1672 5141 1758 5197 ira
1777 5144 1901 5206 tua,

239 5231 560 5307 quodjam
591 5247 709 5287 non
740 5228 883 5287 velis
912 5228 1126 5286 inferre
1164 5230 1214 5285 ei
1256 5228 1412 5285 mala
1434 5253 1460 5279 ‹‹
1495 5234 1553 5285 et
1583 5229 1803 5302 respice
1834 5229 1904 5285 de

238 5312 415 5387 caelo,
442 5342 468 5369 υ
494 5319 553 5374 id
584 5321 677 5374 est
705 5319 776 5374 de
814 5318 1184 5375 humanitate
1214 5317 1451 5385 Christi,
1480 5342 1506 5368 ‹‹
1533 5323 1589 5374 et
1617 5318 1768 5383 vide,
1789 5340 1817 5369 »
1845 5319 1901 5372 id

236 5414 357 5486 est,
384 5409 475 5463 fac
503 5407 710 5485 videri,
734 5410 889 5482 quod
921 5412 984 5464 tu
1019 5407 1228 5481 diligas
1270 5425 1398 5463 eam
1429 5408 1778 5463 conferendo
1810 5408 1905 5462 bo-

235 5476 323 5553 lis
347 5513 396 5551 τα
421 5496 495 5551 Et
523 5480 703 5552 visita.
737 5495 966 5552 vineam
1014 5495 1189 5552 istam
1210 5519 1238 5546 »
1268 5496 1529 5552 sanando
1572 5513 1705 5553 eam
1734 5496 1899 5567 quasi

232 5584 436 5640 inﬁrtr
453 5600 571 5639 am.

2011 4611 2317 4662 remanent
2363 4611 2422 4662 et
2479 4625 2711 4680 semper
2768 4612 2908 4663 sunt
2965 4607 3216 4677 solliciti,
3249 4609 3661 4685 intelliguntur

2012 4694 2094 4750 illi
2125 4696 2225 4768 qui
2272 4695 2519 4752 terrenis
2576 4695 2881 4764 insistunt,
2915 4700 2973 4751 et
3004 4713 3234 4770 semper
3289 4698 3350 4756 in
3397 4700 3659 4773 appetitu

2013 4784 2220 4839 mundi
2250 4787 2390 4839 sunt
2426 4782 2659 4841 solliciti
2694 4801 2707 4838 :
2741 4782 3005 4857 qsalmus
3050 4786 3178 4844 dico
3210 4787 3471 4862 dirigens
3500 4790 3559 4847 in
3592 4791 3659 4845 ﬁ-

2013 4890 2168 4928 nem.
2205 4872 2448 4930 Materia
2476 4876 2566 4928 est
2608 4872 2883 4943 Ecclesia,
2917 4873 3140 4932 scilicet
3185 4878 3524 4951 quicunque
3570 4894 3658 4935 re-

2013 4962 2134 5018 nati
2168 4966 2306 5017 sunt
2334 4960 2503 5033 aquis
2531 4961 2922 5034 baptismatis.
2947 4963 3175 5021 Modus.
3201 4965 3263 5020 In
3287 4966 3475 5038 prima
3496 4970 3660 5038 parte

2011 5051 2229 5124 Asaph,
2264 5050 2320 5105 id
2351 5055 2458 5119 est,
2495 5050 2802 5124 Propheta,
2833 5051 2919 5109 vel
2962 5053 3114 5109 alius
3155 5053 3346 5110 ﬁdelis
3376 5055 3446 5109 de
3476 5040 3659 5127 Syna-

2011 5157 2182 5215 goga,
2205 5141 2482 5196 admonet
2502 5140 2788 5214 perfectos
2810 5141 2880 5195 de
2902 5141 3177 5210 Ecclesia,
3194 5140 3414 5197 scilicet
3434 5142 3533 5215 qui
3556 5159 3661 5215 per

2013 5247 2145 5286 aves
2176 5228 2612 5303 intelliguntur,
2644 5229 2934 5287 exsultare
2964 5229 3023 5285 in
3057 5227 3303 5285 Domino
3333 5234 3391 5285 et
3420 5229 3660 5289 laudare

2012 5336 2169 5374 eum.
2205 5319 2269 5374 In
2326 5319 2603 5384 secunda,
2656 5334 2785 5388 qua:
2835 5316 3037 5387 incipit
3067 5334 3080 5370 :
3108 5338 3136 5366 «
3182 5318 3354 5384 Audi,
3405 5319 3661 5391 populus

2014 5426 2202 5476 meus,
2232 5430 2257 5456 ι)
2282 5407 2507 5463 inducit
2536 5405 2725 5461 ﬁdelis
2755 5407 3062 5478 Syragoga
3082 5406 3267 5462 Deum
3301 5405 3660 5481 loquentem,
3752 5409 3763 5416 ’

2012 5502 2070 5554 et
2098 5498 2493 5568 increpantem
2527 5493 2712 5549 malos
2757 5494 2828 5549 de
2868 5493 3147 5563 Ecclesia,
3180 5511 3306 5567 qua:
3338 5513 3441 5573 per
3467 5498 3659 5571 pisces

2010 5585 2438 5657 intelliguntur,
2472 5582 2584 5655 ipsi
2616 5586 2811 5639 tamen
2863 5599 2978 5640 non
3028 5584 3340 5641 desistunt.
3376 5586 3441 5644 In
3490 5586 3661 5646 tertia
