4080 6180
441 225 562 287 475

810 224 1220 289 BAYMONIS
1265 223 1810 287 HALBEllSTAT.
1856 218 2098 292 EPISC.
2146 220 2318 283 OPP.
2366 219 2567 284 PARS
2610 222 2660 284 Ι.
2706 253 2785 268 -
2827 221 3232 286 COMMENT.
3276 222 3475 286 BIBL.

3712 226 3838 306 47c

442 362 628 436 parte,
651 377 779 435 qua:
800 359 1006 434 incipit
1029 375 1079 416 :«
1105 357 1329 416 Inimici
1361 357 1593 413 Domini
1623 355 1854 414 mentiti
1874 361 2032 424 sunt,
2056 377 2086 407 »
2116 350 2176 426 Α
2203 359 2329 410 tum
2384 356 2651 430 prorupit
2673 360 2732 413 et
2773 356 2948 413 etiam
2975 377 3003 410 α
3032 356 3270 431 probavi
3301 361 3358 414 te
3382 377 3410 411 ι
3435 363 3638 431 postea
3683 359 3837 434 apud

442 449 709 524 increpat
727 452 1034 524 Synagoga
1056 448 1264 516 malos,
1288 447 1389 520 qui
1413 448 1621 504 nolunt
1639 465 1673 503 a
1693 464 1802 504 sua
1826 445 2090 520 nequitia

441 557 690 599 cessare.
716 538 968 595 Intentio
999 543 1090 594 est
1117 538 1432 594 admonere
1461 539 1533 594 ad
1564 537 1844 593 volatum.

511 631 584 686 Et
612 631 890 688 admonet
918 627 1048 702 ipsa
1076 628 1384 701 Synagoga
1413 627 1718 700 perfectos,
1743 625 1825 682 ita
1844 625 2082 682 dicens:

444 742 473 771 «ι
493 717 788 774 Exsultate
818 717 954 785 Deo,
983 739 1010 765 »
1034 717 1091 772 id
1124 721 1232 788 est,
1257 717 1328 772 ad
1375 716 1656 772 honorem
1689 717 1838 788 ejus,
1866 738 1894 766 ‹‹
1916 715 2083 786 adju-

438 805 549 864 tori
581 810 778 863 nostro
803 827 830 855 ››
864 806 960 878 qui
997 823 1102 862 nos
1143 806 1380 878 adjuvat
1424 807 1496 862 ad
1549 806 1695 861 bene
1723 804 2084 876 operandam

437 899 640 953 contra
671 895 960 951 mundum
984 897 1381 967 deceptorem;
1407 917 1434 946 «
1457 898 1515 950 et
1536 893 1806 966 jubilate,
1835 916 1856 942 ι
1885 893 1941 947 id
1973 895 2081 960 est,

434 983 905 1058 inexplicabilem
962 984 1156 1039 verbis
1213 983 1476 1039 lzetitiam
1533 987 1725 1038 mente
1773 981 2080 1052 concipite,

435 1097 462 1124 ‹‹
499 1074 616 1130 Deo
648 1073 850 1130 Jacob.
880 1095 906 1122 »
931 1074 1001 1128 Et
1033 1075 1097 1127 ut
1141 1073 1378 1144 possitis
1409 1072 1697 1128 exsultare
1726 1074 1783 1127 et
1803 1069 2080 1142 jubilare,

433 1188 462 1214 ‹‹
497 1161 712 1220 sumite
758 1161 1118 1234 psalmum,»
1147 1161 1204 1216 id
1254 1166 1364 1227 est,
1391 1160 1755 1234 spiritualem
1794 1159 2080 1232 operatio-

433 1269 590 1320 nem,
615 1275 642 1302 ‹‹
667 1255 726 1308 et
753 1253 888 1307 date
909 1273 938 1302 ››
974 1251 1090 1307 Deo
1111 1274 1138 1300 ‹‹
1175 1254 1540 1323 tympanum,
1569 1274 1594 1298 η
1617 1250 1672 1304 id
1710 1253 1819 1314 est,
1847 1248 2080 1303 laudem

431 1347 488 1398 et
507 1339 1013 1398 mortiﬁcationem
1033 1338 1227 1394 carnis
1242 1343 1477 1393 verstrze
1497 1355 1510 1392 :
1530 1342 1589 1393 et
1609 1339 1738 1392 ideo
1758 1337 1868 1391 hoc
1890 1335 2078 1402 facite,

433 1429 574 1504 quia
595 1453 624 1480 «
659 1427 1028 1502 psalterium,
1054 1450 1081 1476 »
1104 1427 1162 1482 id
1195 1430 1304 1492 est,
1345 1425 1781 1498 contemplatio,
1803 1425 2081 1496 junctum

433 1544 461 1571 ‹‹
489 1535 625 1576 cum
659 1516 906 1584 cithara,
935 1538 957 1566 ιι
985 1517 1041 1572 id
1074 1519 1182 1584 est,
1208 1531 1344 1571 cum
1387 1511 1836 1570 mortiﬁcatione
1864 1511 2080 1582 carnis,

433 1607 657 1666 scilicet
677 1605 864 1664 activa
887 1605 1024 1672 vita,
1043 1607 1133 1662 est
1147 1605 1483 1677 jucundum
1505 1625 1532 1655 »
1556 1603 1693 1671 Deo,
1717 1601 1855 1676 quia
1879 1600 2079 1656 «idem

432 1695 756 1769 accipimus
786 1713 890 1768 per
917 1693 1264 1767 psalterium
1293 1693 1449 1766 quod
1479 1709 1582 1766 per
1611 1691 1927 1765 psalmum.

502 1811 530 1838 ‹‹
561 1783 931 1853 Buccinate,»
952 1781 1011 1839 id
1043 1786 1154 1850 est,
1177 1781 1310 1838 aliis
1337 1781 1684 1838 annuntiate
1713 1779 1946 1836 laudem
1978 1778 2080 1834 Dei

431 1901 458 1930 ‹‹
483 1876 646 1944 tuba,
673 1897 702 1924 ››
723 1873 782 1931 id
812 1876 902 1930 est
931 1871 1050 1929 alta
1070 1887 1228 1940 voce,
1253 1895 1282 1920 ‹‹
1307 1870 1368 1926 in
1397 1869 1733 1936 Neomenia,
1758 1891 1785 1919 ››
1807 1869 1866 1925 id
1887 1871 1996 1938 est,
2020 1867 2080 1923 in

428 1969 624 2024 vestra
651 1961 1034 2019 invocatione.
1059 1961 1417 2032 Praeceptum
1439 1962 1528 2015 est
1558 1959 1618 2013 in
1647 1958 1772 2030 lege
1803 1957 1862 2014 in
1893 1958 2083 2030 ﬁgura

431 2059 644 2112 nostra:
674 2049 1078 2116 invocationis,
1102 2049 1256 2121 quod
1297 2046 1550 2120 populus
1599 2046 1696 2101 ille
1743 2045 2084 2102 buccinaret

375 2190 386 2195 -
430 2143 493 2198 in
541 2138 876 2207 Neomenia,
926 2137 984 2193 id
1043 2141 1134 2193 est
1190 2136 1250 2192 in
1305 2153 1453 2191 nova
1508 2135 1670 2190 luna.
1704 2134 1869 2190 Mene
1922 2133 2081 2190 enim

436 2231 652 2297 Gmce,
689 2227 909 2284 mensis
938 2230 1028 2282 est
1055 2225 1278 2293 Latine,
1311 2241 1460 2280 neon
1503 2239 1636 2280 vere
1665 2240 1901 2279 novum.
1935 2223 2080 2278 Buc-

437 2317 628 2375 cinate
654 2339 682 2367 »
713 2315 842 2372 dico
873 2338 902 2366 ‹‹
935 2313 996 2370 in
1028 2312 1244 2386 insigni
1277 2312 1371 2368 die
1399 2311 1792 2369 solemnitatis
1819 2315 2077 2378 vestrae,»

435 2407 496 2463 id
525 2411 636 2475 est,
674 2406 736 2460 in
783 2401 1210 2460 illuminatione
1256 2405 1460 2458 vestrae
1507 2400 1918 2470 innovationis,
1952 2417 2081 2474 qua:

430 2495 597 2553 vobis
627 2494 801 2551 debet
829 2507 958 2550 esse
988 2507 1205 2565 magna
1232 2489 1595 2548 solemnitas.

502 2585 636 2641 Ideo
666 2581 992 2649 buccinate,
1017 2603 1044 2630 «
1079 2578 1220 2651 quia
1247 2581 1602 2652 praeccqtum
1632 2578 1692 2634 in
1727 2579 1901 2635 Israel
1933 2583 2023 2635 est
2053 2603 2080 2629 ››

429 2672 547 2729 illis
567 2673 639 2728 ad
659 2670 913 2726 litteram
937 2669 1081 2742 (Lev.
1103 2665 1300 2739 xxxn),
1320 2667 1489 2723 nobis
1510 2666 1948 2740 spiritualiter,«
1973 2674 2033 2725 et
2050 2691 2078 2720 υ

429 2759 480 2819 si
511 2757 828 2834 negligitis,
871 2757 1203 2814 timendum
1248 2759 1338 2812 est
1383 2755 1567 2823 vobis,
1593 2757 1731 2829 quia
1763 2780 1790 2806 «
1819 2759 1934 2813 Deo
1981 2759 2079 2814 Ja-

429 2849 538 2908 cob
566 2853 658 2906 est
695 2845 990 2921 judicium
1013 2868 1040 2895 »
1065 2845 1124 2901 in
1175 2862 1290 2918 quo
1341 2843 1589 2901 salvabit
1637 2845 1992 2916 obedientes,
2025 2851 2082 2903 et

429 2937 735 2996 damnabit
763 2934 1145 3010 negligentes.

499 3027 572 3084 Et
603 3023 811 3080 «illud
854 3046 882 3073 »
931 3026 1307 3096 praeceptum,
1361 3021 1582 3078 scilicet
1637 3023 1823 3096 legem
1883 3040 2076 3092 suam,

433 3137 457 3166 ι
491 3113 690 3186 posuit
719 3113 779 3166 in
807 3092 1047 3184 Joseph,
1075 3132 1096 3159 ιι
1119 3092 1182 3164 id
1213 3113 1322 3176 est,
1345 3109 1627 3182 populum
1659 3092 2077 3184 augmentavit,
2107 3092 2153 3162 θ

430 3203 652 3260 scilicet
667 3199 943 3274 gentilem
963 3198 1244 3272 populum
1253 3241 1266 3266 ,
1275 3198 1373 3270 qui
1396 3201 1821 3270 superaccrevit
1833 3201 2078 3258 Judaico

430 3289 669 3364 populo,
701 3288 783 3343 ita
811 3288 964 3360 quod
996 3289 1153 3343 esset
1194 3285 1280 3340 illi
1311 3309 1340 3335 ‹‹
1371 3287 1798 3358 testimonium,
1827 3312 1855 3338 ››
1876 3289 1936 3346 id
1965 3294 2076 3362 est,

431 3378 586 3451 quod
617 3378 931 3451 testaretur
962 3374 1103 3447 quid
1147 3377 1302 3430 esset
1330 3374 1846 3448 faciendum,quid
1885 3379 2079 3436 dimit-

430 3467 698 3533 tendum,
727 3487 749 3515 ι
773 3480 908 3520 cum
937 3487 957 3513 ι
985 3462 1083 3519 ille
1114 3461 1365 3535 populus
1385 3482 1417 3514 ι
1439 3464 1621 3520 exiret
1644 3465 1715 3521 de
1743 3469 1898 3522 terra
1916 3469 2080 3542 {Egy-

431 3553 541 3627 pti,
563 3551 755 3622 (Exod.
778 3553 920 3621 χχιι)
940 3550 1203 3624 linguam
1237 3567 1414 3623 quam
1464 3569 1580 3608 non
1633 3559 1890 3627 noverat,
1913 3557 2076 3612 audi-

427 3641 530 3711 vit,
559 3664 581 3692 ιο
608 3640 668 3696 id
695 3645 788 3698 est
845 3639 1054 3714 legem.
1081 3637 1364 3696 Similiter
1418 3639 1671 3712 populus
1711 3642 2078 3702 Christianus

429 3731 628 3789 exiens
657 3731 729 3788 de
758 3731 1024 3804 Egypto,
1048 3727 1108 3784 id
1155 3733 1246 3784 est
1274 3729 1347 3784 de
1387 3729 1645 3786 tenebris
1689 3731 2074 3807 inﬁdelitatis,

429 3821 596 3878 audit
625 3819 1098 3894 prisdicationem
1129 3819 1264 3876 ﬁdei
1303 3823 1362 3875 et
1408 3819 1595 3894 legem
1624 3819 1852 3879 vivendi
1899 3842 2077 3897 quam

429 3909 594 3984 prius
623 3927 737 3966 non
769 3909 1054 3966 audierat.

505 4017 530 4049 ι
558 3997 804 4053 Divertit
835 4015 864 4049 ι
899 3997 1075 4054 etiam
1121 3997 1274 4053 Deus
1299 4020 1321 4047 ι
1355 3999 1596 4056 dorsum
1627 4001 1758 4072 ejus
1791 4022 1819 4056 ι
1855 4005 2076 4077 populi,

429 4085 489 4141 id
519 4089 610 4140 est
638 4083 962 4153 Israelitici,
993 4103 1016 4132 ι
1051 4085 1124 4140 ab
1155 4085 1477 4142 oneribusn
1517 4105 1646 4160 qua:
1677 4093 1988 4162 portabant
2019 4095 2078 4150 in

429 4165 695 4245 Egypto,
725 4193 746 4221 ε
780 4175 838 4226 et
868 4189 1080 4228 manus
1129 4172 1256 4244 ejus
1292 4196 1314 4222 ι
1351 4175 1550 4248 populi
1587 4198 1614 4230 α
1643 4179 1968 4238 servierunt
2018 4185 2077 4239 in

429 4258 700 4334 cophino.
731 4259 1076 4332 nCophinus
1131 4277 1234 4316 vas
1288 4265 1396 4331 est,
1451 4263 1510 4318 in
1557 4281 1674 4336 quo
1720 4270 2082 4340 cogebantur

430 4353 664 4424 portare
691 4349 921 4404 ﬁmum.
955 4346 1237 4404 Similiter
1265 4349 1499 4406 divertit
1540 4352 1693 4408 Deus
1719 4355 1982 4422 dorsum,
2019 4358 2076 4414 id

2107 1723 2159 1792 B

2195 461 2408 518 aquam
2431 445 2908 502 contradictionis
2923 463 2936 515 ;
2950 467 2976 499 η
2995 447 3261 520 probavit
3280 447 3435 504 Deus
3458 447 3840 506 Israeliticum

2196 535 2501 608 populum,
2533 541 2593 593 et
2629 537 2828 610 ipsum
2878 537 3138 611 Moysen,
3160 536 3496 595 dubitantes
3534 538 3606 595 de
3647 538 3845 596 divina

2195 628 2482 698 potestate
2502 625 2690 698 (Num.
2712 625 2829 698 xx).
2851 625 2976 693 Vel,
3000 630 3066 682 ut
3094 625 3191 682 alii
3243 625 3470 698 dicunt,
3498 627 3570 684 de
3612 641 3676 684 se
3705 643 3844 702 pras-

2195 718 2548 783 sumentem,
2581 720 2640 770 et
2667 714 2796 770 ideo
2829 732 2944 772 non
2990 713 3181 787 potuit
3209 715 3494 788 populum
3525 716 3584 772 in
3625 721 3844 776 terram

2193 802 2602 874 promissionis
2657 804 2952 862 inducere.
2985 803 3078 860 Sic
3137 805 3345 876 probat
3392 805 3546 862 Deus
3590 803 3728 863 illos
3775 807 3845 864 de

2192 891 2451 949 Ecclesia
2480 891 2550 949 ad
2583 911 2798 966 aquam
2837 892 3338 960 contradictionis,
3369 893 3428 950 id
3459 898 3570 963 est,
3602 896 3676 952 ad
3709 896 3843 953 doc-

2194 981 2378 1038 trinas
2417 983 2845 1052 hmreticorum,
2870 983 3088 1056 quibus
3135 982 3272 1039 boni
3327 985 3761 1054 contradicunt,
3791 989 3847 1042 et

2192 1071 2330 1128 mali
2359 1073 2594 1128 cedunt.

2261 1181 2292 1213 α
2323 1161 2494 1217 Audi.
2524 1184 2546 1212 ι
2572 1161 2711 1217 Pars
2739 1162 3015 1218 secunda.
3039 1161 3171 1218 Haec
3191 1161 3338 1217 dixit
3356 1161 3640 1218 Dominus
3675 1163 3848 1221 bonis

2191 1251 2261 1306 de
2290 1249 2567 1318 Ecclesia,
2593 1251 2766 1306 modo
2790 1249 2998 1323 incipit
3039 1250 3228 1306 malos
3270 1251 3606 1307 admonere.
3629 1252 3849 1309 Contra

2191 1339 2312 1395 haec
2335 1339 2532 1394 omnia
2553 1340 2707 1395 bona
2729 1339 2835 1396 feci
2855 1339 2983 1407 tibi,
3003 1342 3060 1395 et
3079 1339 3209 1396 ideo
3231 1356 3266 1395 ο
3285 1363 3311 1389 ‹‹
3339 1338 3592 1412 populus
3613 1357 3843 1410 meus,-

2191 1429 2380 1486 factus
2410 1445 2578 1486 meus
2607 1429 2667 1485 in
2700 1427 3016 1502 baptismo,
3050 1451 3070 1477 ι
3099 1429 3235 1484 audi
3269 1445 3382 1499 me,
3410 1451 3432 1481 ι
3455 1427 3518 1484 id
3546 1433 3657 1498 est,
3685 1429 3854 1487 intel-

2191 1516 2325 1592 lige,
2353 1537 2381 1572 α
2401 1523 2460 1574 et
2494 1519 2864 1575 contestabor
2895 1521 2974 1587 te,
2995 1537 3024 1572 ι
3052 1518 3108 1574 id
3140 1521 3230 1574 est
3265 1515 3620 1574 testimoniis
3649 1518 3850 1592 Serip-

2189 1610 2457 1663 turarum
2480 1607 2876 1680 comprobabo
2897 1623 3023 1680 quae
3046 1605 3152 1662 tibi
3174 1605 3404 1662 dixero:
3429 1609 3486 1662 et
3504 1621 3537 1662 ο
3556 1623 3580 1655 ι
3605 1605 3846 1677 Israel,»

2191 1696 2250 1752 id
2281 1701 2390 1766 est,
2413 1695 2616 1752 videns
2639 1695 2823 1752 Deum
2845 1695 2980 1764 ﬁde,
3005 1719 3032 1744 ‹‹
3057 1695 3107 1751 si
3131 1693 3437 1751 audieritis
3457 1710 3552 1751 me
3577 1717 3600 1745 ι
3627 1695 3853 1752 obtem-

2190 1786 2446 1859 perando
2476 1786 2779 1858 praeceptis
2829 1785 2998 1851 meis,
3029 1803 3052 1832 ι
3087 1800 3203 1840 non
3251 1781 3364 1840 erit
3391 1781 3450 1838 in
3481 1784 3538 1838 te
3567 1783 3735 1841 Deus
3768 1803 3849 1843 re-

2190 1891 2330 1934 cens
2353 1900 2375 1929 ι
2405 1875 2578 1932 sicuti
2610 1878 2673 1930 tu
2705 1873 2853 1931 dicis
2878 1889 2891 1928 :
2923 1873 3063 1946 quia
3091 1876 3148 1929 et
3177 1871 3227 1928 si
3259 1875 3434 1928 natus
3464 1870 3525 1927 in
3555 1875 3851 1946 tempore,

2189 1969 2384 2021 tamen
2416 1980 2550 2022 sum
2581 1966 2904 2021 coaeternus
2939 1977 3076 2018 cum
3118 1960 3286 2017 Patre
3318 1977 3331 2017 :
3361 1983 3382 2010 ι
3419 1976 3614 2034 neque
3638 1961 3850 2019 adora-

2189 2055 2282 2113 bis
2309 2078 2337 2104 »
2371 2055 2430 2110 in
2463 2071 2557 2110 me
2594 2073 2616 2102 α
2649 2053 2828 2110 deum
2859 2050 3140 2108 alienum.
3172 2071 3193 2099 ι

2259 2146 2330 2201 Et
2352 2159 2484 2200 vere
2514 2160 2632 2198 non
2663 2157 2798 2198 sum
2829 2137 3076 2208 alienus,
3105 2159 3128 2188 α
3159 2153 3265 2210 ego
3293 2136 3452 2192 enim
3483 2152 3622 2194 sum
3654 2137 3853 2194 Domi-

2189 2252 2304 2291 nus
2333 2234 2488 2290 Deus
2519 2235 2680 2301 tuus,
2703 2251 2730 2284 ιο
2766 2229 2824 2285 id
2847 2232 2937 2286 est
2956 2230 3185 2285 creator
3204 2229 3366 2294 tuus,
3396 2229 3455 2282 et
3473 2241 3594 2283 non
3616 2243 3849 2297 recens,

2196 2345 2225 2378 α
2244 2323 2344 2396 qui
2375 2321 2546 2379 eduxi
2575 2325 2632 2377 te
2659 2321 2732 2376 de
2760 2321 2916 2376 terra
2942 2315 3195 2390 Egypti,
3215 2333 3242 2366 ι
3281 2313 3340 2370 id
3369 2317 3480 2382 est,
3504 2315 3578 2371 de
3599 2313 3853 2373 inﬁdeli-

2189 2418 2308 2470 tate
2333 2428 2346 2468 :
2370 2411 2500 2468 dico
2523 2409 2682 2481 audi,
2705 2408 2764 2465 et
2789 2429 2811 2460 ι
2836 2405 3016 2462 dilata
3057 2420 3124 2460 os
3162 2407 3354 2472 tuum,
3378 2406 3438 2459 et
3480 2403 3754 2476 implebo
3787 2405 3852 2461 il-

2187 2502 2313 2571 lud,
2337 2525 2361 2554 »
2389 2498 2612 2556 scilicet
2640 2494 2936 2569 ampliﬁce
2956 2509 3056 2550 cor
3075 2497 3244 2549 tuum
3267 2493 3338 2548 ad
3361 2491 3854 2563 desiderandum,

2188 2593 2248 2646 et
2276 2587 2346 2644 ad
2381 2583 2826 2659 intelligendum
2856 2581 2916 2638 in
2948 2578 3194 2654 psalmis
3219 2578 3357 2648 illis,
3381 2578 3631 2638 interius
3653 2581 3780 2638 ﬁde
3801 2587 3855 2639 et

2189 2676 2519 2744 dilectione,
2551 2678 2608 2730 et
2636 2670 2891 2729 exterius
2923 2667 3334 2744 praedicatione
3363 2671 3422 2725 et
3449 2668 3851 2727 confessione.

2261 2769 2378 2840 Ego
2411 2764 2494 2822 sic
2544 2761 2824 2820 admonui
2876 2775 3060 2826 meos,
3089 2777 3112 2807 ε
3145 2761 3204 2814 et
3234 2780 3256 2808 ι
3291 2761 3488 2814 tamen
3526 2779 3549 2809 α
3583 2759 3854 2832 populus

2189 2872 2358 2913 meus
2381 2878 2404 2908 ι
2441 2852 2539 2926 qui
2572 2867 2777 2908 omnes
2823 2848 3041 2905 debent
3068 2847 3184 2904 mei
3213 2861 3361 2916 esse,
3390 2870 3412 2897 ι
3448 2863 3564 2903 non
3615 2849 3854 2906 audivit

2186 2962 2386 3003 vocem
2408 2958 2622 3010 meam,
2641 2959 2670 2994 α
2690 2940 2748 2996 id
2771 2942 2883 3008 est,
2903 2935 3364 2994 admonitionem
3386 2951 3578 2993 meam
3605 2952 3618 2993 :
3643 2942 3710 2995 et
3733 2957 3852 2996 non

2187 3038 2422 3092 tantum
2453 3048 2570 3088 non
2598 3027 2845 3097 audivit,
2865 3027 2967 3084 sed
2995 3046 3024 3082 α
3041 3030 3100 3082 et
3129 3024 3305 3082 Israel
3326 3024 3473 3082 mihi
3503 3041 3622 3082 non
3657 3027 3854 3086 inten-

2189 3124 2295 3192 dit,
2324 3145 2346 3174 ιο
2380 3122 2440 3178 id
2466 3123 2555 3178 est
2585 3117 2771 3175 noluit
2798 3117 2974 3174 etiam
3005 3115 3302 3172 attendere
3329 3114 3571 3172 verbum
3605 3131 3849 3174 unum:

2191 3235 2214 3266 ι
2248 3216 2308 3270 et
2334 3231 2362 3264 ιο
2389 3210 2518 3267 ideo
2545 3232 2565 3260 α
2602 3206 2800 3265 dimisi
2830 3222 2930 3264 eos
2969 3205 3294 3262 secundum
3325 3203 3613 3262 desideria
3643 3209 3851 3266 cordis

2186 3317 2389 3360 eorum
2412 3324 2434 3353 ι
2465 3303 2530 3356 ut
2555 3295 2839 3354 voluntati
2871 3311 2991 3353 suae
3019 3293 3443 3362 satisfacerent,
3467 3298 3526 3350 et
3555 3293 3674 3368 ipsi
3709 3298 3853 3354 sub-

2185 3394 2374 3448 tracta
2392 3386 2581 3463 gratia
2604 3401 2754 3453 meo,
2775 3409 2796 3435 σ
2825 3383 2996 3441 ibunt
3023 3383 3083 3439 in
3114 3383 3626 3440 adinventionibus
3653 3385 3843 3443 suis.

2186 3485 2244 3536 et
2272 3479 2448 3537 etiam
2480 3473 2729 3550 propriis
2759 3473 3010 3530 inventis
3037 3472 3184 3540 suis,
3209 3470 3430 3528 scilicet
3459 3477 3706 3546 propter
3730 3477 3853 3532 tra-

2187 3568 2440 3625 ditiones
2470 3581 2631 3636 suas,
2662 3561 2894 3618 irritum
2926 3561 3204 3618 facientes
3234 3560 3578 3617 mandatum
3601 3560 3740 3619 Dei.

2259 3657 2355 3715 Sic
2385 3653 2585 3712 dimisi
2625 3669 2744 3720 eos,
2767 3651 2869 3709 sed
2905 3674 2926 3702 ιι
2962 3649 3012 3707 si
3061 3648 3314 3724 populus
3359 3665 3526 3707 meus
3571 3651 3860 3710 audisset

2188 3763 2282 3803 me
2309 3769 2330 3796 ι
2367 3743 2674 3810 credendo,
2707 3743 2765 3798 et
2791 3738 2917 3813 ipse
2961 3739 3152 3796 factus
3197 3754 3370 3796 verus
3403 3757 3432 3793 ι
3463 3737 3668 3812 Israel,
3700 3740 3765 3798 si
3795 3741 3856 3798 in

2185 3834 2297 3891 viis
2344 3831 2490 3889 meis
2538 3829 2900 3888 ambulasset
2938 3850 2965 3876 »
2991 3827 3388 3900 complendocc
3427 3825 3858 3888 humiliassem

2188 3922 2460 3980 inimicos
2493 3935 2697 3977 eorum
2724 3941 2751 3969 »
2775 3917 2854 3974 ita
2875 3916 3027 3990 quod
3050 3940 3077 3966 ‹‹
3102 3933 3206 3990 pro
3237 3914 3420 3973 nihilo
3445 3939 3474 3966 ››
3495 3923 3859 3990 reputaren-

2185 4017 2303 4080 tur,
2324 4011 2414 4067 vel
2445 4008 2628 4084 gratis
2663 4005 3072 4064 humiliassem
3098 4021 3111 4060 :
3136 4029 3165 4056 ‹‹
3195 4008 3256 4062 et
3281 4021 3459 4079 super
3484 4005 3856 4066 tribulantes

2187 4118 2288 4159 eos
2319 4099 2614 4156 misissem
2645 4111 2886 4153 manum
2921 4111 3111 4152 meam
3147 4118 3175 4144 ››
3209 4095 3266 4150 id
3296 4099 3406 4163 est,
3437 4095 3856 4168 operationem

2189 4205 2403 4258 meam,
2437 4188 2517 4244 ita
2548 4187 2703 4262 quod
2734 4183 2992 4258 operatio
3032 4201 3161 4241 mea
3193 4183 3527 4257 praevaleret
3555 4183 3856 4255 inimicis,

2187 4283 2244 4336 et
2274 4280 2594 4336 removeret
2623 4291 2741 4332 eos.

2259 4364 2541 4424 «Inimici
2572 4353 2824 4421 Domini.
2852 4385 2880 4412 »
2913 4363 3053 4419 Pars
3089 4363 3280 4420 tertia.
3305 4361 3698 4419 Continuatio.
3734 4364 3858 4421 Do-

429 4441 537 4508 est,
557 4437 846 4494 rationem
863 4454 992 4510 quia
1011 4435 1322 4510 eriguntur
1338 4438 1539 4495 ﬁdeles
1555 4441 1628 4496 ad
1649 4444 1980 4516 superiora;
2002 4447 2075 4503 ab
2105 4460 2157 4524 ι)
2185 4455 2384 4512 minus
2413 4455 2495 4510 ita
2524 4451 2876 4526 promiserat
2912 4452 3061 4508 bene
3099 4450 3315 4524 populo
3346 4468 3474 4522 suo,
3508 4451 3610 4508 sed
3643 4468 3860 4510 sermo

427 4527 707 4584 oneribus
727 4529 1124 4600 peccatorum,
1146 4529 1204 4583 et
1221 4544 1434 4584 manus
1453 4528 1706 4600 divertit,
1733 4532 1790 4587 id
1821 4538 1911 4589 est
1940 4551 2075 4608 ope-

429 4615 686 4673 rationes
709 4615 1000 4685 ﬁdelium;
1030 4633 1064 4672 a
1093 4615 1363 4690 cophino,
1390 4615 1448 4673 id
1471 4620 1561 4673 est
1581 4618 1654 4674 ab
1676 4619 2073 4694 immunditia,

430 4705 490 4760 in
521 4721 638 4776 qua
667 4703 830 4776 prius
861 4703 1094 4760 diabolo
1125 4705 1473 4762 serviebant.

501 4793 566 4849 In
595 4791 968 4849 tribulatione
997 4793 1252 4866 divertit,
1277 4793 1479 4850 dicens
1511 4810 1524 4849 :
1556 4816 1583 4848 α
1604 4796 1668 4852 In
1701 4798 2076 4860 tribulatione

427 4879 708 4937 invocasti
741 4897 835 4936 me
869 4903 891 4930 ι
916 4881 1128 4950 verbis,
1159 4904 1180 4931 ι
1215 4886 1273 4937 et
1301 4881 1537 4939 liberavi
1571 4888 1626 4940 te
1659 4902 1721 4940 ε»
1751 4887 1926 4944 etiam
1956 4909 1978 4937 ι
2014 4891 2073 4946 in

427 4969 770 5027 abscondito
791 4969 1156 5043 tempestatis
1174 4971 1436 5026 cxaudivi
1461 4976 1568 5040 te,»
1593 4977 1828 5045 quando
1851 4995 1955 5034 nec
1978 4997 2077 5036 au-

427 5060 629 5130 debas,
662 5057 1039 5116 audientibus
1081 5059 1384 5134 Egyptiis,
1416 5061 1486 5116 ed
1519 5077 1612 5117 me
1658 5079 1868 5135 genere
1890 5083 1904 5123 :
1929 5086 2074 5140 pra:-

426 5149 582 5221 cepit
610 5149 766 5204 enim
813 5147 1054 5219 Pharao,
1077 5148 1216 5222 quia
1247 5149 1469 5206 audivit
1511 5167 1609 5206 eos
1638 5152 1710 5207 ad
1742 5153 1922 5211 Deum
1955 5157 2072 5212 cla-

429 5253 642 5305 masse,
671 5241 733 5292 ut
775 5236 859 5294 sic
891 5237 1166 5311 operibus
1217 5243 1618 5312 gravarentur,
1641 5242 1795 5312 quod
1843 5243 1928 5300 eis
1958 5263 2073 5303 non

425 5328 657 5381 vacaret
687 5326 758 5380 ad
791 5326 975 5382 Deum
996 5326 1268 5384 clamare.
1295 5327 1379 5384 Ita
1405 5327 1644 5384 exaudit
1667 5328 1822 5388 Deus
1844 5349 1984 5390 suos
2015 5338 2077 5391 ﬁ-

429 5413 586 5468 deles
608 5413 666 5468 in
689 5414 1031 5473 abscondito
1052 5415 1438 5490 tempestatis,
1462 5418 1696 5489 quando
1721 5421 1886 5478 sedat
1908 5422 1965 5478 in
1989 5426 2074 5482 eis

426 5498 647 5560 bellum
680 5503 1094 5576 suggestionis,
1125 5522 1252 5577 qua:
1281 5506 1543 5562 nondum
1576 5505 1648 5563 ad
1679 5515 1948 5582 apertum
1980 5532 2074 5572 ac-

2185 4545 2314 4617 ejus
2346 4560 2463 4600 non
2495 4541 2670 4614 cmpit
2697 4539 2757 4596 in
2801 4539 2921 4596 illis
2954 4556 2968 4596 :
3001 4540 3142 4613 quia
3171 4557 3310 4597 cum
3341 4539 3618 4597 deberent
3664 4541 3861 4599 amici

2184 4649 2336 4702 esse,
2369 4630 2506 4688 facti
2538 4652 2568 4681 «
2597 4627 2822 4686 inimici
2851 4627 3115 4704 Domini,
3135 4629 3364 4685 mentiti
3413 4633 3554 4686 sunt
3581 4627 3635 4684 ei
3659 4651 3690 4678 ι»
3726 4646 3862 4686 non

2186 4725 2527 4796 peragentes
2559 4717 2884 4792 promissa:
2910 4741 2939 4768 «
2965 4721 3024 4775 et
3045 4741 3073 4767 ››
3096 4718 3224 4775 ideo
3249 4742 3278 4769 «
3308 4722 3541 4790 tempus
3571 4733 3862 4788 eorum,»

2185 4810 2244 4866 id
2273 4813 2384 4876 est,
2407 4807 2648 4864 variatio
2679 4821 2880 4862 eorum
2920 4823 3024 4879 per
3051 4823 3255 4881 pcenas
3281 4830 3308 4858 ‹‹
3339 4805 3446 4863 erit
3478 4805 3537 4862 in
3570 4805 3805 4863 secula
3831 4830 3862 4855 ι»

2185 4902 2400 4954 acterna
2432 4913 2445 4952 :
2477 4894 2566 4952 vel
2595 4899 2830 4968 tempus
2860 4895 3128 4953 vindicta
3159 4912 3384 4953 eorum.

2256 5010 2284 5036 ‹‹
2317 4986 2390 5041 Et
2422 5008 2449 5033 ››
2473 4982 2680 5039 merito
2723 4982 3184 5052 damnabantur,
3217 4984 3360 5058 quia
3388 4983 3541 5044 Deus
3563 5008 3591 5034 «
3624 4983 3866 5044 cibavit

2183 5074 2316 5131 illos
2337 5091 2406 5131 ex
2426 5072 2598 5144 adipe
2619 5071 2919 5145 frumenti,
2943 5097 2970 5124 ››
2990 5074 3048 5130 id
3070 5078 3180 5147 est,
3201 5073 3414 5131 intima
3439 5071 3706 5130 medulla
3726 5075 3864 5132 fru-

2185 5161 2388 5230 menti,
2431 5159 2650 5216 scilicet
2698 5161 2996 5217 secretiori
3042 5167 3100 5219 et
3145 5162 3511 5236 profundiori
3559 5163 3861 5237 mysteria

2184 5270 2302 5310 sua:
2346 5247 2790 5323 incarnationis,
2819 5255 2878 5306 et
2932 5250 3062 5308 aliis
3118 5251 3325 5326 gratiis
3375 5251 3805 5323 spiritualibns
3839 5270 3858 5309 :

2183 5366 2212 5394 ‹‹
2245 5345 2304 5399 et
2335 5337 2619 5398 saturavit
2647 5354 2746 5396 eos
2793 5339 2964 5397 melle
2995 5341 3064 5397 de
3094 5345 3279 5414 petra,
3306 5364 3335 5392 »
3362 5341 3420 5396 id
3467 5344 3578 5412 est,
3610 5339 3860 5397 fortiori

2183 5430 2467 5498 doctrina,
2493 5427 2631 5501 quia
2679 5426 2792 5484 mel
2824 5432 2912 5485 est
2939 5429 3106 5487 cibus
3137 5429 3344 5488 fortior
3375 5447 3388 5485 :
3423 5432 3587 5502 petra
3635 5432 3860 5487 autem

2183 5523 2307 5577 erat
2333 5517 2621 5575 Christus.
