4048 6180
224 334 332 399 181

1401 328 1911 396 EXPLANATIO
1949 328 2032 396 ΙΝ
2077 332 2460 397 PSALMOS.

3533 340 3660 401 482

225 470 421 525 autem
474 466 791 523 comburas
838 482 937 523 cos
988 466 1122 539 igne
1172 466 1449 539 puniente
1483 482 1496 521 :
1529 470 1588 522 et
1619 465 1726 522 hoc
1780 469 1886 533 est,
1917 464 1976 533 Α
2004 468 2186 537 parte,
2211 467 2540 523 ostenditur
2561 467 2714 540 quod
2738 466 3017 541 Ecclesia,
3041 466 3177 526 licet
3206 469 3537 528 innumeris
3560 471 3659 527 tri-

229 556 378 613 sicut
409 554 571 628 ignis
593 577 621 605 «
648 556 746 626 qui
779 555 1072 611 comburit
1101 554 1329 623 silvam,
1367 560 1425 610 et
1465 556 1621 611 sicut
1652 555 1893 610 ﬂamma

231 644 584 701 comburens
607 648 859 700 montes.
887 666 915 692 »
934 642 1100 699 Silvae
1123 644 1269 700 bene
1293 648 1592 715 comparet
1614 661 1733 711 eos,
1757 643 1896 715 quia

234 733 337 806 ipsi
372 737 522 789 sunt
553 732 851 789 silvestres
903 736 961 788 et
1010 731 1215 788 inculti
1271 732 1396 805 lege
1428 732 1527 788 Dei
1556 749 1568 787 :
1595 732 1893 787 montibus

234 825 536 895 comparat
565 826 805 894 propter
835 821 1173 878 elationem.

299 936 327 963 «
352 913 502 968 Ita.»
526 910 692 967 Sicut
721 911 876 984 ignis
911 908 1142 980 silvam,
1168 934 1195 959 ‹‹
1223 910 1304 967 ita
1330 934 1355 959 ››
1377 915 1440 967 tu
1466 934 1492 960 ‹‹
1526 910 1896 983 persequeris

238 1018 350 1070 eos,
378 1023 408 1049 ››
433 998 608 1072 quasi
639 999 995 1072 impotentes
1029 1016 1089 1056 se
1119 1016 1395 1056 excusare
1420 1024 1445 1049 ‹‹
1472 1001 1531 1055 in
1553 1002 1899 1072 tempestate

239 1094 409 1156 tua,»
444 1089 504 1145 id
561 1092 672 1159 est,
716 1089 774 1144 in
823 1088 1070 1160 judicio,
1102 1089 1255 1161 quod
1319 1088 1401 1144 ita
1458 1088 1652 1144 subito
1710 1086 1900 1143 veniet

238 1179 399 1252 quasi
436 1181 782 1250 tempestas,
804 1182 861 1233 et
883 1178 1181 1249 separabit
1205 1193 1388 1250 grana
1408 1194 1442 1232 a
1464 1176 1666 1249 paleis,
1691 1183 1748 1231 et
1768 1176 1898 1232 dico

237 1266 630 1343 persequeris,
656 1270 713 1323 et
743 1265 1207 1339 comprehendes
1229 1265 1702 1338 comprehensos,
1719 1257 1901 1321 «tur

236 1356 411 1415 babis
445 1372 549 1412 eos
577 1354 637 1410 in
669 1355 756 1411 ira
777 1359 901 1427 tua,
926 1376 954 1403 »
980 1354 1295 1410 ostendens
1325 1355 1409 1411 eis
1440 1360 1494 1410 te
1526 1355 1763 1423 iratum,
1788 1371 1902 1427 pce-

243 1462 376 1503 nam
407 1448 695 1501 aeternam
730 1443 1053 1500 inferendo.

300 1534 479 1590 Petiit
496 1532 936 1589 damnationem
960 1531 1273 1600 malorum,
1308 1533 1485 1589 modo
1510 1534 1654 1606 petit
1674 1547 1904 1590 conver-

235 1624 465 1683 sionem
496 1621 938 1689 salvandorum,
964 1620 1135 1694 quasi
1176 1621 1433 1678 diceret:
1467 1621 1739 1679 Nolentes
1767 1638 1901 1677 con-

235 1712 378 1770 verti
410 1709 497 1766 ita
525 1708 760 1782 punies,
786 1709 885 1765 sed
913 1731 940 1757 «
978 1708 1156 1765 facies
1182 1725 1444 1780 eorum,»
1467 1712 1901 1782 persecutorum

2003 554 2404 611 bulationibus
2435 561 2788 624 conteratur,
2812 560 3010 612 tamen
3033 557 3105 612 ad
3128 556 3423 614 cmlestem
3447 558 3658 615 Hieru-

2004 641 2184 698 salem
2218 644 2517 715 pervenire
2550 644 2863 700 desiderat.
2899 645 2962 700 In
3014 647 3271 701 secunda
3313 651 3496 719 parte,
3530 665 3658 719 quae

2002 730 2209 803 incipit
2251 749 2265 786 :
2316 733 2527 790 Beatus
2574 734 2660 788 vir
2707 735 2877 804 cujus
2925 737 3030 801 est,
3065 734 3323 789 ostendit
3373 735 3657 791 auxilium

2005 820 2160 891 quod
2188 821 2345 877 Deus
2374 822 2512 877 facit
2541 821 2689 892 suis,
2720 827 2776 876 et
2814 839 2990 894 quam
3037 822 3180 878 utile
3212 823 3288 877 sit
3318 822 3463 877 illud
3495 823 3659 878 auxi-

2005 907 2173 964 lium.
2199 910 2263 965 In
2292 910 2466 966 tertia
2492 914 2677 984 parte,
2701 927 2827 983 quae
2860 909 3065 982 incipit
3089 926 3102 964 :
3137 910 3423 976 Quoniam
3454 911 3664 968 melior

2006 1000 2117 1066 cst,
2140 999 2399 1053 ostendit
2422 999 2577 1070 quod
2612 998 2780 1054 malit
2809 1015 2937 1055 esse
2969 998 3232 1069 abjectus
3264 998 3323 1054 in
3354 1000 3528 1055 domo
3559 1000 3660 1055 Dei

2007 1101 2185 1157 quam
2208 1091 2580 1158 peccatorum
2599 1087 2898 1142 abundare
2916 1086 3156 1155 divitiis,
3170 1091 3237 1141 ut
3256 1104 3358 1159 per
3377 1087 3660 1145 auxilium

2009 1176 2165 1246 quod
2192 1175 2305 1231 sibi
2337 1175 2535 1247 posuit
2567 1175 2626 1230 in
2649 1176 2909 1231 secunda
2942 1178 3127 1247 parte,
3149 1174 3336 1247 possit
3365 1175 3664 1247 pervenire

2009 1264 2082 1321 ad
2114 1262 2495 1331 desiderium,
2526 1264 2681 1336 quod
2714 1261 3021 1336 proposuit
3049 1261 3107 1318 in
3138 1262 3330 1336 prima
3359 1266 3543 1335 parte.
3578 1264 3666 1319 In-

2009 1353 2192 1409 tentio
2223 1356 2313 1409 est
2361 1353 2676 1410 admonere
2726 1370 2853 1422 nos,
2888 1356 2952 1409 ut
2980 1369 3214 1425 semper
3260 1349 3662 1408 desideremus

2010 1440 2173 1497 illam
2203 1432 2497 1497 caﬂestem
2530 1440 2917 1498 Hierusalem.

2080 1531 2151 1585 Et
2179 1530 2494 1586 ostendens
2527 1530 2625 1585 ille
2650 1530 2750 1603 qui
2774 1529 3055 1603 loquitur,
3080 1531 3351 1587 affectum
3375 1530 3665 1601 Ecclesiae,

2012 1618 2154 1674 dicit
2181 1635 2193 1673 :
2221 1619 2265 1674 Ο
2287 1642 2317 1669 ‹‹
2342 1618 2587 1674 Domine
2608 1619 2922 1674 virtutum!
2951 1644 2977 1667 ››
3001 1619 3059 1675 id
3078 1624 3187 1685 est,
3211 1620 3537 1676 cmlestium
3570 1638 3670 1677 an-

2013 1707 2299 1781 gelorum,
2326 1731 2353 1757 ‹‹
2388 1707 2764 1763 tabernacula
2812 1712 2916 1763 tua
2948 1730 2977 1757 ››
3009 1707 3067 1762 id
3120 1712 3228 1774 est,
3262 1708 3364 1763 illa
3412 1726 3669 1782 superna

237 1799 485 1870 scilicet,
501 1798 603 1899 qui
631 1796 861 1871 praevisi
894 1800 1033 1852 sunt
1052 1797 1125 1853 ad
1158 1796 1431 1867 salutem,
1458 1821 1484 1847 «
1518 1796 1699 1869 imple
1728 1798 1898 1870 igno-
1927 1834 1982 1903 Β
2013 1796 2300 1852 habitatio
2353 1801 2475 1867 tua,
2511 1801 2651 1851 sunt
2706 1796 2939 1863 dilecta,
2975 1796 3031 1850 id
3078 1799 3185 1863 est,
3228 1796 3576 1864 desiderata,
3608 1801 3669 1853 et

240 1889 422 1946 minia
449 1912 477 1938 ››
500 1887 559 1942 id
581 1890 690 1955 est,
710 1891 776 1942 ut
802 1886 1149 1942 erubescant
1171 1887 1242 1942 de
1271 1887 1526 1958 peccatis
1556 1887 1700 1953 suis,
1727 1908 1752 1935 ‹‹
1787 1890 1844 1940 et
1866 1908 1895 1934 »

242 1979 344 2045 sic,
368 1982 437 2034 ut
458 2001 486 2028 ‹‹
525 1980 788 2050 quaerent
835 1992 1050 2031 nomen
1100 1979 1270 2031 tuum
1315 1999 1343 2024 n
1375 1974 1618 2043 scilicet,
1644 1978 1709 2030 ut
1756 1974 1898 2029 ﬁant

243 2066 582 2124 Christiani.

312 2157 420 2223 Qui
443 2159 643 2212 autem
664 2153 940 2210 obstinati
963 2158 1175 2209 suntet
1196 2151 1404 2209 nolunt
1419 2152 1514 2208 hic
1533 2153 1894 2220 erubescere,

249 2247 306 2303 in
335 2244 450 2302 alia
488 2245 609 2300 vita
640 2268 668 2294 ‹‹
703 2243 1051 2299 erubescant
1083 2266 1111 2292 »
1142 2244 1213 2299 de
1256 2240 1721 2314 turpitudinibus
1750 2240 1899 2312 suis,

254 2361 277 2386 α
311 2339 366 2391 et
392 2334 820 2391 conturbentur
843 2353 871 2382 »
906 2333 976 2387 de
1008 2332 1219 2405 pamis,
1244 2329 1543 2387 duraturis
1566 2354 1591 2379 ‹‹
1626 2330 1687 2385 in
1720 2346 1899 2385 saecu-

256 2424 375 2480 lum
403 2421 600 2481 saeculi
633 2438 646 2477 :
679 2427 738 2477 et
781 2421 1269 2478 confundantur»
1296 2420 1493 2476 anima
1523 2424 1580 2474 et
1618 2435 1856 2490 corpore
1884 2436 1897 2472 :

256 2537 283 2563 «ι
315 2518 373 2570 et
404 2538 429 2561 ››
460 2512 565 2568 illa
605 2512 872 2567 confusio
923 2527 1039 2567 non
1089 2509 1167 2565 sit
1215 2508 1579 2583 reparabilis,
1626 2510 1726 2565 sed
1750 2532 1776 2559 (ι
1804 2524 1901 2581 pe-

260 2605 419 2659 reant
440 2625 467 2650 »
501 2601 734 2656 aeternis
764 2600 1094 2656 tormentis.

322 2717 349 2741 ιι
381 2693 449 2748 Et
496 2714 525 2739 ››
574 2695 717 2746 tunc
775 2688 982 2745 saltem
1034 2712 1059 2738 ‹‹
1113 2692 1493 2760 cognoscant,
1541 2687 1679 2759 quia
1736 2686 1903 2743 tibi»

255 2780 517 2837 convenit
574 2779 684 2836 hoc
716 2802 743 2829 ‹‹
779 2795 991 2834 nomen
1050 2777 1336 2833 Dominus
1371 2799 1397 2825 »
1435 2783 1493 2832 et
1541 2777 1642 2850 qui
1690 2778 1748 2831 in
1798 2776 1905 2831 hac

259 2871 374 2927 vita
400 2869 689 2943 putabant
718 2884 780 2924 se
810 2867 958 2923 altos
985 2871 1041 2923 et
1071 2870 1359 2940 potentes,
1387 2871 1524 2922 tunc
1553 2865 1909 2939 cognoscant

258 2960 395 3031 quia
421 2982 448 3008 ‹‹
483 2962 546 3014 tu
577 2956 742 3014 solus
778 2955 1121 3012 Altissimus
1152 2956 1209 3009 in
1246 2955 1408 3010 omni
1448 2958 1622 3026 terra,
1650 2977 1677 3003 »
1704 2955 1762 3008 id
1797 2957 1905 3021 est,

260 3065 433 3120 super
486 3064 693 3103 omnes
748 3052 1031 3113 terrenos,
1083 3044 1223 3116 quia
1280 3044 1435 3100 sicut
1494 3046 1699 3116 potens
1737 3060 1799 3099 es
1847 3041 1906 3097 in

263 3136 726 3193 remuneratione
756 3135 1068 3202 bonorum,
1100 3133 1185 3189 ita
1220 3133 1280 3189 in
1312 3131 1688 3189 damnatione
1726 3131 1909 3186 malo-

266 3243 416 3283 rum.
683 3313 756 3371 IN
796 3311 1146 3395 BSALMUM
1194 3310 1482 3395 Lxxxm.

333 3404 604 3462 Trruws.
652 3403 718 3460 In
762 3386 950 3475 ﬁdem,
983 3418 1086 3475 pro
1124 3388 1489 3458 torcularibus
1533 3400 1671 3471 ﬁliis
1709 3382 1840 3456 Core

945 3472 1221 3547 psalmus.

332 3605 360 3633 α
399 3584 583 3649 Quam
632 3580 865 3638 dilecta.
896 3603 926 3631 »
957 3578 1228 3637 Psalmus
1286 3579 1398 3635 iste
1457 3577 1726 3633 convenit
1772 3576 1910 3633 filiis

262 3670 419 3744 Core,
449 3671 509 3726 id
540 3674 657 3740 est,
688 3669 825 3726 ﬁliis
865 3669 1078 3741 crucis,
1110 3668 1508 3724 imitatoribus
1537 3666 1774 3735 Christi,
1808 3666 1909 3739 qui

262 3759 355 3816 hic
383 3759 666 3834 loquitur,
694 3758 932 3815 habitus
982 3774 1087 3830 pro
1132 3755 1549 3823 torcularibus,
1576 3755 1633 3810 id
1664 3758 1771 3824 est,
1804 3771 1909 3827 pro

262 3848 547 3921 Ecclesiis,
561 3866 692 3922 qua:
714 3847 1108 3905 torcularibus
1129 3848 1574 3917 comparantur;
1594 3843 1736 3916 quia
1756 3843 1911 3899 sicut

266 3937 323 3993 in
352 3938 623 3996 torculari
653 3936 1028 4010 cognoscitur
1059 3934 1199 4008 quid
1238 3934 1315 3990 sit
1343 3933 1544 3990 vinum
1574 3937 1631 3989 et
1660 3932 1800 4005 quid
1833 3930 1910 3987 sit

262 4026 479 4099 acinus,
494 4026 580 4083 sic
602 4042 708 4101 per
727 4042 1036 4099 pressuras
1059 4024 1118 4080 in
1140 4022 1398 4079 Ecclesia
1417 4020 1789 4094 cognoscitur
1807 4020 1907 4093 qui

262 4114 380 4173 sint
428 4116 589 4185 boni,
616 4118 675 4171 et
723 4113 825 4187 qui
875 4112 1053 4170 mali:
1088 4129 1192 4185 pro
1241 4110 1499 4167 Ecclesia
1544 4110 1639 4165 hic
1696 4109 1911 4166 dicitur

267 4220 444 4278 agere,
471 4205 612 4279 quia
634 4202 893 4261 ostendit
923 4203 1017 4259 hic
1048 4217 1323 4275 magnam
1347 4199 1691 4273 dignitatem
1722 4198 1909 4270 ipsius

267 4293 548 4368 Ecclesiae,
573 4292 799 4352 scilicet
827 4292 983 4365 quod
1029 4307 1260 4363 semper
1307 4288 1451 4362 petit
1498 4286 1773 4344 coalestia.
1804 4286 1909 4343 Vel

268 4398 573 4454 possumus
620 4382 814 4439 dicere
844 4381 998 4455 quod
1048 4397 1164 4437 non
1195 4378 1273 4436 sit
1299 4395 1408 4434 vox
1454 4376 1707 4433 filiorum
1741 4376 1903 4446 Core,

268 4473 361 4528 sed
397 4472 718 4545 Prophetas,
747 4469 837 4527 vel
884 4468 1136 4541 alicujus
1181 4466 1419 4541 perfecti
1456 4483 1469 4522 :
1505 4465 1610 4537 sic,
1642 4464 1907 4538 psalmus

1938 3198 1987 3267 (Ι

2014 1910 2034 1937 α
2075 1902 2252 1957 quam
2303 1884 2533 1955 dilecta,
2557 1907 2584 1935 »
2617 1883 2844 1940 inﬁnite
2875 1883 3115 1939 scilicet.
3142 1882 3306 1939 Illam
3346 1900 3664 1957 supernam

2006 1974 2428 2030 habitationem
2474 1978 2641 2029 vocat
2696 1972 3165 2040 tabernaculum,
3197 1976 3432 2044 propter
3476 1972 3664 2029 solam

2007 2063 2454 2133 habitationem,
2478 2062 2616 2133 quia
2645 2061 2798 2118 sicut
2829 2062 2887 2116 in
2921 2061 3313 2117 tabernaculis
3343 2061 3664 2127 habitatur,

2008 2153 2093 2208 sic
2124 2151 2183 2207 in
2218 2151 2318 2206 illa
2348 2167 2605 2223 superna
2642 2149 3027 2205 Hierusalem.
3064 2150 3215 2204 Dum
3248 2149 3392 2203 dicit
3420 2148 3665 2205 Domine

2010 2241 2316 2308 virtutum,
2336 2239 2532 2295 innuit
2553 2255 2690 2294 eum
2711 2239 2930 2294 multas
2952 2239 3194 2294 virtutes
3225 2239 3349 2293 suis
3380 2239 3662 2308 conferre,

2010 2335 2067 2386 et
2094 2330 2223 2385 ideo
2257 2352 2283 2379 «
2320 2328 2519 2384 anima
2549 2345 2681 2383 mea
2710 2350 2738 2378 »
2772 2327 2908 2383 licet
2940 2323 3143 2382 multis
3182 2326 3666 2384 tribulationibus

2011 2434 2293 2491 oppressa
2325 2438 2352 2467 ‹‹
2395 2415 2759 2489 concupiscit
2806 2439 2835 2465 ››
2883 2414 3102 2471 intrare
3148 2438 3176 2465 «
3228 2415 3287 2470 in
3348 2415 3496 2471 atria
3550 2416 3667 2472 Do-

2012 2506 2178 2575 mini,
2226 2529 2251 2555 ››
2283 2506 2342 2560 id
2403 2510 2511 2574 est,
2564 2505 2623 2560 in
2684 2521 3000 2577 supernam
3060 2503 3426 2560 Hierusalem
3484 2521 3664 2576 quam

2013 2593 2162 2649 atria
2193 2592 2460 2647 nominat
2492 2596 2728 2664 propter
2757 2590 3227 2663 amplitudinem,
3251 2615 3279 2641 «
3312 2595 3419 2647 et»
3453 2608 3665 2647 concu-

2013 2681 2291 2754 piscendo
2316 2704 2341 2729 ‹‹
2367 2679 2624 2749 deficit,»
2650 2679 2707 2735 id
2738 2684 2850 2748 est,
2883 2680 2954 2734 ab
3002 2680 3278 2735 omnibus
3328 2680 3573 2735 terrenis
3602 2697 3666 2736 se

2015 2770 2290 2837 abstinet,
2328 2769 2480 2840 quod
2513 2768 2692 2823 etiam
2731 2767 2791 2821 in
2843 2784 3081 2839 corpore
3127 2766 3377 2823 deficiat.
3410 2768 3573 2824 Unde
3603 2768 3662 2823 in

2015 2858 2271 2915 Canticis
2306 2874 2319 2912 :
2347 2879 2375 2907 «
2416 2859 2626 2912 Amore
2667 2856 2918 2928 langueo
2948 2856 3125 2925 (Cant.
3150 2858 3234 2926 ιι).
3261 2878 3289 2905 ››
3310 2854 3412 2913 Vel
3443 2856 3661 2925 deﬁcit,

2017 2946 2154 3020 quia
2168 2949 2691 3019 quantumcunque
2710 2943 3102 3015 concupiscat,
3118 2948 3313 2999 tamen
3334 2961 3449 2998 non
3470 2947 3666 3017 potest

2017 3034 2506 3113 comprehendere
2533 3034 2816 3106 gaudium
2847 3033 3006 3088 illius
3035 3032 3304 3089 civitatis.
3326 3032 3431 3089 Vel
3450 3049 3555 3105 per
3582 3038 3665 3091 ta-

2017 3126 2154 3181 bern
2163 3122 2332 3179 acula
2352 3138 2670 3195 possumus
2688 3114 2949 3195 accipere
2967 3125 3309 3193 prementem
3322 3121 3662 3192 Ecclesiam,

2018 3219 2084 3270 ut
2110 3215 2195 3270 sic
2227 3212 2493 3268 dicamus
2531 3210 2927 3278 tabernacula,
2959 3210 3015 3265 id
3057 3214 3149 3266 est
3186 3227 3442 3284 praesens
3472 3209 3665 3266 Eccle-

2016 3300 2124 3370 sia,
2149 3301 2209 3355 in
2240 3316 2355 3372 qua
2381 3299 2454 3353 ad
2486 3304 2722 3370 tempus
2743 3298 2847 3354 tibi
2871 3297 3226 3368 militamus;
3252 3313 3432 3371 quam
3456 3296 3669 3355 dilecta

2016 3394 2177 3459 sunt,
2210 3390 2268 3446 id
2298 3393 2407 3457 est,
2439 3405 2617 3461 quam
2668 3387 2993 3462 gloriosum
3026 3392 3084 3443 et
3113 3404 3289 3461 quam
3330 3387 3668 3460 jucundum

2018 3484 2107 3537 est
2138 3484 2292 3536 stare
2321 3482 2379 3534 et
2410 3478 2664 3533 militare
2713 3474 2819 3533 tibi
2850 3476 2911 3532 in
2941 3476 3173 3533 castris.
3206 3474 3370 3532 Unde
3415 3476 3667 3549 Aposto-

2017 3570 2111 3625 lus
2146 3586 2160 3625 :
2193 3570 2319 3625 Non
2368 3572 2598 3623 tantum
2647 3565 2971 3639 gloriamur
2999 3565 3058 3621 in
3088 3582 3211 3638 spe,
3244 3566 3345 3622 sed
3395 3565 3574 3621 etiam
3606 3564 3666 3622 in

2018 3656 2501 3715 tribulationibus
2540 3656 2713 3725 (Rom.
2744 3657 2822 3723 v).
2857 3657 2925 3709 Et
2963 3653 3237 3709 Salomon
3281 3670 3294 3708 :
3339 3652 3467 3723 Fili,
3499 3669 3668 3711 acce-

2018 3750 2164 3804 dens
2193 3747 2264 3802 ad
2296 3746 2638 3802 servitutem
2669 3743 2791 3811 Dei,
2817 3759 3079 3815 przepara
3108 3741 3367 3797 animam
3398 3745 3563 3797 tuam
3594 3743 3667 3798 ad

2017 3835 2397 3892 tentationem
2430 3833 2592 3906 (Eccl.
2624 3834 2708 3901 ιι).
2733 3832 2802 3886 Et
2831 3831 2970 3902 quia
2999 3829 3079 3884 ita
3098 3829 3366 3901 jucunda
3394 3834 3536 3885 sunt
3566 3833 3669 3885 tua

2016 3922 2416 3997 tabernacula,
2451 3921 2578 3976 ideo
2620 3918 2799 3993 diligo
2831 3916 3084 3973 militare
3131 3915 3192 3972 in
3242 3914 3382 3988 illis,
3408 3916 3547 3989 quia
3575 3932 3666 3972 se-

2016 4029 2194 4069 curus
2225 4027 2380 4080 sum,
2405 4010 2562 4081 quod
2600 4025 2703 4081 per
2730 4008 2882 4063 hanc
2913 4004 3187 4061 militiam
3230 4005 3563 4079 perveniam
3593 4005 3667 4062 ad

2016 4101 2179 4157 illam
2223 4100 2520 4156 cmlestem
2572 4096 2997 4154 habitationem
3032 4112 3047 4151 :
3079 4099 3138 4152 et
3167 4095 3276 4152 hoc
3307 4094 3671 4168 concupiscit

2017 4196 2075 4248 et
2102 4188 2317 4258 deficit,
2350 4192 2417 4243 ut
2449 4204 2653 4260 supra.

2092 4302 2120 4331 ‹‹
2132 4279 2242 4335 Cor
2258 4293 2455 4333 meum
2474 4273 2855 4347 concupiscit,
2866 4296 2894 4325 ››
2905 4265 2964 4331 et
2978 4272 3088 4331 hoc
3104 4290 3241 4331 cum
3256 4270 3666 4341 exsultatione,

2016 4374 2074 4428 et
2102 4369 2213 4425 hoc
2239 4370 2350 4435 est,
2376 4390 2403 4417 «
2431 4382 2531 4423 cor
2558 4380 2757 4421 meum
2790 4385 2819 4414 »
2842 4362 2902 4419 id
2933 4367 3042 4436 est,
3068 4362 3347 4420 secretior
3364 4379 3500 4435 pars
3530 4356 3669 4430 mei,

2016 4458 2261 4525 scilicet,
2293 4450 2491 4512 anima
2518 4470 2649 4510 mea
2678 4450 2881 4508 multis
2916 4450 3398 4508 tribulationibus
3428 4448 3666 4517 afﬂicta,

267 4558 369 4617 iste
394 4560 756 4635 praeponitur
785 4558 924 4616 ﬁliis
954 4558 1096 4614 Core
1127 4555 1464 4623 incitandis,
1496 4536 1737 4626 scilicet,
1767 4554 1907 4611 sim-
1938 4564 1995 4631 Ι)
2022 4570 2051 4601 ‹‹
2080 4553 2137 4606 et
2171 4569 2198 4597 ››
2222 4545 2397 4603 etiam
2420 4567 2449 4594 «
2473 4559 2606 4600 caro
2637 4559 2768 4597 mea
2800 4563 2828 4591 »
2854 4542 2981 4612 jam
3012 4538 3223 4635 rationi
3271 4536 3665 4635 subserviensy

265 4649 597 4721 plicioribus
629 4647 983 4706 Christianis
1017 4664 1028 4701 :
1066 4662 1244 4720 agens
1276 4662 1378 4717 pro
1408 4643 1822 4715 torcularibus,
1851 4643 1907 4699 id

263 4743 365 4808 est,
383 4740 457 4794 de
477 4736 778 4806 Ecclesiis,
802 4740 867 4791 ut
887 4740 1123 4791 ostensa
1147 4732 1427 4807 dignitate
1449 4731 1738 4798 Ecclesiae,
1761 4731 1911 4788 ﬁlios

263 4827 393 4883 Core
425 4832 626 4884 monet
667 4827 740 4882 ad
782 4825 1049 4882 eamdem
1084 4824 1430 4895 dignitatem
1462 4837 1790 4894 properare,
1824 4822 1911 4877 di-

264 4916 451 4990 rigens
482 4916 541 4971 in
579 4917 776 4971 ﬁnem.
800 4913 902 4970 Vel
938 4913 1017 4969 ita
1042 4929 1053 4965 :
1083 4910 1351 4968 Psalmus
1378 4910 1487 4966 iste
1519 4910 1640 4982 agit
1668 4926 1772 4981 pro
1796 4914 1911 4965 tor-

266 5004 580 5077 cularibus,
611 5004 669 5060 id
718 5006 826 5072 est,
878 5019 983 5075 pro
1042 5000 1336 5072 pressaris
1386 4997 1908 5054 commendandis:

264 5093 670 5151 tribulationes
706 5095 874 5148 vocat
911 5088 1245 5158 toreularia,
1281 5086 1421 5161 quia
1468 5088 1621 5143 sicut
1663 5086 1915 5142 torcular

261 5185 490 5255 separat
520 5186 579 5238 et
609 5176 886 5251 exprimit
913 5176 1112 5233 vinum
1147 5176 1217 5231 ad
1251 5174 1459 5244 acinis,
1481 5175 1565 5230 ita
1584 5173 1910 5230 tribulatio-

259 5285 357 5325 nes
384 5268 569 5340 hujus
598 5266 726 5325 vitae
773 5265 1118 5321 discernunt
1156 5263 1342 5319 bonos
1375 5279 1407 5318 a
1437 5262 1627 5329 malis,
1663 5261 1912 5317 torcula-

256 5357 417 5413 ribus
438 5357 570 5414 dieo
588 5355 920 5413 valentibus
944 5354 1004 5408 in
1026 5353 1227 5409 finem.
1248 5352 1409 5409 Unde
1430 5351 1676 5407 dicitur:
1703 5351 1915 5408 Beatus

254 5446 341 5502 vir
369 5444 472 5518 qui
490 5445 702 5503 suffert
730 5443 1136 5514 tentationem,
1163 5440 1443 5514 quoniam
1466 5456 1600 5494 cum
1631 5440 1912 5512 probatus

255 5534 454 5606 fuerit,
476 5534 725 5607 accipiet
755 5548 1030 5589 coronam
1067 5532 1215 5587 vitae.
1241 5528 1483 5585 Materia
1518 5533 1607 5585 est
1634 5527 1911 5599 Ecclesia,

254 5621 316 5680 in
354 5623 651 5695 pressaris
699 5622 881 5695 hujus
909 5622 1039 5677 vita:
1087 5619 1298 5692 posita.
1334 5617 1544 5675 Modus
1579 5634 1591 5675 :
1628 5617 1692 5674 In
1724 5617 1914 5697 prima

2020 4633 2535 4708 multiplicioribus
2594 4629 2766 4687 malis
2825 4628 3061 4686 afﬂicta.
3096 4627 3259 4685 Unde
3310 4625 3450 4683 alibi
3496 4624 3664 4699 (Psal.

2022 4730 2154 4795 nxn)
2179 4742 2192 4779 :
2218 4722 2409 4780 Sitivit
2435 4722 2495 4776 in
2528 4724 2584 4776 te
2629 4718 2827 4775 anima
2856 4734 3003 4785 mea,
3039 4733 3217 4789 quam
3268 4713 3672 4788 multipliciter

2022 4816 2127 4871 tibi
2149 4830 2281 4869 caro
2304 4828 2453 4866 mea.
2469 4832 2495 4858 ‹‹
2522 4807 3029 4873 Exsultaverunt,»
3049 4806 3106 4861 id
3133 4811 3243 4875 est,
3267 4821 3401 4861 cum
3425 4804 3673 4860 exsulta-

2021 4904 2176 4960 tione
2199 4900 2565 4956 sustinerunt
2581 4895 2988 4951 tribulationes
3004 4895 3184 4967 hujus
3202 4894 3346 4961 vita},
3364 4892 3670 4947 tendentes

2022 5017 2047 5045 «
2083 4993 2142 5047 in
2169 4992 2351 5046 Deum
2378 5010 2404 5036 »
2430 4994 2494 5041 ut
2522 5002 2656 5041 eum
2702 4985 3053 5041 obtineant«
3085 4984 3282 5039 vivum
3309 5005 3335 5030 ››
3358 4981 3455 5051 qui
3482 4979 3669 5034 vivere

2021 5081 2160 5138 facit
2191 5078 2492 5134 tendentes
2523 5075 2596 5131 ad
2629 5092 2689 5131 se
2718 5074 2779 5129 in
2810 5075 2929 5132 vita
2957 5077 3188 5129 asterna.

2092 5167 2321 5225 Etenim
2352 5184 2450 5222 cor
2479 5181 2679 5220 meum
2709 5161 3043 5227 exsultavit,
3073 5160 3131 5215 id
3163 5163 3270 5228 est,
3314 5155 3512 5212 anima
3541 5171 3671 5212 mea

2021 5264 2076 5315 et
2107 5275 2238 5314 caro
2270 5274 2420 5326 mea,
2446 5253 2711 5310 «etenim
2750 5267 2970 5324 passer,
2998 5271 3025 5299 ››
3060 5248 3115 5302 id
3147 5249 3253 5317 est,
3292 5246 3420 5318 ipsa
3448 5244 3665 5314 anima,

2023 5373 2050 5401 «
2083 5346 2303 5405 invenit
2347 5345 2457 5400 sibi
2490 5344 2752 5408 domum,
2778 5345 2833 5395 et
2864 5343 3076 5405 turtur,
3105 5359 3131 5385 ››
3159 5335 3216 5391 id
3248 5339 3357 5407 est,
3381 5334 3509 5407 ipsa
3536 5351 3668 5390 caro

2022 5437 2243 5497 invenit
2290 5433 2401 5490 sibi
2433 5456 2457 5479 ‹‹
2496 5430 2721 5496 nidum,
2758 5426 2856 5482 ubi
2906 5428 3086 5496 ponat
3134 5422 3328 5497 pullos
3360 5440 3520 5492 suos,
3552 5446 3578 5471 ››
3610 5421 3669 5478 id

2022 5532 2129 5596 est,
2183 5525 2312 5596 ipsa
2350 5535 2526 5592 opera
2581 5532 2707 5572 sua.
2741 5512 2965 5570 Passeri
3023 5516 3399 5586 comparatur
3449 5512 3667 5581 anima,

2023 5614 2161 5691 quia
2190 5611 2341 5668 sicut
2368 5619 2571 5680 passer
2602 5600 2845 5659 dimittit
2875 5599 3072 5670 silvas,
3105 5604 3163 5659 et
3192 5599 3455 5658 nidiﬁcat
3484 5601 3545 5658 in
3576 5598 3672 5658 do-
