4080 6180
465 363 587 428 ιεε

837 358 1244 448 HAYMONIS
1287 353 1829 418 HALBERSTAT.
1877 350 2128 415 EPISCJ
2171 349 2346 414 OPP.
2386 351 2590 416 PARS
2633 355 2680 414 Ι.
2727 389 2804 398 -
2847 353 3254 418 COMMENT.
3301 353 3501 418 BlBL.

3744 355 3862 416 ιδι

470 496 689 564 mibus,
713 494 772 550 in
805 492 939 550 altis
969 497 1164 548 tamen
1187 490 1351 558 locis,
1377 489 1476 546 ubi
1503 492 1667 545 tutus
1687 489 1816 544 sita
1837 486 2111 542 manibus
2140 485 2196 554 Α
2224 485 2594 558 perfectione.
2627 488 2689 544 In
2719 487 2827 544 hoc
2855 505 3026 545 versu
3057 489 3315 544 ostendit
3343 487 3625 544 auxilium
3657 487 3780 555 Dei,
3812 493 3870 543 et

467 599 782 658 puerorum
804 584 860 638 et
879 579 1104 652 laqueis
1127 595 1140 634 :
1166 577 1249 634 ita
1273 577 1463 634 ﬁdelis
1484 577 1701 647 anima,
1725 575 1988 632 dimissis
2008 579 2118 631 ter-

468 672 625 728 renis
655 670 804 736 istis,
831 667 1009 724 ivenit
1039 665 1150 723 sibi
1171 668 1412 722 domum
1435 665 1752 733 cmlestem,
1779 666 1838 722 in
1860 683 1978 738 qua
1987 666 2114 736 jam

467 778 568 833 spe
598 758 909 828 inhabitat,
933 760 989 812 et
1017 755 1508 827 contemplatione
1533 773 1545 808 :
1570 759 1628 810 et
1649 753 1780 810 ideo
1801 755 1928 827 jam
1947 753 2118 809 vellet

464 847 700 904 dissolvi
731 850 790 902 et
833 862 962 902 esse
1019 862 1154 901 cum
1212 844 1462 912 Christo,
1499 843 1653 898 sicut
1705 843 1846 899 dicit
1902 843 2119 900 Paulus

463 938 692 1010 (Philip.
718 935 790 1008 1):
817 936 877 991 Si
909 935 1029 990 haec
1052 935 1262 989 domus
1298 937 1498 989 nostra
1531 932 1904 999 dissolvatur,
1939 931 2118 986 habe-

465 1043 629 1082 mum
659 1025 902 1080 domum
942 1040 1058 1078 non
1090 1021 1510 1090 manufactam,
1545 1025 1820 1076 aeternam
1857 1020 1916 1074 in
1958 1018 2119 1076 caelis

462 1116 535 1186 (ll
565 1114 686 1170 Cor.
721 1115 800 1182 ν).
824 1113 932 1168 Per
970 1111 1142 1182 cujus
1180 1111 1392 1166 domus
1434 1109 1986 1181 contemplationem
2018 1125 2120 1164 ca-

461 1208 558 1262 vet
586 1203 698 1260 sibi
753 1199 942 1257 iideIis
989 1199 1186 1256 anima
1216 1217 1250 1256 a
1279 1197 1506 1270 laqueis
1553 1197 1950 1255 inimicorum.
1984 1198 2118 1254 ldeo

462 1292 676 1350 turturi
725 1291 1100 1362 comparatur
1145 1303 1300 1356 caro,
1323 1286 1466 1360 quia
1503 1286 1655 1344 sicut
1693 1291 1887 1343 turtur
1916 1285 2120 1362 gemit,

2223 590 2401 646 quam
2434 573 2575 631 utile
2607 575 2702 632 sit.

2297 663 2448 718 Bene
2469 663 2598 719 dico
2619 666 2774 737 quod
2797 666 3008 738 poterit
3027 667 3335 740 disponere
3357 665 3748 733 ascensiones,
3773 665 3874 738 qui

2223 751 2403 807 habet
2430 751 2714 808 auxilium
2747 753 2868 821 Dei,
2903 753 3041 826 quia
3073 772 3190 810 non
3219 757 3450 810 tantum
3481 753 3646 811 dabit
3675 753 3724 809 ei
3757 754 3878 810 Do-

2228 840 2428 896 minus
2449 840 2702 897 litteram
2733 842 3118 911 occidcntem,
3148 844 3249 898 sed
3282 842 3558 915 spiritum
3589 841 3881 898 vivifican-

2229 933 2368 997 tem,
2400 935 2458 984 et
2486 929 2596 985 hoc
2624 935 2734 1002 est,
2765 955 2794 980 «
2838 931 3055 988 ctenim
3104 931 3426 1003 legislatur,
3453 956 3480 980 »
3505 931 3561 987 id
3589 935 3698 999 est,
3723 932 3879 988 Deus

2228 1017 2329 1090 qui
2359 1018 2459 1073 dat
2487 1017 2675 1091 legem
2707 1024 3066 1086 monentem,
3091 1043 3116 1070 α
3145 1019 3310 1076 dabit
3338 1020 3878 1091 benedictionem,»

2229 1107 2288 1162 id
2318 1110 2409 1162 est
2429 1107 2678 1180 gratiam
2719 1108 3116 1182 adjuvantem,
3149 1112 3205 1164 et
3253 1126 3357 1182 per
3391 1108 3554 1166 illam
3580 1132 3608 1159 ‹‹
3643 1108 3823 1165 ibunt
3851 1132 3878 1159 »

2227 1194 2498 1252 homines
2517 1219 2545 1246 «
2581 1195 2652 1253 de
2695 1195 2908 1252 virtute
2937 1195 2998 1252 in
3045 1195 3339 1266 virtutem,
3367 1219 3396 1247 ››
3428 1197 3486 1252 id
3515 1201 3625 1264 est,
3658 1196 3721 1252 in
3770 1197 3880 1254 hac

2228 1283 2500 1355 praesenti
2531 1283 2807 1350 Ecclesia,
2841 1288 2898 1339 et
2928 1285 3166 1341 tandem
3187 1307 3214 1334 ‹‹
3239 1284 3532 1341 videbitur
3559 1285 3717 1342 Deus
3748 1285 3883 1342 deo-

463 1383 546 1439 ita
565 1397 698 1438 caro
721 1377 911 1435 fidelis
932 1377 1115 1451 gemit
1145 1393 1348 1450 pressa
1374 1376 1576 1432 multis
1607 1375 1882 1460 miseriis,
1903 1382 1962 1433 et
1992 1377 2122 1450 ipsa
2229 1388 2360 1427 rum
2392 1371 2451 1427 in
2485 1372 2644 1442 Sion,
2672 1397 2700 1422 υ
2723 1372 2946 1430 scilicet
2973 1373 3209 1446 quando
3253 1373 3409 1430 Deus
3437 1374 3548 1431 erit
3588 1375 3794 1430 omnia
3822 1373 3881 1430 in

463 1469 688 1528 invenit
717 1466 828 1526 sibi
859 1467 1092 1535 nidum,
1111 1465 1170 1521 id
1191 1470 1283 1522 est
1302 1466 1504 1535 ﬁdem,
1526 1470 1584 1522 et
1613 1464 1728 1522 alia
1755 1459 2123 1522 sacramenta
2229 1459 2524 1518 omnibus.

461 1557 754 1626 Ecclesiae,
789 1557 848 1612 in
879 1554 1098 1628 quibus
1131 1555 1260 1626 ipsa
1291 1559 1472 1627 ponat
1502 1553 1694 1627 pullos
1725 1571 1885 1624 suos,
1917 1553 1976 1611 id
2007 1558 2118 1622 est,

465 1652 624 1704 tutos
645 1646 820 1702 faciat
838 1649 896 1701 et
918 1641 1162 1713 nutriat,
1189 1643 1437 1713 scilicet,
1459 1643 1613 1699 bona
1641 1659 1818 1716 opera
1839 1660 1968 1716 sua,
1991 1659 2120 1716 qua:

464 1735 595 1810 ipsa
623 1737 864 1809 generat
883 1731 1038 1788 sicut
1058 1731 1180 1788 avis
1201 1731 1416 1804 pullos,
1433 1731 1598 1803 quia,
1619 1731 1772 1787 sicut
1790 1734 1986 1786 turtur
2006 1747 2120 1786 non

465 1828 657 1898 potest
686 1821 910 1878 nutrire
931 1821 1124 1894 pullos
1144 1824 1306 1877 extra
1327 1820 1558 1888 nidum,
1583 1835 1689 1875 nec
1706 1822 1867 1876 tutos
1882 1819 2118 1889 habere,

464 1914 548 1970 sic
582 1911 771 1968 fidelis
801 1915 965 1967 extra
994 1908 1294 1978 fidem,vel
1321 1912 1483 1965 extra
1505 1907 1850 1976 Ecclesium,
1870 1924 1986 1964 non
2016 1925 2116 1980 po-

464 2006 580 2060 test
609 2002 764 2057 bona
791 2016 968 2073 opera
995 2003 1054 2054 et
1082 1999 1199 2054 Deo
1225 1997 1516 2069 placentia
1549 1997 1754 2052 facere.
1781 1997 1943 2052 Unde
1975 1997 2118 2052 dici-

461 2096 580 2157 tur,
596 2114 622 2138 α
643 2089 782 2145 Sine
811 2089 926 2142 fide
962 2085 1327 2158 impossibile
1355 2089 1444 2141 est
1482 2085 1632 2140 Deos
1662 2084 1890 2157 placere
1919 2085 2113 2156 (Hebr.

463 2181 548 2248 ιι).
587 2198 614 2226 ››
643 2177 713 2230 Et
739 2173 1106 2247 Augustinus
1141 2188 1154 2226 :
1187 2172 1312 2227 Non
1345 2175 1435 2228 est
1473 2171 1637 2227 locus
1663 2172 1780 2227 veri
1843 2172 2113 2228 sacrificii

2301 1572 2328 1599 ‹‹
2354 1548 2597 1606 Domine
2628 1549 2783 1607 Deus
2812 1551 3119 1608 virtutum.
3147 1573 3174 1600 »
3204 1551 3275 1608 Et
3310 1550 3449 1624 quia
3485 1555 3652 1608 tanta
3697 1551 3886 1608 bene-

2231 1637 2363 1694 licia
2388 1637 2530 1695 facis
2559 1639 2697 1709 tuis,
2725 1656 2846 1709 oro,
2871 1639 3138 1710 Domine,
3160 1641 3315 1714 quod
3336 1640 3518 1698 facias
3540 1645 3600 1698 et
3631 1641 3809 1711 mihi,
3831 1645 3890 1699 et
3925 1656 3935 1665 '

2230 1725 2339 1783 hoc
2369 1731 2476 1797 est,
2503 1751 2531 1776 «
2553 1729 2799 1786 Domine
2819 1728 2974 1786 Deus
2994 1729 3300 1800 virtutum,
3322 1729 3532 1787 exaudi
3552 1729 3888 1787 orationem

2231 1830 2444 1884 meam,
2475 1839 2504 1865 ››
2535 1820 2592 1872 et
2623 1833 2738 1873 non
2781 1816 3130 1890 simpliciter
3165 1817 3398 1886 exaudi,
3438 1818 3541 1875 sed
3572 1841 3600 1868 ‹‹
3635 1817 3890 1875 auribus

2227 1903 2476 1976 persipe,
2512 1927 2539 1953 »
2571 1905 2630 1961 id
2683 1910 2792 1974 est,
2827 1905 2887 1960 in
2947 1905 3232 1962 memoria
3279 1907 3550 1976 reconde,
3609 1911 3675 1962 tu
3727 1906 3889 1978 dico,

2226 2016 2253 2042 ‹‹
2290 1992 2443 2048 Deus
2470 1994 2672 2065 Jacob,
2699 2018 2727 2042 ››
2749 1994 2850 2066 qui
2880 1993 3079 2068 diligis
3122 2011 3328 2052 omnes
3357 1995 3675 2053 luctatores
3706 2000 3764 2051 te
3803 1995 3890 2052 ἀί-

2225 2081 2494 2154 ligentes,
2527 2087 2586 2139 et
2615 2083 2744 2140 ideo
2777 2099 2872 2139 me
2905 2083 3084 2139 debes
3115 2082 3373 2157 diligere.

2295 2193 2323 2220 ‹‹
2351 2170 2664 2228 Protector.
2689 2195 2716 2221 »
2758 2172 2896 2228 Pars
2927 2172 3118 2228 tertia.
3161 2172 3325 2230 Sicut
3369 2173 3646 2248 opposuit
3673 2175 3891 2231 oratio-

463 2269 626 2320 extra
653 2261 998 2318 catholicam
1029 2259 1372 2316 Ecclesiam.
1390 2261 1460 2314 Et
1489 2259 1643 2315 sicut
1662 2259 1807 2332 pulli
1831 2277 1943 2315 non
1977 2263 2119 2317 sunt
2225 2275 2381 2328 nem,
2415 2277 2532 2333 qua
2558 2265 2780 2333 peteret
2809 2261 3093 2317 auxilium
3122 2260 3246 2331 Dei,
3281 2262 3365 2318 sic
3395 2261 3542 2336 petit
3566 2262 3662 2319 hic
3691 2267 3894 2336 proto-

464 2353 524 2408 in
556 2351 718 2421 nido,
749 2349 860 2405 nisi
893 2351 964 2405 ad
1006 2348 1212 2404 horam
1252 2346 1538 2416 mansuri,
1572 2348 1658 2404 sic
1697 2347 1899 2404 fideles
1937 2348 2114 2405 etiam
2223 2347 2477 2404 ctionem
2508 2347 2632 2420 Dei,
2661 2365 2840 2422 quam
2884 2349 3276 2406 necessariam
3308 2354 3542 2423 reputat
3567 2369 3687 2407 suae
3716 2351 3894 2425 obje-

461 2441 522 2497 in
553 2441 676 2496 haec
719 2437 988 2513 praesenti
1029 2435 1240 2493 militia
1279 2454 1393 2492 non
1437 2441 1577 2492 sunt
1611 2436 1962 2493 mtcrnaliter
1991 2453 2117 2509 per-
2223 2435 2399 2492 ctioni
2431 2453 2611 2508 quam
2656 2437 2932 2494 ostendit.
2966 2437 3361 2495 Continuatio.
3395 2439 3615 2495 Exaudi
3656 2441 3888 2497 oratio—

464 2529 750 2586 mansuri.
2222 2541 2378 2594 nem,
2406 2530 2464 2581 et
2484 2549 2510 2576 ‹‹
2539 2530 2602 2580 tu
2633 2530 2926 2599 protector
2954 2531 3151 2584 noster
3171 2551 3200 2578 ››
3223 2527 3447 2583 scilicet
3474 2527 3536 2584 in
3567 2529 3884 2588 adversis:

532 2619 602 2674 Et
629 2633 804 2690 quem
838 2615 1042 2671 nidum
1073 2614 1293 2670 invenit
1325 2615 1597 2670 turtur?«
1624 2614 1832 2670 altaria
1861 2619 1982 2683 tua,
2004 2639 2024 2666 ι
2053 2615 2111 2671 id
2220 2631 2254 2669 ο
2285 2638 2311 2664 ‹‹
2338 2614 2522 2683 Deus;
2555 2615 2808 2688 aspice,»
2829 2620 2891 2671 ut
2920 2633 3024 2688 per
3051 2616 3511 2673 miscricordiam
3545 2635 3690 2672 meae
3725 2619 3888 2692 abje-

463 2711 571 2777 est,
613 2709 980 2764 sacramenta
1011 2703 1300 2774 Ecclesiae,
1348 2705 1521 2760 fidem
1553 2708 1609 2760 et
1640 2704 2024 2776 baptismum,
2057 2707 2116 2760 et
2219 2703 2397 2759 ctioni
2420 2703 2747 2773 subveniat,
2775 2721 2847 2760 ne
2876 2706 3258 2761 succumbam
3282 2722 3296 2762 :
3323 2729 3348 2756 ‹‹
3376 2711 3434 2762 et
3457 2729 3484 2756 »
3506 2706 3557 2763 si
3587 2724 3710 2763 non
3746 2725 3888 2766 sum

461 2795 696 2865 similia,
731 2812 908 2868 super
938 2811 1067 2868 quae
1096 2810 1272 2867 opera
1328 2797 1529 2850 nostra
1559 2793 1748 2866 posita
1803 2797 1944 2848 sunt
1995 2793 2112 2848 Deo
2220 2793 2437 2865 dignus
2468 2809 2571 2864 per
2601 2809 2716 2860 me,
2747 2797 2812 2848 ut
2844 2792 2903 2849 in
2935 2810 3030 2849 me
3059 2793 3360 2866 respicias,
3383 2817 3411 2844 ‹‹
3444 2795 3670 2868 respice
3705 2796 3774 2852 in
3809 2798 3889 2854 fa-

462 2885 866 2959 acceptabilia,
896 2883 1051 2940 sicut
1081 2887 1139 2939 et
1187 2900 1257 2939 ea
1283 2899 1412 2956 quae
1451 2883 1776 2938 offeruntur
1826 2882 1885 2938 in
1944 2880 2114 2937 altari
2219 2883 2368 2938 ciem
2409 2880 2624 2938 Christi
2684 2881 2792 2954 tui,
2821 2904 2848 2932 »
2879 2881 2938 2938 id
2987 2887 3097 2952 est,
3129 2881 3571 2940 multitudinem
3620 2884 3887 2957 justitis

461 2998 490 3026 «
518 2973 784 3043 Domine,
814 2973 1122 3042 virtutum,
1152 2995 1178 3022 »
1209 2973 1267 3028 id
1312 2976 1402 3028 est
1440 2970 1703 3037 omnium
1745 2970 2108 3044 angelorum,
2219 2970 2458 3040 Christi,
2485 2987 2588 3044 per
2607 2987 2782 3044 quam
2809 2971 2934 3044 ipse
2954 2972 3027 3028 ab
3049 2969 3325 3029 omnibus
3347 2973 3637 3030 discretus
3657 2973 3805 3048 fuit,
3819 2975 3892 3034 de

459 3081 610 3138 quas
631 3064 868 3138 quidem
889 3062 1134 3119 virtutes
1155 3061 1342 3118 mittis
1363 3061 1534 3118 nobis
1563 3059 1622 3116 in
1645 3060 1949 3130 auxilium,
1973 3061 2110 3116 etin
2218 3062 2389 3133 cujus
2414 3059 2658 3133 justitiaa
2684 3058 3049 3132 plenitudine
3069 3061 3142 3117 ad
3173 3078 3280 3118 nos
3311 3061 3534 3134 aliquid
3556 3063 3889 3124 emanavit.

461 3153 570 3208 hoc
599 3156 840 3224 apparet
868 3151 1008 3223 quia
1036 3155 1100 3206 tu
1131 3167 1194 3206 es
1217 3173 1244 3200 ‹‹
1279 3166 1376 3204 rex
1407 3167 1574 3206 meus
1601 3173 1629 3198 »
1651 3149 1806 3221 quod
1837 3149 1986 3204 bene
2016 3165 2111 3206 me
2153 3223 2170 3226 Α
2217 3154 2276 3206 et
2309 3166 2416 3206 nos
2441 3150 2768 3206 conformes
2788 3165 2894 3221 pro
2914 3150 3088 3207 modo
3116 3155 3315 3208 nostro
3345 3151 3500 3208 fecit.
3524 3151 3595 3207 Et
3615 3167 3780 3226 opus
3800 3158 3888 3210 est

461 3240 615 3312 regis
640 3223 702 3294 in
733 3239 1004 3312 praesenti
1036 3238 1269 3306 militia,
1293 3261 1320 3288 ‹‹
1353 3243 1412 3294 et
1470 3238 1624 3294 Deus
1682 3255 1848 3294 meus
1873 3261 1900 3287 »
1932 3238 1988 3294 id
2021 3242 2112 3295 est
2139 3223 2184 3291 C
2223 3243 2288 3294 ut
2320 3236 2625 3311 respicias.
2641 3241 2706 3293 ut
2747 3241 3058 3310 protector,
3082 3237 3221 3311 quia
3249 3254 3355 3312 ego
3381 3261 3408 3289 «
3431 3237 3580 3312 elegi
3611 3223 3887 3312 abjeetus

459 3327 699 3383 Creator
729 3325 1035 3384 meus.Vel
1071 3326 1184 3382 ita:
1222 3343 1424 3398 passer
1453 3327 1809 3398 invenit_sibi
1843 3328 2106 3398 domum,

458 3415 684 3472 scilicet
711 3413 917 3471 altaria
941 3418 1062 3471 tua.
1096 3415 1348 3471 Domum
1387 3415 1680 3471 cmlestem
1712 3419 1878 3472 vocat
1907 3415 2110 3484 altare,

459 3504 600 3577 quia
629 3521 722 3562 res
753 3503 872 3560 alta
905 3508 996 3562 est
1029 3519 1042 3559 :
1077 3503 1148 3560 de
1202 3507 1428 3560 turture
1459 3521 1574 3560 non
1632 3509 1899 3561 mutatur
1952 3506 2109 3577 quod

459 3593 683 3650 dictum
719 3597 830 3651 est.

529 3706 558 3734 «
593 3682 751 3739 Beati
785 3681 907 3756 qui.
926 3705 953 3732 ››
975 3681 1246 3739 Ostendit
1267 3681 1337 3738 ad
1362 3698 1535 3754 quem
1561 3683 1734 3738 finem
1769 3683 1846 3739 sit
1865 3683 1986 3740 hmc
2007 3683 2112 3738 mi-

459 3773 597 3830 litiai
629 3777 998 3847 perventura,
1033 3771 1258 3828 scilicet
1286 3772 1358 3828 ad
1390 3771 1569 3827 vitam
1597 3776 1896 3828 aeternam.
1915 3772 2108 3829 Conti-

457 3862 659 3919 nuatio
693 3879 706 3918 :
742 3863 831 3918 Tu
863 3860 1012 3917 dicis
1055 3860 1192 3933 quia
1222 3877 1426 3932 passer
1481 3859 1703 3916 invenit
1759 3861 2021 3929 domum,
2053 3865 2112 3916 et

454 3955 654 4008 turtur
682 3950 911 4020 nidum,
943 3954 1001 4005 et
1031 3966 1134 4022 per
1173 3949 1282 4005 hoc
1319 3949 1669 4004 habitabunt
1706 3949 1765 4004 in
1805 3950 1980 4005 domo
2009 3953 2112 4005 tua

455 4037 696 4106 caalesti,
729 4038 887 4110 quod
928 4054 1045 4092 non
1093 4042 1152 4092 et
1201 4055 1467 4110 parvum,
1506 4038 1645 4110 quia
1673 4063 1700 4089 «
1735 4037 1939 4094 beati»
1971 4043 2112 4095 sunt

455 4125 567 4196 illi,
589 4149 615 4176 ‹‹
641 4125 742 4197 qui
773 4123 1044 4182 habitant
1074 4125 1134 4180 in
1156 4125 1330 4182 domo
1351 4129 1476 4195 tua,
1498 4126 1767 4196 Domine,
1787 4150 1814 4176 »
1838 4125 1938 4182 illa
1961 4143 1974 4182 :
2001 4127 2111 4183 hoc

458 4213 631 4270 modo
675 4211 854 4280 beati,
897 4211 1140 4282 scilicet,
1172 4211 1310 4285 quia
1346 4233 1368 4264 ι
1400 4213 1461 4270 in
1501 4213 1719 4271 saecqu
1761 4214 2110 4272 saeculorum

455 4301 786 4359 laudabunt
815 4304 870 4360 te
905 4323 932 4350 »
965 4301 1024 4356 in
1057 4317 1172 4374 quo
1231 4306 1472 4375 apparet
1518 4303 1803 4376 gaudium
1851 4303 2110 4376 illorum,

456 4391 597 4466 quia
627 4389 677 4449 si
707 4389 1214 4460 contristarentur,
1244 4407 1360 4449 non
1390 4389 1716 4449 laudarent.

529 4504 557 4532 ‹‹
590 4481 870 4538 Beatus.»
904 4479 1044 4537 Pars
1074 4479 1350 4536 secunda.
1387 4478 1476 4536 Illi
1509 4485 1682 4537 erunt
1717 4479 1891 4551 beati,
1917 4483 2019 4555 qui
2049 4483 2110 4540 in

456 4571 632 4660 domo
661 4575 764 4627 tua
791 4569 1162 4660 habitabunt,
1181 4573 1238 4626 et
1261 4568 1438 4627 etiam
1453 4567 1602 4660 illc«
1741 4570 1946 4629 beatus
1971 4595 1998 4622 »
2021 4577 2114 4630 est
2139 4593 2187 4660 Ι)

459 4684 485 4709 α
521 4659 692 4731 cujus
721 4663 813 4715 est
842 4657 1126 4714 auxilium
1162 4681 1188 4705 »
1220 4661 1422 4714 contra
1451 4655 1872 4730 impedimenta
1903 4661 2109 4718 mundi

459 4771 486 4797 ‹‹
522 4747 628 4804 abs
657 4751 736 4818 te,
763 4770 791 4796 ››
813 4746 872 4802 id
903 4751 1011 4816 est,
1037 4764 1072 4803 a
1103 4752 1176 4813 te,
1219 4747 1346 4802 ideo
1378 4747 1603 4815 beatus,
1628 4748 1767 4820 quia
1801 4748 1898 4806 ille
1937 4750 2111 4808 homo

457 4835 560 4909 qui
591 4834 819 4910 positus
848 4840 939 4891 est
967 4859 993 4885 ‹‹
1029 4834 1088 4890 in
1117 4834 1264 4891 valle
1306 4835 1720 4908 lacrymarum,
1758 4861 1786 4886 »
1819 4837 1877 4894 id
1908 4844 2016 4909 est,
2051 4840 2111 4895 in

457 4923 712 4984 miseriis
743 4924 923 4996 hujus
961 4923 1188 4993 mundi,
1223 4947 1250 4974 ‹‹
1285 4923 1578 4997 disposuit
1607 4925 1666 4982 in
1711 4929 1883 4984 corde
1927 4947 2055 4998 suo,
2082 4952 2110 4980 »

457 5014 684 5073 scilicet
712 5031 846 5072 cum
880 5029 1094 5086 magna
1125 5012 1348 5070 ratione
1393 5018 1452 5072 et
1493 5014 1800 5090 diligentia
1825 5019 2115 5077 ordinavit

458 5127 486 5153 ‹‹
521 5103 916 5168 escensiones,
944 5125 970 5152 »
995 5102 1054 5158 id
1083 5107 1190 5172 est,
1215 5101 1502 5174 quosdam
1525 5105 1744 5176 gradus
1772 5106 2114 5178 proficiendi

459 5192 532 5247 de
562 5191 773 5250 virtute
799 5193 859 5248 in
879 5190 1155 5248 virtutem
1183 5207 1195 5247 :
1222 5191 1596 5249 escensiones
1627 5193 1778 5263 dico,
1801 5197 2116 5267 perducen-

459 5285 546 5338 tes
578 5298 714 5338 eum
739 5307 765 5331 ‹‹
800 5282 860 5336 in
892 5279 1090 5337 locum
1122 5297 1298 5353 quem
1331 5281 1528 5352 posuit
1555 5305 1582 5330 »
1616 5281 1761 5355 ipse,
1788 5284 1844 5340 id
1878 5289 1986 5354 est,
2009 5303 2118 5346 cce-

460 5368 667 5426 lestem
700 5370 965 5440 domum,
999 5387 1175 5442 quem
1208 5368 1398 5424 solum
1433 5369 1556 5442 ipse
1587 5369 1781 5426 locum
1814 5375 2118 5447 proposuit

460 5455 574 5512 sibi
633 5463 904 5532 appetere
949 5449 1264 5518 et’amare.
1293 5457 1394 5516 Vel
1453 5458 1514 5513 in
1572 5458 1698 5516 loco
1755 5477 1932 5533 quem
1991 5463 2117 5537 ipse

460 5543 635 5601 homo
665 5547 886 5618 posuit,
921 5547 980 5602 id
1011 5551 1120 5614 est,
1153 5546 1289 5602 fecit
1316 5562 1386 5602 ex
1414 5551 1650 5618 peccato
1691 5548 1865 5621 primi
1907 5567 2116 5624 paren-

459 5631 559 5722 tis,
593 5633 732 5708 quia
762 5635 917 5695 Deus
959 5651 1075 5692 non
1120 5635 1336 5693 creavit
1363 5649 1500 5695 eum
1541 5635 1600 5694 in
1633 5637 1891 5712 miseria,
1923 5642 2024 5699 sed
2055 5642 2115 5701 in

2218 3342 2348 3383 esse
2392 3325 2452 3381 in
2510 3325 2684 3383 domo
2715 3325 2837 3396 Dei,
2866 3347 2893 3375 »
2925 3325 2982 3382 id
3031 3331 3141 3395 est,
3174 3327 3234 3382 in
3293 3325 3552 3385 Ecclesia
3597 3329 3886 3401 prasenti

2220 3438 2250 3468 «
2267 3415 2457 3488 magis
2473 3431 2652 3488 quam
2673 3414 2938 3472 habitare
2953 3414 3012 3472 in
3030 3415 3425 3500 tabernaculis
3440 3420 3883 3490 peccatorum,-

2216 3505 2276 3562 id
2332 3509 2441 3574 est,
2476 3520 2653 3577 quam
2686 3502 2904 3561 divitiis
2961 3503 3260 3562 abundare
3318 3505 3472 3562 inter
3515 3511 3888 3578 peccatores.

2217 3592 2472 3651 Electiva
2491 3592 2676 3650 oratio
2697 3597 2805 3650 est.
2829 3594 2974 3650 Cum
3001 3593 3144 3649 dicit
3167 3592 3568 3664 tabernacula,
3583 3611 3725 3668 quae
3748 3600 3894 3652 sunt
4009 3593 4016 3600 ’

2217 3681 2560 3738 transitoria
2593 3686 2651 3738 et
2679 3681 2740 3737 in
2771 3681 2986 3754 quibus
3036 3681 3191 3738 brevi
3239 3687 3502 3757 tempore
3548 3681 3891 3753 habitatur,

2217 3771 2412 3827 innuit
2428 3787 2497 3828 ea
2515 3787 2629 3826 non
2647 3786 2776 3827 esse
2791 3771 3138 3844 appetenda.
3156 3770 3304 3827 Cum
3320 3771 3461 3828 dicit
3476 3776 3891 3845 peccatorum,

2219 3859 2477 3916 ostendit
2494 3875 2562 3914 ea
2587 3859 2840 3915 maxime
2861 3859 3289 3933 esscfugicnda
3311 3875 3324 3916 :
3349 3864 3407 3916 et
3421 3859 3737 3934 praemittit
3759 3879 3894 3918 cau-

2219 3965 2368 4017 sam,
2392 3964 2574 4020 quaro
2596 3963 2660 4004 se
2678 3946 2855 4021 elegit
2881 3964 3011 4004 esse
3041 3947 3336 4020 abjectum
3365 3953 3426 4004 et
3454 3949 3890 4022 despicabilem

2216 4038 2279 4094 in
2312 4039 2485 4094 domo
2515 4035 2628 4108 vel;
2659 4035 2744 4092 sic
2775 4054 2789 4092 ε
2819 4059 2846 4087 ‹‹
2880 4036 3022 4109 quia
3053 4035 3260 4094 melior
3305 4041 3396 4095 est
3436 4037 3562 4094 dies
3585 4060 3617 4087 »
3653 4039 3894 4097 scilicet

2219 4126 2321 4182 illa
2350 4143 2477 4199 quae
2503 4129 2594 4182 est
2623 4147 2652 4175 «
2679 4142 2850 4194 una,»
2876 4124 2934 4182 id
2964 4129 3076 4198 est,
3107 4125 3407 4198 continua,
3441 4126 3532 4184 cui
3563 4143 3890 4203 nunquam

2219 4215 2545 4272 succedunt
2576 4213 2846 4284 tenebrae,
2875 4236 2902 4264 ‹‹
2937 4213 2998 4271 in
3029 4215 3197 4272 atriis
3226 4215 3368 4286 tuis,
3394 4237 3422 4265 »
3450 4215 3506 4274 id
3538 4220 3655 4289 est,
3689 4217 3758 4274 in
3791 4235 3895 4276 ca:-

2219 4304 2352 4362 lesti
2385 4301 2768 4371 habitatione,
2791 4326 2819 4352 «
2853 4317 3033 4376 super
3074 4301 3264 4362 millia
3289 4326 3318 4354 ι)
3348 4303 3576 4362 dierum
3623 4303 3890 4366 istorum

2220 4390 2654 4450 transeuntium
2677 4407 2827 4463 quos
2849 4396 3134 4464 appetunt
3151 4391 3339 4452 stulti.
3361 4392 3677 4467 Abjectum
3709 4411 3786 4453 se
3805 4413 3893 4454 os-

2221 4481 2410 4540 tendit
2436 4480 2638 4550 David,
2670 4496 2805 4536 cum
2837 4496 2900 4537 se
2930 4479 3290 4538 denudatum
3323 4477 3589 4540 saltando
3621 4487 3775 4541 ante
3806 4501 3896 4541 ar-

2220 4588 2350 4628 cam
2404 4568 2655 4637 Domini,
2716 4585 2852 4625 cum
2911 4584 3040 4626 eam
3099 4571 3445 4628 reduceret:
3482 4571 3638 4629 unde
3696 4574 3895 4631 etiam

2223 4677 2368 4718 uxor
2399 4675 2508 4714 sua
2539 4657 2841 4714 deridebat
2869 4674 3027 4714 eum.

2293 4751 2426 4806 Ideo
2457 4747 2602 4822 elegi
2636 4747 2900 4818 abjcetus
2949 4763 3080 4804 esse
3107 4772 3136 4800 «
3173 4749 3312 4822 quia
3338 4750 3491 4806 Deus
3521 4748 3727 4824 diligit
3777 4750 3897 4808 mi-

2225 4837 2602 4897 sericordiam
2639 4859 2659 4885 υ
2690 4836 2896 4904 facere,
2931 4836 2989 4892 id
3040 4842 3151 4904 est,
3182 4841 3419 4910 peccata
3458 4837 3792 4907 remittere,
3835 4844 3896 4898 et

2215 4926 2510 5000 justitiam
2537 4926 2674 4981 dare
2699 4941 2711 4980 :
2735 4948 2761 4974 ‹‹
2787 4929 2844 4983 et
2869 4948 2896 4976 ››
2919 4925 3112 4999 diligit
3132 4950 3159 4976 ‹‹
3189 4927 3448 4997 veritate,
3471 4950 3500 4977 »
3521 4927 3578 4983 id
3611 4933 3737 5001 est,
3763 4946 3898 5004 pro-

2225 5015 2536 5072 missiones
2567 5012 2857 5086 complere
2881 5029 2892 5068 :
2917 5019 2973 5071 et
2995 5015 3134 5087 quia
3165 5015 3354 5090 diligit
3384 5016 3894 5090 misericordiam,

2224 5103 2387 5161 dabit
2416 5102 2559 5158 mihi
2583 5103 2828 5174 abjecto,
2849 5107 2906 5160 et
2936 5102 3264 5160 ambulanti
3284 5105 3342 5159 in
3365 5105 3539 5162 domo
3560 5121 3738 5176 sua,«
3761 5124 3899 5180 gra-

2225 5192 2428 5262 tiam,»
2450 5192 2508 5247 id
2538 5195 2649 5258 est,
2673 5191 3078 5248 remissionem
3111 5197 3482 5265 peccatorum
3508 5212 3520 5252 :
3545 5199 3604 5252 et
3633 5197 3792 5268 quia
3812 5198 3902 5254 di-

2226 5283 2356 5356 ligit
2382 5281 2749 5348 veritatem,«
2775 5281 2988 5339 dabit»
3015 5282 3160 5339 mihi
3183 5307 3210 5335 «
3244 5284 3530 5342 Dominus
3555 5284 3898 5358 gloriam,»

2225 5373 2284 5428 id
2316 5376 2423 5442 est,
2449 5370 2754 5445 przemium
2786 5388 2927 5428 mea:
2969 5371 3212 5442 militim,
3236 5389 3416 5446 quam
3449 5374 3574 5447 ipse
3603 5377 3903 5447 promisit

2225 5462 2502 5520 omnibus
2524 5459 2636 5517 sibi
2659 5459 3071 5519 militantibus.
3085 5462 3348 5520 Gratiam
3369 5467 3428 5522 et
3444 5462 3697 5537 gloriam
3719 5465 3902 5523 dabit

2226 5550 2532 5618 Dominus,
2566 5565 2681 5605 non
2714 5548 3098 5622 quibuslibet,
3130 5552 3234 5608 sed
3265 5551 3474 5609 bonis:
3508 5555 3566 5608 et
3594 5550 3708 5608 hoc
3742 5558 3850 5612 est
3882 5569 3900 5612 :

2230 5664 2258 5693 «
2287 5657 2402 5697 non
2433 5637 2683 5715 privabit
2711 5637 2882 5697 bonis
2914 5654 3014 5697 eos
3042 5639 3143 5717 qui
3176 5639 3484 5703 ambulant
3512 5640 3576 5702 in
3603 5639 3909 5706 innocen-
