  <div class='ocr_page' id='page_1' title='image "/cluster/home/n/w/nwhite01/storage/ocr_20150623/116/hvd.32044054759808/248.png"; bbox 0 0 4080 6180; ppageno 0'>
   <div class='ocr_carea' id='block_1_1' title="bbox 194 382 295 445">
    <p class='ocr_par' dir='ltr' id='par_1_1' title="bbox 194 382 295 445">
     <span class='ocr_line' id='line_1_1' title="bbox 194 382 295 445; baseline 0 0"><span class='ocrx_word' id='word_1_1' title='bbox 194 382 295 445; x_wconf 74' lang='grc'>485</span> 
     </span>
    </p>
   </div>
   <div class='ocr_carea' id='block_1_2' title="bbox 1340 384 2390 479">
    <p class='ocr_par' dir='ltr' id='par_1_2' title="bbox 1340 384 2390 479">
     <span class='ocr_line' id='line_1_2' title="bbox 1340 384 2390 479; baseline 0.002 -30"><span class='ocrx_word' id='word_1_2' title='bbox 1340 384 1840 450; x_wconf 84' lang='lat' dir='ltr'>EXPLANATIO</span> <span class='ocrx_word' id='word_1_3' title='bbox 1883 386 1962 446; x_wconf 89' lang='lat' dir='ltr'><strong>IN</strong></span> <span class='ocrx_word' id='word_1_4' title='bbox 2009 386 2390 479; x_wconf 51' lang='lat' dir='ltr'>PSALMOS:</span> 
     </span>
    </p>
   </div>
   <div class='ocr_carea' id='block_1_3' title="bbox 3468 403 3585 465">
    <p class='ocr_par' dir='ltr' id='par_1_3' title="bbox 3468 403 3585 465">
     <span class='ocr_line' id='line_1_3' title="bbox 3468 403 3585 465; baseline 0.026 -3"><span class='ocrx_word' id='word_1_5' title='bbox 3468 403 3585 465; x_wconf 79' lang='lat'>486</span> 
     </span>
    </p>
   </div>
   <div class='ocr_carea' id='block_1_4' title="bbox 193 514 3589 605">
    <p class='ocr_par' dir='ltr' id='par_1_4' title="bbox 193 514 3589 605">
     <span class='ocr_line' id='line_1_4' title="bbox 193 514 3589 605; baseline 0.006 -35"><span class='ocrx_word' id='word_1_6' title='bbox 193 515 285 605; x_wconf 80' lang='lat' dir='ltr'>tia,</span> <span class='ocrx_word' id='word_1_7' title='bbox 316 539 345 563; x_wconf 83' lang='lat'>»</span> <span class='ocrx_word' id='word_1_8' title='bbox 374 514 435 572; x_wconf 91' lang='lat' dir='ltr'>id</span> <span class='ocrx_word' id='word_1_9' title='bbox 467 520 579 589; x_wconf 88' lang='lat' dir='ltr'>est,</span> <span class='ocrx_word' id='word_1_10' title='bbox 610 522 981 591; x_wconf 84' lang='lat' dir='ltr'>perseverant</span> <span class='ocrx_word' id='word_1_11' title='bbox 1010 520 1068 574; x_wconf 91' lang='lat' dir='ltr'>in</span> <span class='ocrx_word' id='word_1_12' title='bbox 1100 519 1435 576; x_wconf 78' lang='lat' dir='ltr'>innocentia</span> <span class='ocrx_word' id='word_1_13' title='bbox 1467 538 1480 577; x_wconf 92' lang='lat'><strong>:</strong></span> <span class='ocrx_word' id='word_1_14' title='bbox 1512 525 1569 578; x_wconf 91' lang='lat' dir='ltr'>et</span> <span class='ocrx_word' id='word_1_15' title='bbox 1614 521 1765 590; x_wconf 88' lang='lat' dir='ltr'>ideo,</span> <span class='ocrx_word' id='word_1_16' title='bbox 1796 538 1829 575; x_wconf 92' lang='grc' dir='ltr'>ο</span> <span class='ocrx_word' id='word_1_17' title='bbox 1857 520 1913 587; x_wconf 84' lang='grc' dir='ltr'><strong>Α</strong></span> <span class='ocrx_word' id='word_1_18' title='bbox 1940 519 2178 593; x_wconf 79' lang='lat' dir='ltr'>Christi,</span> <span class='ocrx_word' id='word_1_19' title='bbox 2210 537 2313 594; x_wconf 87' lang='lat' dir='ltr'>per</span> <span class='ocrx_word' id='word_1_20' title='bbox 2343 524 2530 596; x_wconf 84' lang='lat' dir='ltr'>ipsius</span> <span class='ocrx_word' id='word_1_21' title='bbox 2561 525 2895 583; x_wconf 92' lang='lat' dir='ltr'>adventum.</span> <span class='ocrx_word' id='word_1_22' title='bbox 2931 527 3063 585; x_wconf 74' lang='lat' dir='ltr'>Dum</span> <span class='ocrx_word' id='word_1_23' title='bbox 3094 533 3235 586; x_wconf 89' lang='lat' dir='ltr'>sunt</span> <span class='ocrx_word' id='word_1_24' title='bbox 3262 534 3589 605; x_wconf 87' lang='lat' dir='ltr'>generatio-</span> 
     </span>
    </p>
   </div>
   <div class='ocr_carea' id='block_1_5' title="bbox 195 604 1829 684">
    <p class='ocr_par' dir='ltr' id='par_1_5' title="bbox 195 604 1829 684">
     <span class='ocr_line' id='line_1_5' title="bbox 195 604 1829 684; baseline 0.003 -25"><span class='ocrx_word' id='word_1_25' title='bbox 195 629 217 654; x_wconf 86' lang='lat'><strong>«</strong></span> <span class='ocrx_word' id='word_1_26' title='bbox 246 604 487 662; x_wconf 86' lang='lat' dir='ltr'>Domine</span> <span class='ocrx_word' id='word_1_27' title='bbox 517 606 825 679; x_wconf 89' lang='lat' dir='ltr'>virtutum,</span> <span class='ocrx_word' id='word_1_28' title='bbox 840 609 1048 664; x_wconf 90' lang='lat' dir='ltr'>beatus</span> <span class='ocrx_word' id='word_1_29' title='bbox 1078 609 1254 665; x_wconf 90' lang='lat' dir='ltr'>homo</span> <span class='ocrx_word' id='word_1_30' title='bbox 1277 611 1377 682; x_wconf 86' lang='lat' dir='ltr'>qui</span> <span class='ocrx_word' id='word_1_31' title='bbox 1406 615 1602 684; x_wconf 81' lang='lat' dir='ltr'>sperat</span> <span class='ocrx_word' id='word_1_32' title='bbox 1631 610 1691 665; x_wconf 91' lang='lat' dir='ltr'>in</span> <span class='ocrx_word' id='word_1_33' title='bbox 1716 614 1829 666; x_wconf 81' lang='lat' dir='ltr'>te.»</span> 
     </span>
    </p>
   </div>
   <div class='ocr_carea' id='block_1_6' title="bbox 616 731 1398 790">
    <p class='ocr_par' dir='ltr' id='par_1_6' title="bbox 616 731 1398 790">
     <span class='ocr_line' id='line_1_6' title="bbox 616 731 1398 790; baseline 0.005 -4"><span class='ocrx_word' id='word_1_34' title='bbox 616 731 687 786; x_wconf 92' lang='lat' dir='ltr'><strong>IN</strong></span> <span class='ocrx_word' id='word_1_35' title='bbox 728 732 1075 789; x_wconf 74' lang='lat' dir='ltr'>PSAI.MUM</span> <span class='ocrx_word' id='word_1_36' title='bbox 1119 734 1398 790; x_wconf 83' lang='lat' dir='ltr'>LXXXIV.</span> 
     </span>
    </p>
   </div>
   <div class='ocr_carea' id='block_1_7' title="bbox 393 838 1608 914">
    <p class='ocr_par' dir='ltr' id='par_1_7' title="bbox 393 838 1608 914">
     <span class='ocr_line' id='line_1_7' title="bbox 393 838 1608 914; baseline 0.005 -23"><span class='ocrx_word' id='word_1_37' title='bbox 393 838 650 893; x_wconf 82' lang='lat' dir='ltr'>Trruws</span> <span class='ocrx_word' id='word_1_38' title='bbox 684 855 697 892; x_wconf 92' lang='lat'>:</span> <span class='ocrx_word' id='word_1_39' title='bbox 730 842 800 894; x_wconf 83' lang='lat' dir='ltr'>In</span> <span class='ocrx_word' id='word_1_40' title='bbox 828 839 992 909; x_wconf 74' lang='lat' dir='ltr'>ﬁnem</span> <span class='ocrx_word' id='word_1_41' title='bbox 1015 841 1159 911; x_wconf 78' lang='lat' dir='ltr'>ﬁliis</span> <span class='ocrx_word' id='word_1_42' title='bbox 1189 844 1326 899; x_wconf 80' lang='lat' dir='ltr'>Core</span> <span class='ocrx_word' id='word_1_43' title='bbox 1341 843 1608 914; x_wconf 82' lang='lat' dir='ltr'>psalmus.</span> 
     </span>
    </p>
   </div>
   <div class='ocr_carea' id='block_1_8' title="bbox 253 963 1835 1031">
    <p class='ocr_par' dir='ltr' id='par_1_8' title="bbox 253 963 1835 1031">
     <span class='ocr_line' id='line_1_8' title="bbox 253 963 1835 1031; baseline 0.003 -14"><span class='ocrx_word' id='word_1_44' title='bbox 253 985 279 1010; x_wconf 89' lang='grc'>‹‹</span> <span class='ocrx_word' id='word_1_45' title='bbox 314 963 691 1031; x_wconf 82' lang='lat' dir='ltr'>Benedixisti,</span> <span class='ocrx_word' id='word_1_46' title='bbox 718 964 981 1020; x_wconf 90' lang='lat' dir='ltr'>Domine.</span> <span class='ocrx_word' id='word_1_47' title='bbox 1021 988 1047 1014; x_wconf 85' lang='grc'><strong>››</strong></span> <span class='ocrx_word' id='word_1_48' title='bbox 1090 966 1361 1022; x_wconf 85' lang='lat' dir='ltr'>Psalmus</span> <span class='ocrx_word' id='word_1_49' title='bbox 1407 968 1518 1023; x_wconf 90' lang='lat' dir='ltr'>istc</span> <span class='ocrx_word' id='word_1_50' title='bbox 1568 967 1835 1023; x_wconf 90' lang='lat' dir='ltr'>convenit</span> 
     </span>
    </p>
   </div>
   <div class='ocr_carea' id='block_1_9' title="bbox 194 1050 1828 1129">
    <p class='ocr_par' dir='ltr' id='par_1_9' title="bbox 194 1050 1828 1129">
     <span class='ocr_line' id='line_1_9' title="bbox 194 1050 1828 1129; baseline 0.004 -23"><span class='ocrx_word' id='word_1_51' title='bbox 194 1050 323 1107; x_wconf 82' lang='lat' dir='ltr'>ﬁliis</span> <span class='ocrx_word' id='word_1_52' title='bbox 352 1052 517 1118; x_wconf 90' lang='lat' dir='ltr'>Core,</span> <span class='ocrx_word' id='word_1_53' title='bbox 553 1052 653 1124; x_wconf 88' lang='lat' dir='ltr'>qui</span> <span class='ocrx_word' id='word_1_54' title='bbox 686 1053 1032 1126; x_wconf 88' lang='lat' dir='ltr'>loquuntur,</span> <span class='ocrx_word' id='word_1_55' title='bbox 1059 1054 1148 1111; x_wconf 91' lang='lat' dir='ltr'>vel</span> <span class='ocrx_word' id='word_1_56' title='bbox 1176 1056 1392 1128; x_wconf 84' lang='lat' dir='ltr'>quibus</span> <span class='ocrx_word' id='word_1_57' title='bbox 1441 1058 1785 1129; x_wconf 78' lang='lat' dir='ltr'>proponitur</span> <span class='ocrx_word' id='word_1_58' title='bbox 1816 1073 1828 1113; x_wconf 89' lang='lat'>:</span> 
     </span>
    </p>
   </div>
   <div class='ocr_carea' id='block_1_10' title="bbox 192 1139 1836 1214">
    <p class='ocr_par' dir='ltr' id='par_1_10' title="bbox 192 1139 1836 1214">
     <span class='ocr_line' id='line_1_10' title="bbox 192 1139 1836 1214; baseline 0.004 -19"><span class='ocrx_word' id='word_1_59' title='bbox 192 1139 443 1214; x_wconf 83' lang='lat' dir='ltr'>dirigens</span> <span class='ocrx_word' id='word_1_60' title='bbox 470 1140 530 1196; x_wconf 89' lang='lat' dir='ltr'>in</span> <span class='ocrx_word' id='word_1_61' title='bbox 564 1141 765 1210; x_wconf 82' lang='lat' dir='ltr'>ﬁnem,</span> <span class='ocrx_word' id='word_1_62' title='bbox 792 1141 852 1198; x_wconf 90' lang='lat' dir='ltr'>id</span> <span class='ocrx_word' id='word_1_63' title='bbox 885 1147 993 1211; x_wconf 91' lang='lat' dir='ltr'>est,</span> <span class='ocrx_word' id='word_1_64' title='bbox 1026 1143 1086 1199; x_wconf 90' lang='lat' dir='ltr'>in</span> <span class='ocrx_word' id='word_1_65' title='bbox 1118 1144 1437 1201; x_wconf 78' lang='lat' dir='ltr'>Christum.</span> <span class='ocrx_word' id='word_1_66' title='bbox 1471 1145 1715 1201; x_wconf 88' lang='lat' dir='ltr'>Materia</span> <span class='ocrx_word' id='word_1_67' title='bbox 1745 1150 1836 1202; x_wconf 89' lang='lat' dir='ltr'>est</span> 
     </span>
    </p>
   </div>
   <div class='ocr_carea' id='block_1_11' title="bbox 192 1228 1836 1302">
    <p class='ocr_par' dir='ltr' id='par_1_11' title="bbox 192 1228 1836 1302">
     <span class='ocr_line' id='line_1_11' title="bbox 192 1228 1836 1302; baseline 0.004 -18"><span class='ocrx_word' id='word_1_68' title='bbox 192 1228 410 1301; x_wconf 89' lang='lat' dir='ltr'>primus</span> <span class='ocrx_word' id='word_1_69' title='bbox 443 1229 659 1287; x_wconf 85' lang='lat' dir='ltr'>Christi</span> <span class='ocrx_word' id='word_1_70' title='bbox 691 1231 1001 1302; x_wconf 76' lang='lat' dir='ltr'>adventus,</span> <span class='ocrx_word' id='word_1_71' title='bbox 1018 1234 1319 1290; x_wconf 87' lang='lat' dir='ltr'>conferens</span> <span class='ocrx_word' id='word_1_72' title='bbox 1348 1234 1615 1292; x_wconf 78' lang='lat' dir='ltr'>Ecclesia:</span> <span class='ocrx_word' id='word_1_73' title='bbox 1648 1234 1836 1290; x_wconf 90' lang='lat' dir='ltr'>multa</span> 
     </span>
    </p>
   </div>
   <div class='ocr_carea' id='block_1_12' title="bbox 193 1318 1833 1395">
    <p class='ocr_par' dir='ltr' id='par_1_12' title="bbox 193 1318 1833 1395">
     <span class='ocr_line' id='line_1_12' title="bbox 193 1318 1833 1395; baseline 0.003 -22"><span class='ocrx_word' id='word_1_74' title='bbox 193 1318 488 1374; x_wconf 82' lang='lat' dir='ltr'>beneﬁcia.</span> <span class='ocrx_word' id='word_1_75' title='bbox 521 1319 754 1377; x_wconf 91' lang='lat' dir='ltr'>Modus.</span> <span class='ocrx_word' id='word_1_76' title='bbox 790 1321 853 1376; x_wconf 90' lang='lat' dir='ltr'>In</span> <span class='ocrx_word' id='word_1_77' title='bbox 885 1321 1075 1393; x_wconf 91' lang='lat' dir='ltr'>prima</span> <span class='ocrx_word' id='word_1_78' title='bbox 1104 1328 1290 1395; x_wconf 88' lang='lat' dir='ltr'>parte,</span> <span class='ocrx_word' id='word_1_79' title='bbox 1313 1322 1567 1380; x_wconf 76' lang='lat' dir='ltr'>ostendit</span> <span class='ocrx_word' id='word_1_80' title='bbox 1595 1322 1833 1379; x_wconf 83' lang='lat' dir='ltr'>benedi-</span> 
     </span>
    </p>
   </div>
   <div class='ocr_carea' id='block_1_13' title="bbox 192 1407 1833 1483">
    <p class='ocr_par' dir='ltr' id='par_1_13' title="bbox 192 1407 1833 1483">
     <span class='ocr_line' id='line_1_13' title="bbox 192 1407 1833 1483; baseline 0.004 -21"><span class='ocrx_word' id='word_1_81' title='bbox 192 1407 438 1463; x_wconf 90' lang='lat' dir='ltr'>ctionem</span> <span class='ocrx_word' id='word_1_82' title='bbox 489 1423 619 1464; x_wconf 85' lang='lat' dir='ltr'>esse</span> <span class='ocrx_word' id='word_1_83' title='bbox 650 1409 847 1465; x_wconf 84' lang='lat' dir='ltr'>datam</span> <span class='ocrx_word' id='word_1_84' title='bbox 898 1413 1084 1483; x_wconf 68' lang='lat' dir='ltr'>terrae,</span> <span class='ocrx_word' id='word_1_85' title='bbox 1113 1415 1315 1468; x_wconf 89' lang='lat' dir='ltr'>contra</span> <span class='ocrx_word' id='word_1_86' title='bbox 1362 1411 1833 1469; x_wconf 88' lang='lat' dir='ltr'>maledictionem</span> 
     </span>
    </p>
   </div>
   <div class='ocr_carea' id='block_1_14' title="bbox 191 1496 1831 1572">
    <p class='ocr_par' dir='ltr' id='par_1_14' title="bbox 191 1496 1831 1572">
     <span class='ocr_line' id='line_1_14' title="bbox 191 1496 1831 1572; baseline 0.004 -20"><span class='ocrx_word' id='word_1_87' title='bbox 191 1513 356 1569; x_wconf 89' lang='lat' dir='ltr'>quam</span> <span class='ocrx_word' id='word_1_88' title='bbox 383 1496 547 1554; x_wconf 87' lang='lat' dir='ltr'>dedit</span> <span class='ocrx_word' id='word_1_89' title='bbox 575 1498 626 1553; x_wconf 91' lang='lat' dir='ltr'>ei</span> <span class='ocrx_word' id='word_1_90' title='bbox 645 1502 883 1571; x_wconf 88' lang='lat' dir='ltr'>propter</span> <span class='ocrx_word' id='word_1_91' title='bbox 901 1502 1207 1572; x_wconf 89' lang='lat' dir='ltr'>peceatum</span> <span class='ocrx_word' id='word_1_92' title='bbox 1230 1501 1537 1571; x_wconf 75' lang='lat' dir='ltr'>Adm,cum</span> <span class='ocrx_word' id='word_1_93' title='bbox 1568 1501 1784 1558; x_wconf 87' lang='lat' dir='ltr'>diceret</span> <span class='ocrx_word' id='word_1_94' title='bbox 1816 1517 1831 1557; x_wconf 89' lang='lat'><strong>:</strong></span> 
     </span>
    </p>
   </div>
   <div class='ocr_carea' id='block_1_15' title="bbox 208 1584 1836 1659">
    <p class='ocr_par' dir='ltr' id='par_1_15' title="bbox 208 1584 1836 1659">
     <span class='ocr_line' id='line_1_15' title="bbox 208 1584 1836 1659; baseline 0.006 -22"><span class='ocrx_word' id='word_1_95' title='bbox 208 1606 213 1607; x_wconf 51' lang='grc' dir='ltr'><em>ν</em></span> <span class='ocrx_word' id='word_1_96' title='bbox 251 1608 278 1636; x_wconf 83' lang='lat'><strong>«</strong></span> <span class='ocrx_word' id='word_1_97' title='bbox 312 1584 627 1642; x_wconf 78' lang='lat' dir='ltr'>Maledicta</span> <span class='ocrx_word' id='word_1_98' title='bbox 646 1590 802 1643; x_wconf 89' lang='lat' dir='ltr'>terra</span> <span class='ocrx_word' id='word_1_99' title='bbox 831 1588 890 1642; x_wconf 88' lang='lat' dir='ltr'>in</span> <span class='ocrx_word' id='word_1_100' title='bbox 922 1603 1093 1659; x_wconf 88' lang='lat' dir='ltr'>opere</span> <span class='ocrx_word' id='word_1_101' title='bbox 1124 1592 1226 1645; x_wconf 92' lang='lat' dir='ltr'>tuo</span> <span class='ocrx_word' id='word_1_102' title='bbox 1254 1589 1544 1659; x_wconf 62' lang='lat'>(66113).»</span> <span class='ocrx_word' id='word_1_103' title='bbox 1567 1590 1836 1646; x_wconf 90' lang='lat' dir='ltr'>Secunda</span> 
     </span>
    </p>
   </div>
   <div class='ocr_carea' id='block_1_16' title="bbox 172 1674 1836 1751">
    <p class='ocr_par' dir='ltr' id='par_1_16' title="bbox 172 1674 1836 1751">
     <span class='ocr_line' id='line_1_16' title="bbox 172 1674 1836 1751; baseline 0.002 -21"><span class='ocrx_word' id='word_1_104' title='bbox 172 1691 315 1748; x_wconf 82' lang='lat' dir='ltr'>pars</span> <span class='ocrx_word' id='word_1_105' title='bbox 332 1674 544 1749; x_wconf 88' lang='lat' dir='ltr'>incipit</span> <span class='ocrx_word' id='word_1_106' title='bbox 568 1691 582 1730; x_wconf 88' lang='lat'><strong>:</strong></span> <span class='ocrx_word' id='word_1_107' title='bbox 608 1698 637 1726; x_wconf 76' lang='grc' dir='ltr'><strong>α</strong></span> <span class='ocrx_word' id='word_1_108' title='bbox 654 1675 935 1749; x_wconf 85' lang='lat' dir='ltr'>Mitigasti</span> <span class='ocrx_word' id='word_1_109' title='bbox 954 1676 1100 1733; x_wconf 90' lang='lat' dir='ltr'>iram</span> <span class='ocrx_word' id='word_1_110' title='bbox 1119 1682 1342 1746; x_wconf 82' lang='lat' dir='ltr'>tuam,»</span> <span class='ocrx_word' id='word_1_111' title='bbox 1366 1678 1424 1733; x_wconf 90' lang='lat' dir='ltr'>in</span> <span class='ocrx_word' id='word_1_112' title='bbox 1449 1695 1563 1751; x_wconf 90' lang='lat' dir='ltr'>qua</span> <span class='ocrx_word' id='word_1_113' title='bbox 1580 1679 1836 1735; x_wconf 88' lang='lat' dir='ltr'>ostendit</span> 
     </span>
    </p>
   </div>
   <div class='ocr_carea' id='block_1_17' title="bbox 191 1764 1836 1838">
    <p class='ocr_par' dir='ltr' id='par_1_17' title="bbox 191 1764 1836 1838">
     <span class='ocr_line' id='line_1_17' title="bbox 191 1764 1836 1838; baseline 0.002 -18"><span class='ocrx_word' id='word_1_114' title='bbox 191 1764 615 1837; x_wconf 86' lang='lat' dir='ltr'>mitigationem</span> <span class='ocrx_word' id='word_1_115' title='bbox 645 1765 743 1820; x_wconf 67' lang='lat' dir='ltr'>iraa</span> <span class='ocrx_word' id='word_1_116' title='bbox 773 1764 899 1835; x_wconf 87' lang='lat' dir='ltr'>Dei,</span> <span class='ocrx_word' id='word_1_117' title='bbox 929 1782 1107 1838; x_wconf 89' lang='lat' dir='ltr'>quam</span> <span class='ocrx_word' id='word_1_118' title='bbox 1129 1767 1291 1838; x_wconf 91' lang='lat' dir='ltr'>juste</span> <span class='ocrx_word' id='word_1_119' title='bbox 1324 1766 1725 1823; x_wconf 87' lang='lat' dir='ltr'>sustineamus</span> <span class='ocrx_word' id='word_1_120' title='bbox 1766 1784 1836 1824; x_wconf 81' lang='lat' dir='ltr'>ex</span> 
     </span>
    </p>
   </div>
   <div class='ocr_carea' id='block_1_18' title="bbox 190 1852 1913 1954">
    <p class='ocr_par' dir='ltr' id='par_1_18' title="bbox 190 1852 1913 1954">
     <span class='ocr_line' id='line_1_18' title="bbox 190 1852 1913 1954; baseline 0.003 -46"><span class='ocrx_word' id='word_1_121' title='bbox 190 1857 419 1954; x_wconf 74' lang='lat' dir='ltr'>peccato</span> <span class='ocrx_word' id='word_1_122' title='bbox 440 1852 1004 1954; x_wconf 45' lang='lat' dir='ltr'>primi‘parentian</span> <span class='ocrx_word' id='word_1_123' title='bbox 1036 1855 1209 1954; x_wconf 63' lang='lat' dir='ltr'>tertia</span> <span class='ocrx_word' id='word_1_124' title='bbox 1238 1859 1564 1954; x_wconf 75' lang='lat' dir='ltr'>parte,un</span> <span class='ocrx_word' id='word_1_125' title='bbox 1602 1856 1830 1954; x_wconf 77' lang='lat' dir='ltr'>incipit.</span> <span class='ocrx_word' id='word_1_126' title='bbox 1864 1889 1913 1954; x_wconf 84' lang='lat' dir='ltr'><strong>B</strong></span> 
     </span>
    </p>
   </div>
   <div class='ocr_carea' id='block_1_19' title="bbox 190 1940 1835 2017">
    <p class='ocr_par' dir='ltr' id='par_1_19' title="bbox 190 1940 1835 2017">
     <span class='ocr_line' id='line_1_19' title="bbox 190 1940 1835 2017; baseline 0.004 -22"><span class='ocrx_word' id='word_1_127' title='bbox 190 1942 476 1997; x_wconf 71' lang='lat' dir='ltr'>«Audiam</span> <span class='ocrx_word' id='word_1_128' title='bbox 488 1940 631 2014; x_wconf 90' lang='lat' dir='ltr'>quid</span> <span class='ocrx_word' id='word_1_129' title='bbox 644 1941 976 2015; x_wconf 83' lang='lat' dir='ltr'>loquatur,»</span> <span class='ocrx_word' id='word_1_130' title='bbox 991 1943 1297 2001; x_wconf 85' lang='lat' dir='ltr'>manifeste</span> <span class='ocrx_word' id='word_1_131' title='bbox 1309 1945 1622 2000; x_wconf 88' lang='lat' dir='ltr'>annuntiat</span> <span class='ocrx_word' id='word_1_132' title='bbox 1638 1945 1835 2017; x_wconf 90' lang='lat' dir='ltr'>ipsum</span> 
     </span>
    </p>
   </div>
   <div class='ocr_carea' id='block_1_20' title="bbox 178 2030 1838 2105">
    <p class='ocr_par' dir='ltr' id='par_1_20' title="bbox 178 2030 1838 2105">
     <span class='ocr_line' id='line_1_20' title="bbox 178 2030 1838 2105; baseline 0.002 -19"><span class='ocrx_word' id='word_1_133' title='bbox 178 2030 394 2087; x_wconf 80' lang='lat' dir='ltr'>Christi</span> <span class='ocrx_word' id='word_1_134' title='bbox 418 2030 823 2100; x_wconf 89' lang='lat' dir='ltr'>adventum,et</span> <span class='ocrx_word' id='word_1_135' title='bbox 841 2031 1033 2087; x_wconf 91' lang='lat' dir='ltr'>innuit</span> <span class='ocrx_word' id='word_1_136' title='bbox 1052 2048 1155 2105; x_wconf 90' lang='lat' dir='ltr'>per</span> <span class='ocrx_word' id='word_1_137' title='bbox 1170 2049 1345 2105; x_wconf 87' lang='lat' dir='ltr'>quem</span> <span class='ocrx_word' id='word_1_138' title='bbox 1367 2032 1476 2089; x_wconf 88' lang='lat' dir='ltr'>hoc</span> <span class='ocrx_word' id='word_1_139' title='bbox 1490 2033 1590 2089; x_wconf 79' lang='lat' dir='ltr'>ﬁat</span> <span class='ocrx_word' id='word_1_140' title='bbox 1601 2037 1657 2089; x_wconf 91' lang='lat' dir='ltr'>et</span> <span class='ocrx_word' id='word_1_141' title='bbox 1668 2033 1838 2090; x_wconf 90' lang='lat' dir='ltr'>docet</span> 
     </span>
    </p>
   </div>
   <div class='ocr_carea' id='block_1_21' title="bbox 190 2118 1837 2180">
    <p class='ocr_par' dir='ltr' id='par_1_21' title="bbox 190 2118 1837 2180">
     <span class='ocr_line' id='line_1_21' title="bbox 190 2118 1837 2180; baseline 0.002 -6"><span class='ocrx_word' id='word_1_142' title='bbox 190 2119 282 2175; x_wconf 91' lang='lat' dir='ltr'>ubi</span> <span class='ocrx_word' id='word_1_143' title='bbox 296 2118 570 2175; x_wconf 88' lang='lat' dir='ltr'>Christus</span> <span class='ocrx_word' id='word_1_144' title='bbox 581 2123 738 2176; x_wconf 85' lang='lat' dir='ltr'>esset</span> <span class='ocrx_word' id='word_1_145' title='bbox 757 2120 1113 2177; x_wconf 85' lang='lat' dir='ltr'>nasciturus.</span> <span class='ocrx_word' id='word_1_146' title='bbox 1128 2121 1378 2178; x_wconf 87' lang='lat' dir='ltr'>Intentio</span> <span class='ocrx_word' id='word_1_147' title='bbox 1402 2126 1494 2178; x_wconf 91' lang='lat' dir='ltr'>est</span> <span class='ocrx_word' id='word_1_148' title='bbox 1513 2139 1620 2178; x_wconf 89' lang='lat' dir='ltr'>nos</span> <span class='ocrx_word' id='word_1_149' title='bbox 1642 2123 1837 2180; x_wconf 83' lang='lat' dir='ltr'>admo-</span> 
     </span>
    </p>
   </div>
   <div class='ocr_carea' id='block_1_22' title="bbox 186 2209 1835 2282">
    <p class='ocr_par' dir='ltr' id='par_1_22' title="bbox 186 2209 1835 2282">
     <span class='ocr_line' id='line_1_22' title="bbox 186 2209 1835 2282; baseline 0.003 -19"><span class='ocrx_word' id='word_1_150' title='bbox 186 2212 426 2281; x_wconf 88' lang='lat' dir='ltr'>nere,ut</span> <span class='ocrx_word' id='word_1_151' title='bbox 454 2225 592 2265; x_wconf 89' lang='lat' dir='ltr'>cum</span> <span class='ocrx_word' id='word_1_152' title='bbox 622 2225 839 2282; x_wconf 87' lang='lat' dir='ltr'>magna</span> <span class='ocrx_word' id='word_1_153' title='bbox 868 2209 1253 2267; x_wconf 81' lang='lat' dir='ltr'>exsultatione</span> <span class='ocrx_word' id='word_1_154' title='bbox 1282 2210 1499 2267; x_wconf 86' lang='lat' dir='ltr'>Christi</span> <span class='ocrx_word' id='word_1_155' title='bbox 1521 2212 1835 2268; x_wconf 85' lang='lat' dir='ltr'>adventum</span> 
     </span>
    </p>
   </div>
   <div class='ocr_carea' id='block_1_23' title="bbox 176 2298 1833 2374">
    <p class='ocr_par' dir='ltr' id='par_1_23' title="bbox 176 2298 1833 2374">
     <span class='ocr_line' id='line_1_23' title="bbox 176 2298 1833 2374; baseline 0.001 -20"><span class='ocrx_word' id='word_1_156' title='bbox 176 2298 602 2371; x_wconf 77' lang='lat' dir='ltr'>suscipiamus,</span> <span class='ocrx_word' id='word_1_157' title='bbox 620 2315 725 2372; x_wconf 90' lang='lat' dir='ltr'>per</span> <span class='ocrx_word' id='word_1_158' title='bbox 754 2315 930 2371; x_wconf 86' lang='lat' dir='ltr'>quem</span> <span class='ocrx_word' id='word_1_159' title='bbox 950 2303 1118 2356; x_wconf 89' lang='lat' dir='ltr'>tanta</span> <span class='ocrx_word' id='word_1_160' title='bbox 1142 2301 1427 2357; x_wconf 83' lang='lat' dir='ltr'>beneficia</span> <span class='ocrx_word' id='word_1_161' title='bbox 1442 2302 1833 2374; x_wconf 86' lang='lat' dir='ltr'>possidemus.</span> 
     </span>
    </p>
   </div>
   <div class='ocr_carea' id='block_1_24' title="bbox 250 2386 1835 2463">
    <p class='ocr_par' dir='ltr' id='par_1_24' title="bbox 250 2386 1835 2463">
     <span class='ocr_line' id='line_1_24' title="bbox 250 2386 1835 2463; baseline 0.002 -20"><span class='ocrx_word' id='word_1_162' title='bbox 250 2386 428 2454; x_wconf 84' lang='lat' dir='ltr'>Quasi</span> <span class='ocrx_word' id='word_1_163' title='bbox 445 2387 531 2444; x_wconf 92' lang='lat' dir='ltr'>sic</span> <span class='ocrx_word' id='word_1_164' title='bbox 550 2386 769 2444; x_wconf 88' lang='lat' dir='ltr'>diceret</span> <span class='ocrx_word' id='word_1_165' title='bbox 790 2405 804 2443; x_wconf 89' lang='lat'><strong>:</strong></span> <span class='ocrx_word' id='word_1_166' title='bbox 829 2405 862 2444; x_wconf 97' lang='lat' dir='ltr'>o</span> <span class='ocrx_word' id='word_1_167' title='bbox 886 2412 911 2439; x_wconf 77' lang='grc' dir='ltr'><strong>ι(</strong></span> <span class='ocrx_word' id='word_1_168' title='bbox 938 2388 1201 2460; x_wconf 92' lang='lat' dir='ltr'>Domine,</span> <span class='ocrx_word' id='word_1_169' title='bbox 1216 2394 1432 2446; x_wconf 91' lang='lat' dir='ltr'>terram</span> <span class='ocrx_word' id='word_1_170' title='bbox 1458 2414 1487 2440; x_wconf 88' lang='lat'><em>»</em></span> <span class='ocrx_word' id='word_1_171' title='bbox 1510 2408 1638 2463; x_wconf 65' lang='lat' dir='ltr'>quae</span> <span class='ocrx_word' id='word_1_172' title='bbox 1670 2390 1835 2463; x_wconf 91' lang='lat' dir='ltr'>prius</span> 
     </span>
    </p>
   </div>
   <div class='ocr_carea' id='block_1_25' title="bbox 184 2474 1834 2550">
    <p class='ocr_par' dir='ltr' id='par_1_25' title="bbox 184 2474 1834 2550">
     <span class='ocr_line' id='line_1_25' title="bbox 184 2474 1834 2550; baseline 0.002 -20"><span class='ocrx_word' id='word_1_173' title='bbox 184 2474 498 2531; x_wconf 88' lang='lat' dir='ltr'>maledicta</span> <span class='ocrx_word' id='word_1_174' title='bbox 526 2480 652 2532; x_wconf 89' lang='lat' dir='ltr'>erat</span> <span class='ocrx_word' id='word_1_175' title='bbox 678 2476 739 2533; x_wconf 90' lang='lat' dir='ltr'>in</span> <span class='ocrx_word' id='word_1_176' title='bbox 766 2493 937 2550; x_wconf 89' lang='lat' dir='ltr'>opere</span> <span class='ocrx_word' id='word_1_177' title='bbox 955 2478 1299 2546; x_wconf 69' lang='lat' dir='ltr'>Adm,modo</span> <span class='ocrx_word' id='word_1_178' title='bbox 1322 2478 1533 2534; x_wconf 85' lang='lat' dir='ltr'>factam</span> <span class='ocrx_word' id='word_1_179' title='bbox 1551 2501 1580 2529; x_wconf 87' lang='grc'>‹‹</span> <span class='ocrx_word' id='word_1_180' title='bbox 1605 2484 1771 2534; x_wconf 90' lang='lat' dir='ltr'>tuam</span> <span class='ocrx_word' id='word_1_181' title='bbox 1806 2501 1834 2529; x_wconf 87' lang='grc'><strong>››</strong></span> 
     </span>
    </p>
   </div>
   <div class='ocr_carea' id='block_1_26' title="bbox 192 2564 1836 2639">
    <p class='ocr_par' dir='ltr' id='par_1_26' title="bbox 192 2564 1836 2639">
     <span class='ocr_line' id='line_1_26' title="bbox 192 2564 1836 2639; baseline -0.002 -18"><span class='ocrx_word' id='word_1_182' title='bbox 192 2565 479 2638; x_wconf 87' lang='lat' dir='ltr'>recipiens</span> <span class='ocrx_word' id='word_1_183' title='bbox 500 2564 816 2621; x_wconf 88' lang='lat' dir='ltr'>adventum</span> <span class='ocrx_word' id='word_1_184' title='bbox 840 2564 967 2621; x_wconf 88' lang='lat' dir='ltr'>Filii</span> <span class='ocrx_word' id='word_1_185' title='bbox 1000 2566 1087 2621; x_wconf 88' lang='lat' dir='ltr'>tui</span> <span class='ocrx_word' id='word_1_186' title='bbox 1118 2565 1177 2621; x_wconf 91' lang='lat' dir='ltr'>in</span> <span class='ocrx_word' id='word_1_187' title='bbox 1209 2566 1387 2637; x_wconf 79' lang='lat' dir='ltr'>fide,«</span> <span class='ocrx_word' id='word_1_188' title='bbox 1412 2566 1782 2639; x_wconf 82' lang='lat' dir='ltr'>benedixisti,</span> <span class='ocrx_word' id='word_1_189' title='bbox 1809 2591 1836 2618; x_wconf 90' lang='grc'><strong>››</strong></span> 
     </span>
    </p>
   </div>
   <div class='ocr_carea' id='block_1_27' title="bbox 184 2652 1837 2728">
    <p class='ocr_par' dir='ltr' id='par_1_27' title="bbox 184 2652 1837 2728">
     <span class='ocr_line' id='line_1_27' title="bbox 184 2652 1837 2728; baseline 0.002 -20"><span class='ocrx_word' id='word_1_190' title='bbox 184 2654 265 2709; x_wconf 85' lang='lat' dir='ltr'>ita</span> <span class='ocrx_word' id='word_1_191' title='bbox 294 2652 541 2722; x_wconf 89' lang='lat' dir='ltr'>scilicet,</span> <span class='ocrx_word' id='word_1_192' title='bbox 566 2676 594 2703; x_wconf 81' lang='grc' dir='ltr'>α</span> <span class='ocrx_word' id='word_1_193' title='bbox 628 2653 887 2710; x_wconf 89' lang='lat' dir='ltr'>avertisti</span> <span class='ocrx_word' id='word_1_194' title='bbox 918 2654 1339 2726; x_wconf 88' lang='lat' dir='ltr'>captivitatem,</span> <span class='ocrx_word' id='word_1_195' title='bbox 1368 2678 1394 2703; x_wconf 87' lang='grc'><strong>››</strong></span> <span class='ocrx_word' id='word_1_196' title='bbox 1426 2655 1484 2710; x_wconf 89' lang='lat' dir='ltr'>id</span> <span class='ocrx_word' id='word_1_197' title='bbox 1509 2660 1837 2728; x_wconf 85' lang='lat' dir='ltr'>est,pecca-</span> 
     </span>
    </p>
   </div>
   <div class='ocr_carea' id='block_1_28' title="bbox 186 2743 1836 2816">
    <p class='ocr_par' dir='ltr' id='par_1_28' title="bbox 186 2743 1836 2816">
     <span class='ocr_line' id='line_1_28' title="bbox 186 2743 1836 2816; baseline 0.002 -19"><span class='ocrx_word' id='word_1_198' title='bbox 186 2746 335 2811; x_wconf 86' lang='lat' dir='ltr'>tum,</span> <span class='ocrx_word' id='word_1_199' title='bbox 367 2759 471 2816; x_wconf 89' lang='lat' dir='ltr'>per</span> <span class='ocrx_word' id='word_1_200' title='bbox 499 2743 659 2815; x_wconf 92' lang='lat' dir='ltr'>quod</span> <span class='ocrx_word' id='word_1_201' title='bbox 691 2759 897 2799; x_wconf 91' lang='lat' dir='ltr'>omnes</span> <span class='ocrx_word' id='word_1_202' title='bbox 927 2747 1059 2799; x_wconf 87' lang='lat' dir='ltr'>ante</span> <span class='ocrx_word' id='word_1_203' title='bbox 1086 2744 1401 2800; x_wconf 89' lang='lat' dir='ltr'>adventum</span> <span class='ocrx_word' id='word_1_204' title='bbox 1431 2744 1648 2801; x_wconf 86' lang='lat' dir='ltr'>Christi</span> <span class='ocrx_word' id='word_1_205' title='bbox 1679 2749 1836 2800; x_wconf 90' lang='lat' dir='ltr'>tene-</span> 
     </span>
    </p>
   </div>
   <div class='ocr_carea' id='block_1_29' title="bbox 188 2831 1836 2907">
    <p class='ocr_par' dir='ltr' id='par_1_29' title="bbox 188 2831 1836 2907">
     <span class='ocr_line' id='line_1_29' title="bbox 188 2831 1836 2907; baseline 0 -20"><span class='ocrx_word' id='word_1_206' title='bbox 188 2832 405 2887; x_wconf 85' lang='lat' dir='ltr'>bantur</span> <span class='ocrx_word' id='word_1_207' title='bbox 437 2831 656 2906; x_wconf 83' lang='lat' dir='ltr'>captivi</span> <span class='ocrx_word' id='word_1_208' title='bbox 685 2849 721 2887; x_wconf 89' lang='lat' dir='ltr'>a</span> <span class='ocrx_word' id='word_1_209' title='bbox 747 2831 998 2902; x_wconf 88' lang='lat' dir='ltr'>diabolo,</span> <span class='ocrx_word' id='word_1_210' title='bbox 1034 2856 1062 2884; x_wconf 88' lang='grc'>‹‹</span> <span class='ocrx_word' id='word_1_211' title='bbox 1091 2832 1292 2901; x_wconf 88' lang='lat' dir='ltr'>Jacob,</span> <span class='ocrx_word' id='word_1_212' title='bbox 1330 2856 1357 2882; x_wconf 85' lang='grc'><strong>››</strong></span> <span class='ocrx_word' id='word_1_213' title='bbox 1404 2833 1462 2889; x_wconf 89' lang='lat' dir='ltr'>id</span> <span class='ocrx_word' id='word_1_214' title='bbox 1494 2838 1602 2902; x_wconf 91' lang='lat' dir='ltr'>est,</span> <span class='ocrx_word' id='word_1_215' title='bbox 1637 2833 1836 2907; x_wconf 88' lang='lat' dir='ltr'>populi</span> 
     </span>
    </p>
   </div>
   <div class='ocr_carea' id='block_1_30' title="bbox 191 2920 1287 2994">
    <p class='ocr_par' dir='ltr' id='par_1_30' title="bbox 191 2920 1287 2994">
     <span class='ocr_line' id='line_1_30' title="bbox 191 2920 1287 2994; baseline 0.003 -19"><span class='ocrx_word' id='word_1_216' title='bbox 191 2920 369 2987; x_wconf 88' lang='lat' dir='ltr'>illius,</span> <span class='ocrx_word' id='word_1_217' title='bbox 400 2920 503 2994; x_wconf 89' lang='lat' dir='ltr'>qui</span> <span class='ocrx_word' id='word_1_218' title='bbox 534 2920 661 2977; x_wconf 87' lang='lat' dir='ltr'>vult</span> <span class='ocrx_word' id='word_1_219' title='bbox 688 2922 813 2978; x_wconf 82' lang='lat' dir='ltr'>ﬁeri</span> <span class='ocrx_word' id='word_1_220' title='bbox 846 2921 1059 2979; x_wconf 90' lang='lat' dir='ltr'>similis</span> <span class='ocrx_word' id='word_1_221' title='bbox 1087 2923 1287 2980; x_wconf 83' lang='lat' dir='ltr'>Jacob.</span> 
     </span>
    </p>
   </div>
   <div class='ocr_carea' id='block_1_31' title="bbox 261 3009 1837 3085">
    <p class='ocr_par' dir='ltr' id='par_1_31' title="bbox 261 3009 1837 3085">
     <span class='ocr_line' id='line_1_31' title="bbox 261 3009 1837 3085; baseline -0.001 -19"><span class='ocrx_word' id='word_1_222' title='bbox 261 3033 290 3059; x_wconf 79' lang='grc' dir='ltr'><strong><em>κ</em></strong></span> <span class='ocrx_word' id='word_1_223' title='bbox 325 3009 649 3066; x_wconf 68' lang='lat' dir='ltr'>Demisisti.</span> <span class='ocrx_word' id='word_1_224' title='bbox 670 3032 699 3059; x_wconf 78' lang='grc'><strong><em>››</em></strong></span> <span class='ocrx_word' id='word_1_225' title='bbox 725 3011 883 3065; x_wconf 78' lang='lat' dir='ltr'>[lano</span> <span class='ocrx_word' id='word_1_226' title='bbox 904 3009 1127 3067; x_wconf 89' lang='lat' dir='ltr'>scilicet</span> <span class='ocrx_word' id='word_1_227' title='bbox 1143 3011 1538 3085; x_wconf 89' lang='lat' dir='ltr'>captivitatem</span> <span class='ocrx_word' id='word_1_228' title='bbox 1552 3015 1837 3082; x_wconf 87' lang='lat' dir='ltr'>avertens,</span> 
     </span>
    </p>
   </div>
   <div class='ocr_carea' id='block_1_32' title="bbox 190 3098 1839 3173">
    <p class='ocr_par' dir='ltr' id='par_1_32' title="bbox 190 3098 1839 3173">
     <span class='ocr_line' id='line_1_32' title="bbox 190 3098 1839 3173; baseline 0 -19"><span class='ocrx_word' id='word_1_229' title='bbox 190 3123 218 3145; x_wconf 72' lang='grc' dir='ltr'><strong><em>α</em></strong></span> <span class='ocrx_word' id='word_1_230' title='bbox 252 3098 601 3173; x_wconf 82' lang='lat' dir='ltr'>remisisti,»</span> <span class='ocrx_word' id='word_1_231' title='bbox 631 3098 690 3154; x_wconf 92' lang='lat' dir='ltr'>id</span> <span class='ocrx_word' id='word_1_232' title='bbox 722 3103 831 3168; x_wconf 90' lang='lat' dir='ltr'>est,</span> <span class='ocrx_word' id='word_1_233' title='bbox 856 3099 1119 3156; x_wconf 89' lang='lat' dir='ltr'>remittes</span> <span class='ocrx_word' id='word_1_234' title='bbox 1168 3123 1195 3151; x_wconf 85' lang='lat'><strong>«</strong></span> <span class='ocrx_word' id='word_1_235' title='bbox 1228 3099 1604 3172; x_wconf 90' lang='lat' dir='ltr'>iniquitatem</span> <span class='ocrx_word' id='word_1_236' title='bbox 1652 3098 1839 3173; x_wconf 85' lang='lat' dir='ltr'>plebis</span> 
     </span>
    </p>
   </div>
   <div class='ocr_carea' id='block_1_33' title="bbox 194 3186 1839 3261">
    <p class='ocr_par' dir='ltr' id='par_1_33' title="bbox 194 3186 1839 3261">
     <span class='ocr_line' id='line_1_33' title="bbox 194 3186 1839 3261; baseline 0.002 -20"><span class='ocrx_word' id='word_1_237' title='bbox 194 3190 301 3242; x_wconf 61' lang='lat' dir='ltr'>tua:</span> <span class='ocrx_word' id='word_1_238' title='bbox 333 3210 361 3237; x_wconf 83' lang='grc'><strong>››</strong></span> <span class='ocrx_word' id='word_1_239' title='bbox 391 3187 452 3243; x_wconf 91' lang='lat' dir='ltr'>in</span> <span class='ocrx_word' id='word_1_240' title='bbox 481 3186 875 3261; x_wconf 89' lang='lat' dir='ltr'>baptismo,et</span> <span class='ocrx_word' id='word_1_241' title='bbox 895 3204 1011 3244; x_wconf 93' lang='lat' dir='ltr'>non</span> <span class='ocrx_word' id='word_1_242' title='bbox 1042 3191 1274 3245; x_wconf 89' lang='lat' dir='ltr'>tantum</span> <span class='ocrx_word' id='word_1_243' title='bbox 1304 3189 1590 3259; x_wconf 89' lang='lat' dir='ltr'>remittes,</span> <span class='ocrx_word' id='word_1_244' title='bbox 1621 3189 1723 3245; x_wconf 92' lang='lat' dir='ltr'>sed</span> <span class='ocrx_word' id='word_1_245' title='bbox 1755 3188 1839 3244; x_wconf 90' lang='lat' dir='ltr'>sic</span> 
     </span>
    </p>
   </div>
   <div class='ocr_carea' id='block_1_34' title="bbox 1944 612 3590 695">
    <p class='ocr_par' dir='ltr' id='par_1_34' title="bbox 1944 612 3590 695">
     <span class='ocr_line' id='line_1_34' title="bbox 1944 612 3590 695; baseline 0.009 -31"><span class='ocrx_word' id='word_1_246' title='bbox 1944 626 2067 680; x_wconf 88' lang='lat' dir='ltr'>nos,</span> <span class='ocrx_word' id='word_1_247' title='bbox 2103 628 2221 667; x_wconf 89' lang='lat' dir='ltr'>una</span> <span class='ocrx_word' id='word_1_248' title='bbox 2247 612 2405 683; x_wconf 66' lang='lat' dir='ltr'>Adae,</span> <span class='ocrx_word' id='word_1_249' title='bbox 2428 632 2555 686; x_wconf 68' lang='lat' dir='ltr'>qua:</span> <span class='ocrx_word' id='word_1_250' title='bbox 2587 615 2910 672; x_wconf 87' lang='lat' dir='ltr'>carnalium</span> <span class='ocrx_word' id='word_1_251' title='bbox 2942 622 3050 689; x_wconf 90' lang='lat' dir='ltr'>est,</span> <span class='ocrx_word' id='word_1_252' title='bbox 3065 618 3179 674; x_wconf 89' lang='lat' dir='ltr'>alia</span> <span class='ocrx_word' id='word_1_253' title='bbox 3208 620 3590 695; x_wconf 69' lang='lat' dir='ltr'>Christi,qum</span> 
     </span>
    </p>
   </div>
   <div class='ocr_carea' id='block_1_35' title="bbox 1943 699 3590 779">
    <p class='ocr_par' dir='ltr' id='par_1_35' title="bbox 1943 699 3590 779">
     <span class='ocr_line' id='line_1_35' title="bbox 1943 699 3590 779; baseline 0.01 -28"><span class='ocrx_word' id='word_1_254' title='bbox 1943 699 2268 779; x_wconf 84' lang='lat' dir='ltr'>spiritualis</span> <span class='ocrx_word' id='word_1_255' title='bbox 2300 705 2409 773; x_wconf 84' lang='lat' dir='ltr'>est,</span> <span class='ocrx_word' id='word_1_256' title='bbox 2444 702 2667 760; x_wconf 89' lang='lat' dir='ltr'>scilicet</span> <span class='ocrx_word' id='word_1_257' title='bbox 2697 704 2930 760; x_wconf 87' lang='lat' dir='ltr'>illorum</span> <span class='ocrx_word' id='word_1_258' title='bbox 2964 707 3062 779; x_wconf 90' lang='lat' dir='ltr'>qui</span> <span class='ocrx_word' id='word_1_259' title='bbox 3096 724 3158 763; x_wconf 90' lang='lat' dir='ltr'>se</span> <span class='ocrx_word' id='word_1_260' title='bbox 3189 708 3421 766; x_wconf 88' lang='lat' dir='ltr'>Christo</span> <span class='ocrx_word' id='word_1_261' title='bbox 3453 729 3590 767; x_wconf 86' lang='lat' dir='ltr'>con-</span> 
     </span>
    </p>
   </div>
   <div class='ocr_carea' id='block_1_36' title="bbox 1946 778 3590 868">
    <p class='ocr_par' dir='ltr' id='par_1_36' title="bbox 1946 778 3590 868">
     <span class='ocr_line' id='line_1_36' title="bbox 1946 778 3590 868; baseline 0.009 -28"><span class='ocrx_word' id='word_1_262' title='bbox 1946 778 2193 844; x_wconf 81' lang='lat' dir='ltr'>formare</span> <span class='ocrx_word' id='word_1_263' title='bbox 2242 794 2528 846; x_wconf 86' lang='lat' dir='ltr'>conantur</span> <span class='ocrx_word' id='word_1_264' title='bbox 2557 809 2569 845; x_wconf 89' lang='lat'><strong>:</strong></span> <span class='ocrx_word' id='word_1_265' title='bbox 2596 808 2630 847; x_wconf 86' lang='lat' dir='ltr'>a</span> <span class='ocrx_word' id='word_1_266' title='bbox 2672 810 2789 865; x_wconf 90' lang='lat' dir='ltr'>qua</span> <span class='ocrx_word' id='word_1_267' title='bbox 2836 778 2997 850; x_wconf 86' lang='lat' dir='ltr'>sicut</span> <span class='ocrx_word' id='word_1_268' title='bbox 3038 796 3406 868; x_wconf 80' lang='lat' dir='ltr'>expelluntur</span> <span class='ocrx_word' id='word_1_269' title='bbox 3451 800 3590 855; x_wconf 90' lang='lat' dir='ltr'>mali</span> 
     </span>
    </p>
   </div>
   <div class='ocr_carea' id='block_1_37' title="bbox 1942 875 3591 960">
    <p class='ocr_par' dir='ltr' id='par_1_37' title="bbox 1942 875 3591 960">
     <span class='ocr_line' id='line_1_37' title="bbox 1942 875 3591 960; baseline 0.008 -30"><span class='ocrx_word' id='word_1_270' title='bbox 1942 875 2379 946; x_wconf 86' lang='lat' dir='ltr'>Christiani,sic</span> <span class='ocrx_word' id='word_1_271' title='bbox 2410 880 2583 936; x_wconf 89' lang='lat' dir='ltr'>etiam</span> <span class='ocrx_word' id='word_1_272' title='bbox 2619 881 3003 939; x_wconf 90' lang='lat' dir='ltr'>includuntur</span> <span class='ocrx_word' id='word_1_273' title='bbox 3032 884 3117 943; x_wconf 84' lang='lat' dir='ltr'>illi</span> <span class='ocrx_word' id='word_1_274' title='bbox 3148 886 3283 942; x_wconf 86' lang='lat' dir='ltr'>boni</span> <span class='ocrx_word' id='word_1_275' title='bbox 3319 887 3419 960; x_wconf 90' lang='lat' dir='ltr'>qui</span> <span class='ocrx_word' id='word_1_276' title='bbox 3464 889 3591 944; x_wconf 89' lang='lat' dir='ltr'>fue—</span> 
     </span>
    </p>
   </div>
   <div class='ocr_carea' id='block_1_38' title="bbox 1942 970 2859 1028">
    <p class='ocr_par' dir='ltr' id='par_1_38' title="bbox 1942 970 2859 1028">
     <span class='ocr_line' id='line_1_38' title="bbox 1942 970 2859 1028; baseline 0.005 -8"><span class='ocrx_word' id='word_1_277' title='bbox 1942 971 2081 1021; x_wconf 89' lang='lat' dir='ltr'>runt</span> <span class='ocrx_word' id='word_1_278' title='bbox 2112 973 2245 1023; x_wconf 89' lang='lat' dir='ltr'>ante</span> <span class='ocrx_word' id='word_1_279' title='bbox 2273 970 2587 1026; x_wconf 86' lang='lat' dir='ltr'>adventum</span> <span class='ocrx_word' id='word_1_280' title='bbox 2620 972 2859 1028; x_wconf 86' lang='lat' dir='ltr'>Christi.</span> 
     </span>
    </p>
   </div>
   <div class='ocr_carea' id='block_1_39' title="bbox 2014 1057 3590 1129">
    <p class='ocr_par' dir='ltr' id='par_1_39' title="bbox 2014 1057 3590 1129">
     <span class='ocr_line' id='line_1_39' title="bbox 2014 1057 3590 1129; baseline 0.009 -19"><span class='ocrx_word' id='word_1_281' title='bbox 2014 1080 2039 1105; x_wconf 86' lang='grc'>‹‹</span> <span class='ocrx_word' id='word_1_282' title='bbox 2076 1057 2328 1123; x_wconf 90' lang='lat' dir='ltr'>Deus,tu</span> <span class='ocrx_word' id='word_1_283' title='bbox 2355 1082 2381 1107; x_wconf 92' lang='grc'><strong>››</strong></span> <span class='ocrx_word' id='word_1_284' title='bbox 2416 1077 2531 1115; x_wconf 90' lang='lat' dir='ltr'>non</span> <span class='ocrx_word' id='word_1_285' title='bbox 2552 1062 2825 1117; x_wconf 81' lang='lat' dir='ltr'>extendes</span> <span class='ocrx_word' id='word_1_286' title='bbox 2856 1062 3143 1129; x_wconf 89' lang='lat' dir='ltr'>iram,sed</span> <span class='ocrx_word' id='word_1_287' title='bbox 3180 1087 3207 1114; x_wconf 89' lang='grc'>‹‹</span> <span class='ocrx_word' id='word_1_288' title='bbox 3226 1082 3543 1124; x_wconf 87' lang='lat' dir='ltr'>conversus</span> <span class='ocrx_word' id='word_1_289' title='bbox 3563 1091 3590 1118; x_wconf 82' lang='grc'>››</span> 
     </span>
    </p>
   </div>
   <div class='ocr_carea' id='block_1_40' title="bbox 1942 1144 3591 1223">
    <p class='ocr_par' dir='ltr' id='par_1_40' title="bbox 1942 1144 3591 1223">
     <span class='ocr_line' id='line_1_40' title="bbox 1942 1144 3591 1223; baseline 0.007 -24"><span class='ocrx_word' id='word_1_290' title='bbox 1942 1145 2015 1199; x_wconf 91' lang='lat' dir='ltr'>ab</span> <span class='ocrx_word' id='word_1_291' title='bbox 2046 1144 2136 1201; x_wconf 90' lang='lat' dir='ltr'>ira</span> <span class='ocrx_word' id='word_1_292' title='bbox 2160 1168 2185 1196; x_wconf 86' lang='grc'>‹‹</span> <span class='ocrx_word' id='word_1_293' title='bbox 2208 1146 2528 1203; x_wconf 82' lang='lat' dir='ltr'>viviﬁcabis</span> <span class='ocrx_word' id='word_1_294' title='bbox 2550 1165 2657 1205; x_wconf 92' lang='lat' dir='ltr'>nos</span> <span class='ocrx_word' id='word_1_295' title='bbox 2685 1172 2710 1197; x_wconf 84' lang='grc'><strong>››</strong></span> <span class='ocrx_word' id='word_1_296' title='bbox 2742 1149 3128 1221; x_wconf 89' lang='lat' dir='ltr'>spiritualiter</span> <span class='ocrx_word' id='word_1_297' title='bbox 3154 1168 3259 1223; x_wconf 87' lang='lat' dir='ltr'>per</span> <span class='ocrx_word' id='word_1_298' title='bbox 3277 1154 3591 1211; x_wconf 88' lang='lat' dir='ltr'>adventum</span> 
     </span>
    </p>
   </div>
   <div class='ocr_carea' id='block_1_41' title="bbox 1943 1233 3590 1309">
    <p class='ocr_par' dir='ltr' id='par_1_41' title="bbox 1943 1233 3590 1309">
     <span class='ocr_line' id='line_1_41' title="bbox 1943 1233 3590 1309; baseline 0.006 -21"><span class='ocrx_word' id='word_1_299' title='bbox 1943 1233 2095 1302; x_wconf 87' lang='lat' dir='ltr'>Filii,</span> <span class='ocrx_word' id='word_1_300' title='bbox 2132 1256 2159 1285; x_wconf 78' lang='grc' dir='ltr'>α</span> <span class='ocrx_word' id='word_1_301' title='bbox 2189 1238 2247 1290; x_wconf 91' lang='lat' dir='ltr'>et</span> <span class='ocrx_word' id='word_1_302' title='bbox 2276 1235 2442 1308; x_wconf 89' lang='lat' dir='ltr'>plebs</span> <span class='ocrx_word' id='word_1_303' title='bbox 2473 1239 2574 1292; x_wconf 88' lang='lat' dir='ltr'>tua</span> <span class='ocrx_word' id='word_1_304' title='bbox 2603 1258 2630 1286; x_wconf 85' lang='grc'><strong>››</strong></span> <span class='ocrx_word' id='word_1_305' title='bbox 2663 1237 2974 1309; x_wconf 87' lang='lat' dir='ltr'>viviﬁcata,</span> <span class='ocrx_word' id='word_1_306' title='bbox 3005 1262 3033 1289; x_wconf 86' lang='lat'><strong><em>«</em></strong></span> <span class='ocrx_word' id='word_1_307' title='bbox 3061 1238 3356 1297; x_wconf 60' lang='lat' dir='ltr'>laetabitur</span> <span class='ocrx_word' id='word_1_308' title='bbox 3385 1242 3445 1297; x_wconf 93' lang='lat' dir='ltr'>in</span> <span class='ocrx_word' id='word_1_309' title='bbox 3476 1246 3531 1299; x_wconf 90' lang='lat' dir='ltr'>te</span> <span class='ocrx_word' id='word_1_310' title='bbox 3564 1266 3590 1294; x_wconf 73' lang='grc' dir='ltr'><strong>η</strong></span> 
     </span>
    </p>
   </div>
   <div class='ocr_carea' id='block_1_42' title="bbox 1935 1321 3058 1392">
    <p class='ocr_par' dir='ltr' id='par_1_42' title="bbox 1935 1321 3058 1392">
     <span class='ocr_line' id='line_1_42' title="bbox 1935 1321 3058 1392; baseline 0.004 -16"><span class='ocrx_word' id='word_1_311' title='bbox 1935 1321 2060 1392; x_wconf 90' lang='lat' dir='ltr'>jam</span> <span class='ocrx_word' id='word_1_312' title='bbox 2094 1339 2298 1379; x_wconf 88' lang='lat' dir='ltr'>secura</span> <span class='ocrx_word' id='word_1_313' title='bbox 2328 1325 2398 1378; x_wconf 88' lang='lat' dir='ltr'>de</span> <span class='ocrx_word' id='word_1_314' title='bbox 2430 1329 2645 1381; x_wconf 57' lang='lat' dir='ltr'>(eterna</span> <span class='ocrx_word' id='word_1_315' title='bbox 2675 1325 3058 1382; x_wconf 85' lang='lat' dir='ltr'>beatitudine.</span> 
     </span>
    </p>
   </div>
   <div class='ocr_carea' id='block_1_43' title="bbox 2014 1412 3599 1487">
    <p class='ocr_par' dir='ltr' id='par_1_43' title="bbox 2014 1412 3599 1487">
     <span class='ocr_line' id='line_1_43' title="bbox 2014 1412 3599 1487; baseline 0.006 -20"><span class='ocrx_word' id='word_1_316' title='bbox 2014 1413 2085 1467; x_wconf 91' lang='lat' dir='ltr'>Et</span> <span class='ocrx_word' id='word_1_317' title='bbox 2109 1416 2175 1467; x_wconf 90' lang='lat' dir='ltr'>ut</span> <span class='ocrx_word' id='word_1_318' title='bbox 2205 1412 2368 1485; x_wconf 91' lang='lat' dir='ltr'>plebs</span> <span class='ocrx_word' id='word_1_319' title='bbox 2400 1418 2502 1469; x_wconf 88' lang='lat' dir='ltr'>tua</span> <span class='ocrx_word' id='word_1_320' title='bbox 2532 1415 2717 1486; x_wconf 90' lang='lat' dir='ltr'>possit</span> <span class='ocrx_word' id='word_1_321' title='bbox 2745 1414 3021 1471; x_wconf 82' lang='lat' dir='ltr'>viviﬁcari</span> <span class='ocrx_word' id='word_1_322' title='bbox 3052 1419 3109 1473; x_wconf 89' lang='lat' dir='ltr'>et</span> <span class='ocrx_word' id='word_1_323' title='bbox 3147 1416 3349 1487; x_wconf 65' lang='lat' dir='ltr'>laetari,</span> <span class='ocrx_word' id='word_1_324' title='bbox 3374 1435 3407 1474; x_wconf 89' lang='grc' dir='ltr'>ο</span> <span class='ocrx_word' id='word_1_325' title='bbox 3441 1440 3469 1470; x_wconf 78' lang='grc' dir='ltr'>(ι</span> <span class='ocrx_word' id='word_1_326' title='bbox 3492 1419 3599 1476; x_wconf 80' lang='lat' dir='ltr'>Do-</span> 
     </span>
    </p>
   </div>
   <div class='ocr_carea' id='block_1_44' title="bbox 1944 1500 3601 1577">
    <p class='ocr_par' dir='ltr' id='par_1_44' title="bbox 1944 1500 3601 1577">
     <span class='ocr_line' id='line_1_44' title="bbox 1944 1500 3601 1577; baseline 0.006 -23"><span class='ocrx_word' id='word_1_327' title='bbox 1944 1500 2123 1572; x_wconf 89' lang='lat' dir='ltr'>mine,</span> <span class='ocrx_word' id='word_1_328' title='bbox 2147 1502 2388 1557; x_wconf 90' lang='lat' dir='ltr'>ostende</span> <span class='ocrx_word' id='word_1_329' title='bbox 2420 1503 2589 1559; x_wconf 92' lang='lat' dir='ltr'>nobis</span> <span class='ocrx_word' id='word_1_330' title='bbox 2619 1502 3084 1577; x_wconf 86' lang='lat' dir='ltr'>misericordiam</span> <span class='ocrx_word' id='word_1_331' title='bbox 3114 1509 3350 1576; x_wconf 81' lang='lat' dir='ltr'>tuam,»</span> <span class='ocrx_word' id='word_1_332' title='bbox 3377 1506 3601 1564; x_wconf 88' lang='lat' dir='ltr'>scilicet</span> 
     </span>
    </p>
   </div>
   <div class='ocr_carea' id='block_1_45' title="bbox 1944 1588 3600 1665">
    <p class='ocr_par' dir='ltr' id='par_1_45' title="bbox 1944 1588 3600 1665">
     <span class='ocr_line' id='line_1_45' title="bbox 1944 1588 3600 1665; baseline 0.004 -20"><span class='ocrx_word' id='word_1_333' title='bbox 1944 1588 2159 1645; x_wconf 88' lang='lat' dir='ltr'>Filium</span> <span class='ocrx_word' id='word_1_334' title='bbox 2193 1594 2382 1659; x_wconf 91' lang='lat' dir='ltr'>tuum,</span> <span class='ocrx_word' id='word_1_335' title='bbox 2404 1595 2467 1646; x_wconf 93' lang='lat' dir='ltr'>ut</span> <span class='ocrx_word' id='word_1_336' title='bbox 2498 1591 2697 1647; x_wconf 89' lang='lat' dir='ltr'>mittas</span> <span class='ocrx_word' id='word_1_337' title='bbox 2718 1609 2894 1665; x_wconf 89' lang='lat' dir='ltr'>quem</span> <span class='ocrx_word' id='word_1_338' title='bbox 2913 1593 3207 1650; x_wconf 88' lang='lat' dir='ltr'>missurus</span> <span class='ocrx_word' id='word_1_339' title='bbox 3231 1612 3294 1651; x_wconf 91' lang='lat' dir='ltr'>es</span> <span class='ocrx_word' id='word_1_340' title='bbox 3317 1612 3330 1651; x_wconf 92' lang='lat'><strong>:</strong></span> <span class='ocrx_word' id='word_1_341' title='bbox 3356 1596 3600 1652; x_wconf 87' lang='lat' dir='ltr'>ostende</span> 
     </span>
    </p>
   </div>
   <div class='ocr_carea' id='block_1_46' title="bbox 1943 1676 3596 1757">
    <p class='ocr_par' dir='ltr' id='par_1_46' title="bbox 1943 1676 3596 1757">
     <span class='ocr_line' id='line_1_46' title="bbox 1943 1676 3596 1757; baseline 0.005 -25"><span class='ocrx_word' id='word_1_342' title='bbox 1943 1676 2186 1746; x_wconf 88' lang='lat' dir='ltr'>scilicet,</span> <span class='ocrx_word' id='word_1_343' title='bbox 2206 1683 2267 1734; x_wconf 93' lang='lat' dir='ltr'>ut</span> <span class='ocrx_word' id='word_1_344' title='bbox 2298 1695 2722 1752; x_wconf 85' lang='lat' dir='ltr'>cognoscamus</span> <span class='ocrx_word' id='word_1_345' title='bbox 2740 1686 2961 1752; x_wconf 89' lang='lat' dir='ltr'>oum,et</span> <span class='ocrx_word' id='word_1_346' title='bbox 2991 1682 3037 1737; x_wconf 93' lang='lat' dir='ltr'>si</span> <span class='ocrx_word' id='word_1_347' title='bbox 3072 1700 3187 1737; x_wconf 90' lang='lat' dir='ltr'>non</span> <span class='ocrx_word' id='word_1_348' title='bbox 3216 1700 3421 1740; x_wconf 89' lang='lat' dir='ltr'>omnes</span> <span class='ocrx_word' id='word_1_349' title='bbox 3450 1701 3596 1757; x_wconf 61' lang='lat' dir='ltr'>prae-</span> 
     </span>
    </p>
   </div>
   <div class='ocr_carea' id='block_1_47' title="bbox 1943 1766 3596 1842">
    <p class='ocr_par' dir='ltr' id='par_1_47' title="bbox 1943 1766 3596 1842">
     <span class='ocr_line' id='line_1_47' title="bbox 1943 1766 3596 1842; baseline 0.003 -19"><span class='ocrx_word' id='word_1_350' title='bbox 1943 1766 2132 1823; x_wconf 91' lang='lat' dir='ltr'>sentia</span> <span class='ocrx_word' id='word_1_351' title='bbox 2152 1768 2431 1841; x_wconf 90' lang='lat' dir='ltr'>corporis,</span> <span class='ocrx_word' id='word_1_352' title='bbox 2447 1774 2641 1825; x_wconf 88' lang='lat' dir='ltr'>tamen</span> <span class='ocrx_word' id='word_1_353' title='bbox 2676 1786 2782 1842; x_wconf 92' lang='lat' dir='ltr'>per</span> <span class='ocrx_word' id='word_1_354' title='bbox 2809 1770 3010 1839; x_wconf 80' lang='lat' dir='ltr'>ﬁdem,</span> <span class='ocrx_word' id='word_1_355' title='bbox 3028 1795 3055 1820; x_wconf 84' lang='lat'><strong>«</strong></span> <span class='ocrx_word' id='word_1_356' title='bbox 3090 1775 3148 1826; x_wconf 91' lang='lat' dir='ltr'>et</span> <span class='ocrx_word' id='word_1_357' title='bbox 3170 1793 3198 1821; x_wconf 84' lang='lat'><strong>»</strong></span> <span class='ocrx_word' id='word_1_358' title='bbox 3223 1788 3338 1827; x_wconf 92' lang='lat' dir='ltr'>non</span> <span class='ocrx_word' id='word_1_359' title='bbox 3363 1776 3596 1828; x_wconf 89' lang='lat' dir='ltr'>tantum</span> 
     </span>
    </p>
   </div>
   <div class='ocr_carea' id='block_1_48' title="bbox 1943 1856 3593 1929">
    <p class='ocr_par' dir='ltr' id='par_1_48' title="bbox 1943 1856 3593 1929">
     <span class='ocr_line' id='line_1_48' title="bbox 1943 1856 3593 1929; baseline -0.001 -18"><span class='ocrx_word' id='word_1_360' title='bbox 1943 1856 2320 1926; x_wconf 89' lang='lat' dir='ltr'>ostende,sed</span> <span class='ocrx_word' id='word_1_361' title='bbox 2352 1857 2529 1912; x_wconf 89' lang='lat' dir='ltr'>etiam</span> <span class='ocrx_word' id='word_1_362' title='bbox 2561 1856 2706 1913; x_wconf 91' lang='lat' dir='ltr'>illud</span> <span class='ocrx_word' id='word_1_363' title='bbox 2740 1857 3040 1914; x_wconf 85' lang='lat' dir='ltr'>«salutare</span> <span class='ocrx_word' id='word_1_364' title='bbox 3066 1863 3236 1914; x_wconf 90' lang='lat' dir='ltr'>tuum</span> <span class='ocrx_word' id='word_1_365' title='bbox 3268 1860 3344 1915; x_wconf 91' lang='lat' dir='ltr'>da</span> <span class='ocrx_word' id='word_1_366' title='bbox 3366 1860 3593 1929; x_wconf 82' lang='lat' dir='ltr'>nobis,»</span> 
     </span>
    </p>
   </div>
   <div class='ocr_carea' id='block_1_49' title="bbox 1945 1944 3596 2019">
    <p class='ocr_par' dir='ltr' id='par_1_49' title="bbox 1945 1944 3596 2019">
     <span class='ocr_line' id='line_1_49' title="bbox 1945 1944 3596 2019; baseline 0.004 -20"><span class='ocrx_word' id='word_1_367' title='bbox 1945 1948 2009 1999; x_wconf 90' lang='lat' dir='ltr'>ut</span> <span class='ocrx_word' id='word_1_368' title='bbox 2037 1962 2167 2001; x_wconf 91' lang='lat' dir='ltr'>vere</span> <span class='ocrx_word' id='word_1_369' title='bbox 2198 1944 2381 2000; x_wconf 89' lang='lat' dir='ltr'>salvet</span> <span class='ocrx_word' id='word_1_370' title='bbox 2412 1963 2541 2015; x_wconf 89' lang='lat' dir='ltr'>nos,</span> <span class='ocrx_word' id='word_1_371' title='bbox 2570 1952 2630 2001; x_wconf 92' lang='lat' dir='ltr'>et</span> <span class='ocrx_word' id='word_1_372' title='bbox 2658 1951 2724 2002; x_wconf 91' lang='lat' dir='ltr'>ut</span> <span class='ocrx_word' id='word_1_373' title='bbox 2753 1963 2888 2002; x_wconf 90' lang='lat' dir='ltr'>cum</span> <span class='ocrx_word' id='word_1_374' title='bbox 2928 1947 2988 2002; x_wconf 91' lang='lat' dir='ltr'>in</span> <span class='ocrx_word' id='word_1_375' title='bbox 3037 1948 3150 2004; x_wconf 83' lang='lat' dir='ltr'>fide</span> <span class='ocrx_word' id='word_1_376' title='bbox 3180 1952 3506 2019; x_wconf 88' lang='lat' dir='ltr'>teneamus,</span> <span class='ocrx_word' id='word_1_377' title='bbox 3534 1954 3596 2009; x_wconf 90' lang='lat' dir='ltr'>et</span> 
     </span>
    </p>
   </div>
   <div class='ocr_carea' id='block_1_50' title="bbox 1944 2033 3598 2107">
    <p class='ocr_par' dir='ltr' id='par_1_50' title="bbox 1944 2033 3598 2107">
     <span class='ocr_line' id='line_1_50' title="bbox 1944 2033 3598 2107; baseline 0.003 -20"><span class='ocrx_word' id='word_1_378' title='bbox 1944 2033 2221 2106; x_wconf 89' lang='lat' dir='ltr'>operibus</span> <span class='ocrx_word' id='word_1_379' title='bbox 2237 2034 2853 2091; x_wconf 80' lang='lat' dir='ltr'>imitemur.«Audiam</span> <span class='ocrx_word' id='word_1_380' title='bbox 2876 2036 3039 2107; x_wconf 91' lang='lat' dir='ltr'>quid.</span> <span class='ocrx_word' id='word_1_381' title='bbox 3056 2058 3083 2087; x_wconf 84' lang='lat'>»</span> <span class='ocrx_word' id='word_1_382' title='bbox 3109 2037 3247 2093; x_wconf 86' lang='lat' dir='ltr'>Pars</span> <span class='ocrx_word' id='word_1_383' title='bbox 3260 2037 3598 2093; x_wconf 88' lang='lat' dir='ltr'>tertia.Con-</span> 
     </span>
    </p>
   </div>
   <div class='ocr_carea' id='block_1_51' title="bbox 1945 2120 3595 2194">
    <p class='ocr_par' dir='ltr' id='par_1_51' title="bbox 1945 2120 3595 2194">
     <span class='ocr_line' id='line_1_51' title="bbox 1945 2120 3595 2194; baseline 0.002 -19"><span class='ocrx_word' id='word_1_384' title='bbox 1945 2120 2210 2176; x_wconf 91' lang='lat' dir='ltr'>tinuatio.</span> <span class='ocrx_word' id='word_1_385' title='bbox 2228 2120 2386 2194; x_wconf 82' lang='lat' dir='ltr'>Rogo</span> <span class='ocrx_word' id='word_1_386' title='bbox 2414 2121 2675 2190; x_wconf 88' lang='lat' dir='ltr'>ostende,</span> <span class='ocrx_word' id='word_1_387' title='bbox 2694 2122 2769 2177; x_wconf 92' lang='lat' dir='ltr'>da</span> <span class='ocrx_word' id='word_1_388' title='bbox 2805 2121 3085 2190; x_wconf 87' lang='lat' dir='ltr'>salutare,</span> <span class='ocrx_word' id='word_1_389' title='bbox 3106 2126 3162 2177; x_wconf 91' lang='lat' dir='ltr'>et</span> <span class='ocrx_word' id='word_1_390' title='bbox 3190 2139 3433 2178; x_wconf 89' lang='lat' dir='ltr'>securus</span> <span class='ocrx_word' id='word_1_391' title='bbox 3462 2130 3595 2178; x_wconf 81' lang='lat' dir='ltr'>sum</span> 
     </span>
    </p>
   </div>
   <div class='ocr_carea' id='block_1_52' title="bbox 1946 2210 3598 2284">
    <p class='ocr_par' dir='ltr' id='par_1_52' title="bbox 1946 2210 3598 2284">
     <span class='ocr_line' id='line_1_52' title="bbox 1946 2210 3598 2284; baseline 0.002 -18"><span class='ocrx_word' id='word_1_392' title='bbox 1946 2211 2103 2283; x_wconf 90' lang='lat' dir='ltr'>quod</span> <span class='ocrx_word' id='word_1_393' title='bbox 2153 2210 2351 2280; x_wconf 85' lang='lat' dir='ltr'>facies,</span> <span class='ocrx_word' id='word_1_394' title='bbox 2384 2210 2524 2282; x_wconf 88' lang='lat' dir='ltr'>quia</span> <span class='ocrx_word' id='word_1_395' title='bbox 2553 2234 2579 2260; x_wconf 86' lang='grc'>‹‹</span> <span class='ocrx_word' id='word_1_396' title='bbox 2616 2211 2901 2266; x_wconf 90' lang='lat' dir='ltr'>Dominus</span> <span class='ocrx_word' id='word_1_397' title='bbox 2951 2211 3106 2267; x_wconf 91' lang='lat' dir='ltr'>Deus</span> <span class='ocrx_word' id='word_1_398' title='bbox 3140 2233 3167 2259; x_wconf 83' lang='grc'><strong>››</strong></span> <span class='ocrx_word' id='word_1_399' title='bbox 3198 2211 3457 2284; x_wconf 87' lang='lat' dir='ltr'>loquitur</span> <span class='ocrx_word' id='word_1_400' title='bbox 3480 2234 3507 2263; x_wconf 74' lang='grc' dir='ltr'>(ι</span> <span class='ocrx_word' id='word_1_401' title='bbox 3535 2212 3598 2269; x_wconf 90' lang='lat' dir='ltr'>in</span> 
     </span>
    </p>
   </div>
   <div class='ocr_carea' id='block_1_53' title="bbox 1946 2299 3597 2372">
    <p class='ocr_par' dir='ltr' id='par_1_53' title="bbox 1946 2299 3597 2372">
     <span class='ocr_line' id='line_1_53' title="bbox 1946 2299 3597 2372; baseline 0 -17"><span class='ocrx_word' id='word_1_402' title='bbox 1946 2315 2097 2368; x_wconf 82' lang='lat' dir='ltr'>me,»</span> <span class='ocrx_word' id='word_1_403' title='bbox 2119 2304 2178 2355; x_wconf 89' lang='lat' dir='ltr'>et</span> <span class='ocrx_word' id='word_1_404' title='bbox 2202 2323 2229 2349; x_wconf 84' lang='lat'><strong>«</strong></span> <span class='ocrx_word' id='word_1_405' title='bbox 2250 2300 2390 2372; x_wconf 90' lang='lat' dir='ltr'>quid</span> <span class='ocrx_word' id='word_1_406' title='bbox 2413 2299 2691 2371; x_wconf 86' lang='lat' dir='ltr'>loquatur</span> <span class='ocrx_word' id='word_1_407' title='bbox 2712 2321 2740 2350; x_wconf 89' lang='lat'>»</span> <span class='ocrx_word' id='word_1_408' title='bbox 2765 2316 2872 2372; x_wconf 96' lang='lat' dir='ltr'>ego</span> <span class='ocrx_word' id='word_1_409' title='bbox 2895 2323 2922 2349; x_wconf 73' lang='grc' dir='ltr'>κ</span> <span class='ocrx_word' id='word_1_410' title='bbox 2956 2300 3249 2371; x_wconf 84' lang='lat' dir='ltr'>audiam,»</span> <span class='ocrx_word' id='word_1_411' title='bbox 3276 2300 3334 2355; x_wconf 91' lang='lat' dir='ltr'>id</span> <span class='ocrx_word' id='word_1_412' title='bbox 3357 2304 3467 2371; x_wconf 90' lang='lat' dir='ltr'>est,</span> <span class='ocrx_word' id='word_1_413' title='bbox 3482 2318 3597 2357; x_wconf 92' lang='lat' dir='ltr'>non</span> 
     </span>
    </p>
   </div>
   <div class='ocr_carea' id='block_1_54' title="bbox 1946 2389 3599 2461">
    <p class='ocr_par' dir='ltr' id='par_1_54' title="bbox 1946 2389 3599 2461">
     <span class='ocr_line' id='line_1_54' title="bbox 1946 2389 3599 2461; baseline 0 -17"><span class='ocrx_word' id='word_1_414' title='bbox 1946 2389 2311 2457; x_wconf 87' lang='lat' dir='ltr'>oblatrando,</span> <span class='ocrx_word' id='word_1_415' title='bbox 2332 2389 2432 2444; x_wconf 89' lang='lat' dir='ltr'>sed</span> <span class='ocrx_word' id='word_1_416' title='bbox 2465 2389 2660 2461; x_wconf 91' lang='lat' dir='ltr'>potius</span> <span class='ocrx_word' id='word_1_417' title='bbox 2690 2405 3059 2461; x_wconf 89' lang='lat' dir='ltr'>compcscam</span> <span class='ocrx_word' id='word_1_418' title='bbox 3094 2406 3186 2444; x_wconf 93' lang='lat' dir='ltr'>me</span> <span class='ocrx_word' id='word_1_419' title='bbox 3216 2406 3250 2444; x_wconf 91' lang='lat' dir='ltr'>a</span> <span class='ocrx_word' id='word_1_420' title='bbox 3282 2389 3599 2444; x_wconf 89' lang='lat' dir='ltr'>mundanis</span> 
     </span>
    </p>
   </div>
   <div class='ocr_carea' id='block_1_55' title="bbox 1948 2477 3601 2550">
    <p class='ocr_par' dir='ltr' id='par_1_55' title="bbox 1948 2477 3601 2550">
     <span class='ocr_line' id='line_1_55' title="bbox 1948 2477 3601 2550; baseline -0.001 -16"><span class='ocrx_word' id='word_1_421' title='bbox 1948 2477 2172 2546; x_wconf 90' lang='lat' dir='ltr'>istis,et</span> <span class='ocrx_word' id='word_1_422' title='bbox 2201 2477 2348 2533; x_wconf 88' lang='lat' dir='ltr'>bene</span> <span class='ocrx_word' id='word_1_423' title='bbox 2376 2477 2557 2533; x_wconf 91' lang='lat' dir='ltr'>debeo</span> <span class='ocrx_word' id='word_1_424' title='bbox 2587 2477 2791 2533; x_wconf 90' lang='lat' dir='ltr'>audire</span> <span class='ocrx_word' id='word_1_425' title='bbox 2823 2494 2984 2546; x_wconf 87' lang='lat' dir='ltr'>eum,</span> <span class='ocrx_word' id='word_1_426' title='bbox 3004 2500 3031 2528; x_wconf 90' lang='grc'><em>‹‹</em></span> <span class='ocrx_word' id='word_1_427' title='bbox 3054 2477 3335 2550; x_wconf 91' lang='lat' dir='ltr'>quoniam</span> <span class='ocrx_word' id='word_1_428' title='bbox 3356 2500 3386 2529; x_wconf 87' lang='lat'>»</span> <span class='ocrx_word' id='word_1_429' title='bbox 3416 2478 3476 2532; x_wconf 91' lang='lat' dir='ltr'>in</span> <span class='ocrx_word' id='word_1_430' title='bbox 3508 2493 3601 2533; x_wconf 91' lang='lat' dir='ltr'>me</span> 
     </span>
    </p>
   </div>
   <div class='ocr_carea' id='block_1_56' title="bbox 1951 2564 3599 2637">
    <p class='ocr_par' dir='ltr' id='par_1_56' title="bbox 1951 2564 3599 2637">
     <span class='ocr_line' id='line_1_56' title="bbox 1951 2564 3599 2637; baseline 0.001 -18"><span class='ocrx_word' id='word_1_431' title='bbox 1951 2564 2273 2637; x_wconf 86' lang='lat' dir='ltr'>«loquetur</span> <span class='ocrx_word' id='word_1_432' title='bbox 2300 2581 2560 2636; x_wconf 85' lang='lat' dir='ltr'>pacem,»</span> <span class='ocrx_word' id='word_1_433' title='bbox 2586 2564 2644 2620; x_wconf 93' lang='lat' dir='ltr'>id</span> <span class='ocrx_word' id='word_1_434' title='bbox 2676 2569 2786 2633; x_wconf 88' lang='lat' dir='ltr'>est,</span> <span class='ocrx_word' id='word_1_435' title='bbox 2816 2565 3193 2620; x_wconf 87' lang='lat' dir='ltr'>annuntiabit</span> <span class='ocrx_word' id='word_1_436' title='bbox 3230 2565 3375 2620; x_wconf 90' lang='lat' dir='ltr'>mihi</span> <span class='ocrx_word' id='word_1_437' title='bbox 3402 2565 3599 2637; x_wconf 87' lang='lat' dir='ltr'>ipsum</span> 
     </span>
    </p>
   </div>
   <div class='ocr_carea' id='block_1_57' title="bbox 1950 2653 3605 2726">
    <p class='ocr_par' dir='ltr' id='par_1_57' title="bbox 1950 2653 3605 2726">
     <span class='ocr_line' id='line_1_57' title="bbox 1950 2653 3605 2726; baseline 0 -17"><span class='ocrx_word' id='word_1_438' title='bbox 1950 2653 2292 2725; x_wconf 89' lang='lat' dir='ltr'>Filium,qui</span> <span class='ocrx_word' id='word_1_439' title='bbox 2314 2654 2425 2709; x_wconf 90' lang='lat' dir='ltr'>erit</span> <span class='ocrx_word' id='word_1_440' title='bbox 2449 2659 2653 2709; x_wconf 89' lang='lat' dir='ltr'>auctor</span> <span class='ocrx_word' id='word_1_441' title='bbox 2675 2653 2837 2726; x_wconf 86' lang='lat' dir='ltr'>pacis</span> <span class='ocrx_word' id='word_1_442' title='bbox 2860 2659 2918 2708; x_wconf 92' lang='lat' dir='ltr'>et</span> <span class='ocrx_word' id='word_1_443' title='bbox 2940 2653 3433 2709; x_wconf 88' lang='lat' dir='ltr'>reconciliationis</span> <span class='ocrx_word' id='word_1_444' title='bbox 3455 2654 3605 2709; x_wconf 89' lang='lat' dir='ltr'>inter</span> 
     </span>
    </p>
   </div>
   <div class='ocr_carea' id='block_1_58' title="bbox 1948 2741 3601 2814">
    <p class='ocr_par' dir='ltr' id='par_1_58' title="bbox 1948 2741 3601 2814">
     <span class='ocr_line' id='line_1_58' title="bbox 1948 2741 3601 2814; baseline -0.001 -16"><span class='ocrx_word' id='word_1_445' title='bbox 1948 2743 2132 2798; x_wconf 89' lang='lat' dir='ltr'>Deum</span> <span class='ocrx_word' id='word_1_446' title='bbox 2154 2748 2213 2797; x_wconf 89' lang='lat' dir='ltr'>et</span> <span class='ocrx_word' id='word_1_447' title='bbox 2242 2742 2563 2810; x_wconf 90' lang='lat' dir='ltr'>hominem,</span> <span class='ocrx_word' id='word_1_448' title='bbox 2589 2759 2792 2814; x_wconf 88' lang='lat' dir='ltr'>pacem</span> <span class='ocrx_word' id='word_1_449' title='bbox 2826 2742 2955 2797; x_wconf 91' lang='lat' dir='ltr'>dico</span> <span class='ocrx_word' id='word_1_450' title='bbox 2986 2759 3102 2797; x_wconf 92' lang='lat' dir='ltr'>non</span> <span class='ocrx_word' id='word_1_451' title='bbox 3134 2742 3205 2797; x_wconf 90' lang='lat' dir='ltr'>ad</span> <span class='ocrx_word' id='word_1_452' title='bbox 3239 2758 3464 2811; x_wconf 90' lang='lat' dir='ltr'>omnes,</span> <span class='ocrx_word' id='word_1_453' title='bbox 3498 2741 3601 2798; x_wconf 88' lang='lat' dir='ltr'>sed</span> 
     </span>
    </p>
   </div>
   <div class='ocr_carea' id='block_1_59' title="bbox 1949 2829 3603 2904">
    <p class='ocr_par' dir='ltr' id='par_1_59' title="bbox 1949 2829 3603 2904">
     <span class='ocr_line' id='line_1_59' title="bbox 1949 2829 3603 2904; baseline -0.001 -18"><span class='ocrx_word' id='word_1_454' title='bbox 1949 2856 1977 2881; x_wconf 83' lang='lat'><em>«</em></span> <span class='ocrx_word' id='word_1_455' title='bbox 2011 2832 2071 2886; x_wconf 91' lang='lat' dir='ltr'>in</span> <span class='ocrx_word' id='word_1_456' title='bbox 2104 2831 2331 2904; x_wconf 88' lang='lat' dir='ltr'>plebem</span> <span class='ocrx_word' id='word_1_457' title='bbox 2366 2848 2557 2886; x_wconf 90' lang='lat' dir='ltr'>suam.</span> <span class='ocrx_word' id='word_1_458' title='bbox 2594 2854 2619 2877; x_wconf 76' lang='grc' dir='ltr'>»ι</span> <span class='ocrx_word' id='word_1_459' title='bbox 2652 2831 2790 2886; x_wconf 92' lang='lat' dir='ltr'>Dico</span> <span class='ocrx_word' id='word_1_460' title='bbox 2822 2830 2880 2884; x_wconf 92' lang='lat' dir='ltr'>in</span> <span class='ocrx_word' id='word_1_461' title='bbox 2910 2829 3140 2903; x_wconf 83' lang='lat' dir='ltr'>plebem</span> <span class='ocrx_word' id='word_1_462' title='bbox 3163 2847 3355 2902; x_wconf 90' lang='lat' dir='ltr'>suam,</span> <span class='ocrx_word' id='word_1_463' title='bbox 3370 2853 3397 2879; x_wconf 89' lang='grc'><em>‹‹</em></span> <span class='ocrx_word' id='word_1_464' title='bbox 3422 2834 3481 2886; x_wconf 90' lang='lat' dir='ltr'>et</span> <span class='ocrx_word' id='word_1_465' title='bbox 3506 2846 3603 2886; x_wconf 88' lang='lat' dir='ltr'>su-</span> 
     </span>
    </p>
   </div>
   <div class='ocr_carea' id='block_1_60' title="bbox 1948 2918 3599 2993">
    <p class='ocr_par' dir='ltr' id='par_1_60' title="bbox 1948 2918 3599 2993">
     <span class='ocr_line' id='line_1_60' title="bbox 1948 2918 3599 2993; baseline -0.001 -18"><span class='ocrx_word' id='word_1_466' title='bbox 1948 2924 2305 2993; x_wconf 83' lang='lat' dir='ltr'>persanctos</span> <span class='ocrx_word' id='word_1_467' title='bbox 2327 2936 2524 2987; x_wconf 82' lang='lat' dir='ltr'>suos,»</span> <span class='ocrx_word' id='word_1_468' title='bbox 2546 2919 2605 2973; x_wconf 91' lang='lat' dir='ltr'>id</span> <span class='ocrx_word' id='word_1_469' title='bbox 2627 2918 2813 2986; x_wconf 90' lang='lat' dir='ltr'>est,in</span> <span class='ocrx_word' id='word_1_470' title='bbox 2853 2918 3089 2990; x_wconf 90' lang='lat' dir='ltr'>eos,qui</span> <span class='ocrx_word' id='word_1_471' title='bbox 3121 2922 3254 2974; x_wconf 88' lang='lat' dir='ltr'>ante</span> <span class='ocrx_word' id='word_1_472' title='bbox 3286 2918 3599 2974; x_wconf 88' lang='lat' dir='ltr'>adventum</span> 
     </span>
    </p>
   </div>
   <div class='ocr_carea' id='block_1_61' title="bbox 1947 3006 3602 3081">
    <p class='ocr_par' dir='ltr' id='par_1_61' title="bbox 1947 3006 3602 3081">
     <span class='ocr_line' id='line_1_61' title="bbox 1947 3006 3602 3081; baseline -0.001 -18"><span class='ocrx_word' id='word_1_473' title='bbox 1947 3009 2138 3081; x_wconf 92' lang='lat' dir='ltr'>ipsius</span> <span class='ocrx_word' id='word_1_474' title='bbox 2167 3007 2511 3064; x_wconf 81' lang='lat' dir='ltr'>sanctificati</span> <span class='ocrx_word' id='word_1_475' title='bbox 2541 3010 2726 3078; x_wconf 90' lang='lat' dir='ltr'>erant,</span> <span class='ocrx_word' id='word_1_476' title='bbox 2740 3006 2918 3062; x_wconf 89' lang='lat' dir='ltr'>veluti</span> <span class='ocrx_word' id='word_1_477' title='bbox 2947 3006 3240 3062; x_wconf 88' lang='lat' dir='ltr'>Abraham</span> <span class='ocrx_word' id='word_1_478' title='bbox 3257 3010 3315 3062; x_wconf 91' lang='lat' dir='ltr'>et</span> <span class='ocrx_word' id='word_1_479' title='bbox 3331 3006 3602 3062; x_wconf 86' lang='lat' dir='ltr'>consimi-</span> 
     </span>
    </p>
   </div>
   <div class='ocr_carea' id='block_1_62' title="bbox 1948 3095 3599 3170">
    <p class='ocr_par' dir='ltr' id='par_1_62' title="bbox 1948 3095 3599 3170">
     <span class='ocr_line' id='line_1_62' title="bbox 1948 3095 3599 3170; baseline -0.001 -16"><span class='ocrx_word' id='word_1_480' title='bbox 1948 3098 2283 3170; x_wconf 89' lang='lat' dir='ltr'>les,quibus</span> <span class='ocrx_word' id='word_1_481' title='bbox 2313 3097 2552 3169; x_wconf 90' lang='lat' dir='ltr'>quidem</span> <span class='ocrx_word' id='word_1_482' title='bbox 2574 3097 2824 3152; x_wconf 91' lang='lat' dir='ltr'>adventu</span> <span class='ocrx_word' id='word_1_483' title='bbox 2855 3095 3067 3152; x_wconf 87' lang='lat' dir='ltr'>Christi</span> <span class='ocrx_word' id='word_1_484' title='bbox 3099 3112 3302 3169; x_wconf 89' lang='lat' dir='ltr'>pacem</span> <span class='ocrx_word' id='word_1_485' title='bbox 3323 3112 3458 3152; x_wconf 90' lang='lat' dir='ltr'>cum</span> <span class='ocrx_word' id='word_1_486' title='bbox 3481 3095 3599 3152; x_wconf 89' lang='lat' dir='ltr'>Deo</span> 
     </span>
    </p>
   </div>
   <div class='ocr_carea' id='block_1_63' title="bbox 1948 3182 3601 3257">
    <p class='ocr_par' dir='ltr' id='par_1_63' title="bbox 1948 3182 3601 3257">
     <span class='ocr_line' id='line_1_63' title="bbox 1948 3182 3601 3257; baseline -0.002 -15"><span class='ocrx_word' id='word_1_487' title='bbox 1948 3185 2219 3254; x_wconf 89' lang='lat' dir='ltr'>contulit,</span> <span class='ocrx_word' id='word_1_488' title='bbox 2256 3185 2357 3257; x_wconf 89' lang='lat' dir='ltr'>qui</span> <span class='ocrx_word' id='word_1_489' title='bbox 2404 3201 2504 3240; x_wconf 90' lang='lat' dir='ltr'>eos</span> <span class='ocrx_word' id='word_1_490' title='bbox 2534 3186 2607 3240; x_wconf 89' lang='lat' dir='ltr'>de</span> <span class='ocrx_word' id='word_1_491' title='bbox 2657 3182 2910 3240; x_wconf 86' lang='lat' dir='ltr'>tenebris</span> <span class='ocrx_word' id='word_1_492' title='bbox 2957 3182 3170 3239; x_wconf 87' lang='lat' dir='ltr'>inferni</span> <span class='ocrx_word' id='word_1_493' title='bbox 3219 3182 3507 3252; x_wconf 89' lang='lat' dir='ltr'>liberavit,</span> <span class='ocrx_word' id='word_1_494' title='bbox 3540 3186 3601 3239; x_wconf 90' lang='lat' dir='ltr'>et</span> 
     </span>
    </p>
   </div>
   <div class='ocr_carea' id='block_1_64' title="bbox 195 3256 3594 3357">
    <p class='ocr_par' dir='ltr' id='par_1_64' title="bbox 195 3256 3594 3357">
     <span class='ocr_line' id='line_1_64' title="bbox 195 3256 3594 3357; baseline -0.001 -27"><span class='ocrx_word' id='word_1_495' title='bbox 195 3299 221 3322; x_wconf 72' lang='grc' dir='ltr'>κ</span> <span class='ocrx_word' id='word_1_496' title='bbox 253 3256 623 3349; x_wconf 51' lang='lat' dir='ltr'>operuisti,—»</span> <span class='ocrx_word' id='word_1_497' title='bbox 657 3276 717 3332; x_wconf 90' lang='lat' dir='ltr'>id</span> <span class='ocrx_word' id='word_1_498' title='bbox 775 3280 884 3345; x_wconf 88' lang='lat' dir='ltr'>est,</span> <span class='ocrx_word' id='word_1_499' title='bbox 931 3276 1294 3349; x_wconf 78' lang='lat' dir='ltr'>cooperies,«</span> <span class='ocrx_word' id='word_1_500' title='bbox 1354 3278 1554 3335; x_wconf 89' lang='lat' dir='ltr'>omnia</span> <span class='ocrx_word' id='word_1_501' title='bbox 1575 3256 1582 3259; x_wconf 18' lang='lat' dir='ltr'><strong>ﬁ</strong></span> <span class='ocrx_word' id='word_1_502' title='bbox 1604 3282 1841 3351; x_wconf 88' lang='lat' dir='ltr'>peccata</span> <span class='ocrx_word' id='word_1_503' title='bbox 1867 3256 1912 3324; x_wconf 62' lang='grc' dir='ltr'><strong>(ἶ</strong></span> <span class='ocrx_word' id='word_1_504' title='bbox 1950 3293 2063 3332; x_wconf 93' lang='lat' dir='ltr'>non</span> <span class='ocrx_word' id='word_1_505' title='bbox 2094 3256 2326 3331; x_wconf 83' lang='lat' dir='ltr'>tantum</span> <span class='ocrx_word' id='word_1_506' title='bbox 2356 3290 2534 3357; x_wconf 89' lang='lat' dir='ltr'>super</span> <span class='ocrx_word' id='word_1_507' title='bbox 2562 3277 2818 3339; x_wconf 89' lang='lat' dir='ltr'>sanctos,</span> <span class='ocrx_word' id='word_1_508' title='bbox 2852 3271 2955 3329; x_wconf 91' lang='lat' dir='ltr'>sed</span> <span class='ocrx_word' id='word_1_509' title='bbox 2977 3296 3004 3322; x_wconf 87' lang='grc'>‹‹</span> <span class='ocrx_word' id='word_1_510' title='bbox 3038 3272 3217 3329; x_wconf 90' lang='lat' dir='ltr'>etiam</span> <span class='ocrx_word' id='word_1_511' title='bbox 3250 3272 3309 3327; x_wconf 89' lang='lat' dir='ltr'>in</span> <span class='ocrx_word' id='word_1_512' title='bbox 3341 3288 3441 3327; x_wconf 92' lang='lat' dir='ltr'>eos</span> <span class='ocrx_word' id='word_1_513' title='bbox 3492 3270 3594 3343; x_wconf 87' lang='lat' dir='ltr'>qui</span> 
     </span>
    </p>
   </div>
   <div class='ocr_carea' id='block_1_65' title="bbox 163 3364 1842 3439">
    <p class='ocr_par' dir='ltr' id='par_1_65' title="bbox 163 3364 1842 3439">
     <span class='ocr_line' id='line_1_65' title="bbox 163 3364 1842 3439; baseline 0.002 -19"><span class='ocrx_word' id='word_1_514' title='bbox 163 3366 171 3373; x_wconf 85' lang='grc'><em>’</em></span> <span class='ocrx_word' id='word_1_515' title='bbox 197 3380 392 3421; x_wconf 88' lang='lat' dir='ltr'>eorum</span> <span class='ocrx_word' id='word_1_516' title='bbox 409 3389 439 3416; x_wconf 84' lang='grc'><strong><em>››</em></strong></span> <span class='ocrx_word' id='word_1_517' title='bbox 465 3369 536 3422; x_wconf 92' lang='lat' dir='ltr'>ut</span> <span class='ocrx_word' id='word_1_518' title='bbox 555 3365 685 3437; x_wconf 90' lang='lat' dir='ltr'>jam</span> <span class='ocrx_word' id='word_1_519' title='bbox 707 3382 824 3421; x_wconf 92' lang='lat' dir='ltr'>non</span> <span class='ocrx_word' id='word_1_520' title='bbox 845 3364 1083 3421; x_wconf 89' lang='lat' dir='ltr'>veniant</span> <span class='ocrx_word' id='word_1_521' title='bbox 1101 3365 1163 3421; x_wconf 90' lang='lat' dir='ltr'>in</span> <span class='ocrx_word' id='word_1_522' title='bbox 1181 3371 1560 3439; x_wconf 90' lang='lat' dir='ltr'>conspectum</span> <span class='ocrx_word' id='word_1_523' title='bbox 1578 3371 1842 3436; x_wconf 91' lang='lat' dir='ltr'>tuum,ut</span> 
     </span>
    </p>
   </div>
   <div class='ocr_carea' id='block_1_66' title="bbox 202 3451 1841 3527">
    <p class='ocr_par' dir='ltr' id='par_1_66' title="bbox 202 3451 1841 3527">
     <span class='ocr_line' id='line_1_66' title="bbox 202 3451 1841 3527; baseline 0.002 -20"><span class='ocrx_word' id='word_1_524' title='bbox 202 3453 402 3523; x_wconf 85' lang='lat' dir='ltr'>punias</span> <span class='ocrx_word' id='word_1_525' title='bbox 424 3471 492 3512; x_wconf 88' lang='lat' dir='ltr'>ea</span> <span class='ocrx_word' id='word_1_526' title='bbox 507 3451 1110 3521; x_wconf 75' lang='lat' dir='ltr'>aeternaliter,scilicot</span> <span class='ocrx_word' id='word_1_527' title='bbox 1130 3458 1188 3510; x_wconf 92' lang='lat' dir='ltr'>et</span> <span class='ocrx_word' id='word_1_528' title='bbox 1209 3459 1515 3527; x_wconf 90' lang='lat' dir='ltr'>peccatum</span> <span class='ocrx_word' id='word_1_529' title='bbox 1538 3454 1841 3527; x_wconf 86' lang='lat' dir='ltr'>dimisisti,</span> 
     </span>
    </p>
   </div>
   <div class='ocr_carea' id='block_1_67' title="bbox 206 3541 1839 3616">
    <p class='ocr_par' dir='ltr' id='par_1_67' title="bbox 206 3541 1839 3616">
     <span class='ocr_line' id='line_1_67' title="bbox 206 3541 1839 3616; baseline 0.004 -21"><span class='ocrx_word' id='word_1_530' title='bbox 206 3544 258 3595; x_wconf 91' lang='lat' dir='ltr'>et</span> <span class='ocrx_word' id='word_1_531' title='bbox 284 3557 507 3614; x_wconf 62' lang='lat' dir='ltr'>pinnam</span> <span class='ocrx_word' id='word_1_532' title='bbox 538 3541 786 3616; x_wconf 88' lang='lat' dir='ltr'>peccati.</span> <span class='ocrx_word' id='word_1_533' title='bbox 818 3541 984 3599; x_wconf 91' lang='lat' dir='ltr'>Unde</span> <span class='ocrx_word' id='word_1_534' title='bbox 1014 3541 1152 3599; x_wconf 89' lang='lat' dir='ltr'>alibi</span> <span class='ocrx_word' id='word_1_535' title='bbox 1183 3559 1197 3599; x_wconf 90' lang='lat'><strong>:</strong></span> <span class='ocrx_word' id='word_1_536' title='bbox 1232 3566 1259 3595; x_wconf 72' lang='grc' dir='ltr'>ι(</span> <span class='ocrx_word' id='word_1_537' title='bbox 1294 3543 1375 3600; x_wconf 81' lang='lat' dir='ltr'><strong>Ex</strong></span> <span class='ocrx_word' id='word_1_538' title='bbox 1405 3544 1602 3601; x_wconf 90' lang='lat' dir='ltr'>usuris</span> <span class='ocrx_word' id='word_1_539' title='bbox 1631 3549 1690 3601; x_wconf 91' lang='lat' dir='ltr'>et</span> <span class='ocrx_word' id='word_1_540' title='bbox 1723 3544 1839 3600; x_wconf 91' lang='lat' dir='ltr'>ini-</span> 
     </span>
    </p>
   </div>
   <div class='ocr_carea' id='block_1_68' title="bbox 206 3629 1843 3707">
    <p class='ocr_par' dir='ltr' id='par_1_68' title="bbox 206 3629 1843 3707">
     <span class='ocr_line' id='line_1_68' title="bbox 206 3629 1843 3707; baseline 0.004 -23"><span class='ocrx_word' id='word_1_541' title='bbox 206 3629 412 3699; x_wconf 87' lang='lat' dir='ltr'>quitate</span> <span class='ocrx_word' id='word_1_542' title='bbox 440 3630 698 3687; x_wconf 88' lang='lat' dir='ltr'>redimes</span> <span class='ocrx_word' id='word_1_543' title='bbox 730 3631 960 3688; x_wconf 90' lang='lat' dir='ltr'>animas</span> <span class='ocrx_word' id='word_1_544' title='bbox 980 3647 1199 3688; x_wconf 90' lang='lat' dir='ltr'>eorum.</span> <span class='ocrx_word' id='word_1_545' title='bbox 1227 3632 1398 3706; x_wconf 76' lang='lat' dir='ltr'>(Psal.</span> <span class='ocrx_word' id='word_1_546' title='bbox 1426 3633 1595 3707; x_wconf 72' lang='lat' dir='ltr'>nxxr).</span> <span class='ocrx_word' id='word_1_547' title='bbox 1630 3657 1658 3685; x_wconf 86' lang='lat'><strong>«</strong></span> <span class='ocrx_word' id='word_1_548' title='bbox 1691 3634 1843 3690; x_wconf 90' lang='lat' dir='ltr'>Miti-</span> 
     </span>
    </p>
   </div>
   <div class='ocr_carea' id='block_1_69' title="bbox 210 3718 1837 3794">
    <p class='ocr_par' dir='ltr' id='par_1_69' title="bbox 210 3718 1837 3794">
     <span class='ocr_line' id='line_1_69' title="bbox 210 3718 1837 3794; baseline 0.004 -21"><span class='ocrx_word' id='word_1_549' title='bbox 210 3718 368 3789; x_wconf 86' lang='lat' dir='ltr'>gasti.</span> <span class='ocrx_word' id='word_1_550' title='bbox 394 3743 421 3769; x_wconf 75' lang='grc' dir='ltr'><strong><em>ιι</em></strong></span> <span class='ocrx_word' id='word_1_551' title='bbox 451 3720 592 3777; x_wconf 89' lang='lat' dir='ltr'>Pars</span> <span class='ocrx_word' id='word_1_552' title='bbox 626 3721 905 3777; x_wconf 89' lang='lat' dir='ltr'>secunda.</span> <span class='ocrx_word' id='word_1_553' title='bbox 942 3720 1119 3788; x_wconf 89' lang='lat' dir='ltr'>Quasi</span> <span class='ocrx_word' id='word_1_554' title='bbox 1165 3720 1382 3794; x_wconf 89' lang='lat' dir='ltr'>aliquis</span> <span class='ocrx_word' id='word_1_555' title='bbox 1418 3721 1635 3779; x_wconf 90' lang='lat' dir='ltr'>diceret</span> <span class='ocrx_word' id='word_1_556' title='bbox 1665 3741 1678 3778; x_wconf 90' lang='lat'><strong>:</strong></span> <span class='ocrx_word' id='word_1_557' title='bbox 1712 3724 1837 3780; x_wconf 92' lang='lat' dir='ltr'>Non</span> 
     </span>
    </p>
   </div>
   <div class='ocr_carea' id='block_1_70' title="bbox 210 3807 1838 3885">
    <p class='ocr_par' dir='ltr' id='par_1_70' title="bbox 210 3807 1838 3885">
     <span class='ocr_line' id='line_1_70' title="bbox 210 3807 1838 3885; baseline 0.004 -23"><span class='ocrx_word' id='word_1_558' title='bbox 210 3807 366 3863; x_wconf 85' lang='lat' dir='ltr'>credo</span> <span class='ocrx_word' id='word_1_559' title='bbox 384 3808 566 3865; x_wconf 89' lang='lat' dir='ltr'>Deum</span> <span class='ocrx_word' id='word_1_560' title='bbox 594 3809 968 3882; x_wconf 90' lang='lat' dir='ltr'>iniquitatem</span> <span class='ocrx_word' id='word_1_561' title='bbox 992 3810 1308 3881; x_wconf 89' lang='lat' dir='ltr'>remisisse,</span> <span class='ocrx_word' id='word_1_562' title='bbox 1322 3815 1559 3884; x_wconf 91' lang='lat' dir='ltr'>peccata</span> <span class='ocrx_word' id='word_1_563' title='bbox 1576 3814 1838 3885; x_wconf 84' lang='lat' dir='ltr'>operuis-</span> 
     </span>
    </p>
   </div>
   <div class='ocr_carea' id='block_1_71' title="bbox 214 3896 1838 3972">
    <p class='ocr_par' dir='ltr' id='par_1_71' title="bbox 214 3896 1838 3972">
     <span class='ocr_line' id='line_1_71' title="bbox 214 3896 1838 3972; baseline 0.004 -22"><span class='ocrx_word' id='word_1_564' title='bbox 214 3896 649 3955; x_wconf 86' lang='lat' dir='ltr'>se.Contradicit</span> <span class='ocrx_word' id='word_1_565' title='bbox 662 3897 1042 3972; x_wconf 89' lang='lat' dir='ltr'>Evangelium</span> <span class='ocrx_word' id='word_1_566' title='bbox 1066 3915 1080 3955; x_wconf 92' lang='lat'><strong>:</strong></span> <span class='ocrx_word' id='word_1_567' title='bbox 1100 3898 1246 3955; x_wconf 89' lang='lat' dir='ltr'>Vere</span> <span class='ocrx_word' id='word_1_568' title='bbox 1259 3899 1561 3971; x_wconf 88' lang='lat' dir='ltr'>remisisti,</span> <span class='ocrx_word' id='word_1_569' title='bbox 1576 3902 1838 3972; x_wconf 91' lang='lat' dir='ltr'>operuis-</span> 
     </span>
    </p>
   </div>
   <div class='ocr_carea' id='block_1_72' title="bbox 211 3981 1841 4061">
    <p class='ocr_par' dir='ltr' id='par_1_72' title="bbox 211 3981 1841 4061">
     <span class='ocr_line' id='line_1_72' title="bbox 211 3981 1841 4061; baseline 0.007 -26"><span class='ocrx_word' id='word_1_570' title='bbox 211 3981 471 4056; x_wconf 86' lang='lat' dir='ltr'>ti,quia,o</span> <span class='ocrx_word' id='word_1_571' title='bbox 491 3985 737 4042; x_wconf 89' lang='lat' dir='ltr'>Domine</span> <span class='ocrx_word' id='word_1_572' title='bbox 759 3986 951 4043; x_wconf 86' lang='lat' dir='ltr'>«iram</span> <span class='ocrx_word' id='word_1_573' title='bbox 976 4009 1004 4036; x_wconf 77' lang='lat' dir='ltr'><em>n</em></span> <span class='ocrx_word' id='word_1_574' title='bbox 1036 4004 1212 4061; x_wconf 91' lang='lat' dir='ltr'>quam</span> <span class='ocrx_word' id='word_1_575' title='bbox 1233 3987 1493 4043; x_wconf 89' lang='lat' dir='ltr'>habuisti</span> <span class='ocrx_word' id='word_1_576' title='bbox 1517 4005 1621 4060; x_wconf 91' lang='lat' dir='ltr'>pro</span> <span class='ocrx_word' id='word_1_577' title='bbox 1645 4005 1841 4061; x_wconf 91' lang='lat' dir='ltr'>pecca-</span> 
     </span>
    </p>
   </div>
   <div class='ocr_carea' id='block_1_73' title="bbox 214 4069 1839 4151">
    <p class='ocr_par' dir='ltr' id='par_1_73' title="bbox 214 4069 1839 4151">
     <span class='ocr_line' id='line_1_73' title="bbox 214 4069 1839 4151; baseline 0.006 -27"><span class='ocrx_word' id='word_1_578' title='bbox 214 4069 281 4127; x_wconf 86' lang='lat' dir='ltr'>tis</span> <span class='ocrx_word' id='word_1_579' title='bbox 322 4074 578 4131; x_wconf 89' lang='lat' dir='ltr'>omnium</span> <span class='ocrx_word' id='word_1_580' title='bbox 626 4074 957 4145; x_wconf 90' lang='lat' dir='ltr'>hominum,</span> <span class='ocrx_word' id='word_1_581' title='bbox 986 4076 1044 4133; x_wconf 90' lang='lat' dir='ltr'>id</span> <span class='ocrx_word' id='word_1_582' title='bbox 1076 4082 1183 4147; x_wconf 89' lang='lat' dir='ltr'>est,</span> <span class='ocrx_word' id='word_1_583' title='bbox 1229 4094 1407 4149; x_wconf 90' lang='lat' dir='ltr'>quam</span> <span class='ocrx_word' id='word_1_584' title='bbox 1438 4076 1696 4134; x_wconf 87' lang='lat' dir='ltr'>habebas</span> <span class='ocrx_word' id='word_1_585' title='bbox 1735 4096 1839 4151; x_wconf 91' lang='lat' dir='ltr'>pro</span> 
     </span>
    </p>
   </div>
   <div class='ocr_carea' id='block_1_74' title="bbox 215 4158 1843 4240">
    <p class='ocr_par' dir='ltr' id='par_1_74' title="bbox 215 4158 1843 4240">
     <span class='ocr_line' id='line_1_74' title="bbox 215 4158 1843 4240; baseline 0.004 -23"><span class='ocrx_word' id='word_1_586' title='bbox 215 4158 438 4235; x_wconf 80' lang='lat' dir='ltr'>singulis</span> <span class='ocrx_word' id='word_1_587' title='bbox 466 4163 879 4237; x_wconf 89' lang='lat' dir='ltr'>peccatis,non</span> <span class='ocrx_word' id='word_1_588' title='bbox 913 4165 1042 4224; x_wconf 88' lang='lat' dir='ltr'>dico</span> <span class='ocrx_word' id='word_1_589' title='bbox 1074 4184 1317 4240; x_wconf 90' lang='lat' dir='ltr'>prorsus</span> <span class='ocrx_word' id='word_1_590' title='bbox 1348 4166 1667 4237; x_wconf 85' lang='lat' dir='ltr'>removisti,</span> <span class='ocrx_word' id='word_1_591' title='bbox 1703 4167 1843 4239; x_wconf 89' lang='lat' dir='ltr'>quia</span> 
     </span>
    </p>
   </div>
   <div class='ocr_carea' id='block_1_75' title="bbox 217 4252 1838 4329">
    <p class='ocr_par' dir='ltr' id='par_1_75' title="bbox 217 4252 1838 4329">
     <span class='ocr_line' id='line_1_75' title="bbox 217 4252 1838 4329; baseline 0.005 -24"><span class='ocrx_word' id='word_1_592' title='bbox 217 4264 399 4309; x_wconf 82' lang='lat' dir='ltr'>sumus</span> <span class='ocrx_word' id='word_1_593' title='bbox 426 4252 707 4313; x_wconf 88' lang='lat' dir='ltr'>mortales</span> <span class='ocrx_word' id='word_1_594' title='bbox 737 4258 796 4311; x_wconf 89' lang='lat' dir='ltr'>et</span> <span class='ocrx_word' id='word_1_595' title='bbox 825 4255 1155 4327; x_wconf 88' lang='lat' dir='ltr'>passibiles,</span> <span class='ocrx_word' id='word_1_596' title='bbox 1188 4256 1289 4313; x_wconf 89' lang='lat' dir='ltr'>sed</span> <span class='ocrx_word' id='word_1_597' title='bbox 1323 4279 1349 4306; x_wconf 89' lang='grc'><em>‹‹</em></span> <span class='ocrx_word' id='word_1_598' title='bbox 1386 4254 1689 4329; x_wconf 89' lang='lat' dir='ltr'>mitigasti,</span> <span class='ocrx_word' id='word_1_599' title='bbox 1722 4276 1751 4305; x_wconf 89' lang='grc'><strong>››</strong></span> <span class='ocrx_word' id='word_1_600' title='bbox 1780 4256 1838 4313; x_wconf 91' lang='lat' dir='ltr'>id</span> 
     </span>
    </p>
   </div>
   <div class='ocr_carea' id='block_1_76' title="bbox 218 4342 1840 4416">
    <p class='ocr_par' dir='ltr' id='par_1_76' title="bbox 218 4342 1840 4416">
     <span class='ocr_line' id='line_1_76' title="bbox 218 4342 1840 4416; baseline 0.006 -23"><span class='ocrx_word' id='word_1_601' title='bbox 218 4344 309 4408; x_wconf 87' lang='lat' dir='ltr'>est,</span> <span class='ocrx_word' id='word_1_602' title='bbox 331 4342 522 4399; x_wconf 87' lang='lat' dir='ltr'>mitem</span> <span class='ocrx_word' id='word_1_603' title='bbox 546 4342 761 4410; x_wconf 81' lang='lat' dir='ltr'>fecisti,</span> <span class='ocrx_word' id='word_1_604' title='bbox 780 4342 920 4415; x_wconf 90' lang='lat' dir='ltr'>quia</span> <span class='ocrx_word' id='word_1_605' title='bbox 937 4344 1063 4416; x_wconf 85' lang='lat' dir='ltr'>jam</span> <span class='ocrx_word' id='word_1_606' title='bbox 1080 4343 1490 4402; x_wconf 89' lang='lat' dir='ltr'>tribulationes</span> <span class='ocrx_word' id='word_1_607' title='bbox 1509 4349 1650 4401; x_wconf 88' lang='lat' dir='ltr'>sunt</span> <span class='ocrx_word' id='word_1_608' title='bbox 1670 4344 1840 4403; x_wconf 89' lang='lat' dir='ltr'>nobis</span> 
     </span>
    </p>
   </div>
   <div class='ocr_carea' id='block_1_77' title="bbox 219 4426 1837 4507">
    <p class='ocr_par' dir='ltr' id='par_1_77' title="bbox 219 4426 1837 4507">
     <span class='ocr_line' id='line_1_77' title="bbox 219 4426 1837 4507; baseline 0.004 -25"><span class='ocrx_word' id='word_1_609' title='bbox 219 4426 365 4487; x_wconf 82' lang='lat' dir='ltr'>mites</span> <span class='ocrx_word' id='word_1_610' title='bbox 390 4436 446 4489; x_wconf 87' lang='lat' dir='ltr'>et</span> <span class='ocrx_word' id='word_1_611' title='bbox 494 4429 892 4503; x_wconf 87' lang='lat' dir='ltr'>delectabiles,</span> <span class='ocrx_word' id='word_1_612' title='bbox 926 4448 1051 4505; x_wconf 69' lang='lat' dir='ltr'>qua:</span> <span class='ocrx_word' id='word_1_613' title='bbox 1091 4433 1151 4489; x_wconf 91' lang='lat' dir='ltr'>in</span> <span class='ocrx_word' id='word_1_614' title='bbox 1189 4434 1360 4491; x_wconf 91' lang='lat' dir='ltr'>nobis</span> <span class='ocrx_word' id='word_1_615' title='bbox 1407 4450 1571 4507; x_wconf 90' lang='lat' dir='ltr'>spem</span> <span class='ocrx_word' id='word_1_616' title='bbox 1614 4437 1837 4491; x_wconf 62' lang='lat' dir='ltr'>aeterna</span> 
     </span>
    </p>
   </div>
   <div class='ocr_carea' id='block_1_78' title="bbox 220 4516 1840 4595">
    <p class='ocr_par' dir='ltr' id='par_1_78' title="bbox 220 4516 1840 4595">
     <span class='ocr_line' id='line_1_78' title="bbox 220 4516 1840 4595; baseline 0.004 -23"><span class='ocrx_word' id='word_1_617' title='bbox 220 4516 401 4577; x_wconf 83' lang='lat' dir='ltr'>salutis</span> <span class='ocrx_word' id='word_1_618' title='bbox 443 4525 747 4595; x_wconf 85' lang='lat' dir='ltr'>generant,</span> <span class='ocrx_word' id='word_1_619' title='bbox 781 4545 809 4572; x_wconf 87' lang='lat'><strong><em>«</em></strong></span> <span class='ocrx_word' id='word_1_620' title='bbox 844 4526 901 4579; x_wconf 90' lang='lat' dir='ltr'>et</span> <span class='ocrx_word' id='word_1_621' title='bbox 944 4522 1200 4580; x_wconf 90' lang='lat' dir='ltr'>avertisti</span> <span class='ocrx_word' id='word_1_622' title='bbox 1223 4545 1251 4574; x_wconf 84' lang='grc'><strong>››</strong></span> <span class='ocrx_word' id='word_1_623' title='bbox 1284 4527 1340 4580; x_wconf 83' lang='grc' dir='ltr'>ῖθ</span> <span class='ocrx_word' id='word_1_624' title='bbox 1370 4546 1397 4574; x_wconf 92' lang='grc'>‹‹</span> <span class='ocrx_word' id='word_1_625' title='bbox 1432 4524 1503 4580; x_wconf 89' lang='lat' dir='ltr'>ab</span> <span class='ocrx_word' id='word_1_626' title='bbox 1553 4524 1640 4580; x_wconf 91' lang='lat' dir='ltr'>ira</span> <span class='ocrx_word' id='word_1_627' title='bbox 1686 4522 1840 4580; x_wconf 88' lang='lat' dir='ltr'>indi-</span> 
     </span>
    </p>
   </div>
   <div class='ocr_carea' id='block_1_79' title="bbox 1948 3360 3596 3432">
    <p class='ocr_par' dir='ltr' id='par_1_79' title="bbox 1948 3360 3596 3432">
     <span class='ocr_line' id='line_1_79' title="bbox 1948 3360 3596 3432; baseline -0.004 -11"><span class='ocrx_word' id='word_1_628' title='bbox 1948 3367 2367 3421; x_wconf 91' lang='lat' dir='ltr'>convertuntur</span> <span class='ocrx_word' id='word_1_629' title='bbox 2413 3362 2486 3419; x_wconf 90' lang='lat' dir='ltr'>ad</span> <span class='ocrx_word' id='word_1_630' title='bbox 2532 3379 2697 3430; x_wconf 84' lang='lat' dir='ltr'>cor,»</span> <span class='ocrx_word' id='word_1_631' title='bbox 2728 3362 2786 3417; x_wconf 92' lang='lat' dir='ltr'>id</span> <span class='ocrx_word' id='word_1_632' title='bbox 2814 3366 2925 3432; x_wconf 91' lang='lat' dir='ltr'>est,</span> <span class='ocrx_word' id='word_1_633' title='bbox 2958 3361 3031 3418; x_wconf 89' lang='lat' dir='ltr'>ad</span> <span class='ocrx_word' id='word_1_634' title='bbox 3074 3361 3382 3430; x_wconf 91' lang='lat' dir='ltr'>rationem,</span> <span class='ocrx_word' id='word_1_635' title='bbox 3414 3360 3596 3416; x_wconf 89' lang='lat' dir='ltr'>veluti</span> 
     </span>
    </p>
   </div>
   <div class='ocr_carea' id='block_1_80' title="bbox 1947 3451 3600 3528">
    <p class='ocr_par' dir='ltr' id='par_1_80' title="bbox 1947 3451 3600 3528">
     <span class='ocr_line' id='line_1_80' title="bbox 1947 3451 3600 3528; baseline -0.003 -18"><span class='ocrx_word' id='word_1_636' title='bbox 1947 3454 2221 3528; x_wconf 87' lang='lat' dir='ltr'>gentiles,</span> <span class='ocrx_word' id='word_1_637' title='bbox 2251 3452 2547 3525; x_wconf 67' lang='lat' dir='ltr'>qui‘prius</span> <span class='ocrx_word' id='word_1_638' title='bbox 2577 3451 2822 3507; x_wconf 89' lang='lat' dir='ltr'>dimisso</span> <span class='ocrx_word' id='word_1_639' title='bbox 2852 3452 3485 3520; x_wconf 87' lang='lat' dir='ltr'>Creatore,creaturam</span> <span class='ocrx_word' id='word_1_640' title='bbox 3509 3465 3600 3505; x_wconf 88' lang='lat' dir='ltr'>co-</span> 
     </span>
    </p>
   </div>
   <div class='ocr_carea' id='block_1_81' title="bbox 1950 3538 3599 3615">
    <p class='ocr_par' dir='ltr' id='par_1_81' title="bbox 1950 3538 3599 3615">
     <span class='ocr_line' id='line_1_81' title="bbox 1950 3538 3599 3615; baseline -0.002 -18"><span class='ocrx_word' id='word_1_641' title='bbox 1950 3542 2156 3612; x_wconf 88' lang='lat' dir='ltr'>lentes,</span> <span class='ocrx_word' id='word_1_642' title='bbox 2171 3559 2274 3615; x_wconf 91' lang='lat' dir='ltr'>per</span> <span class='ocrx_word' id='word_1_643' title='bbox 2302 3541 2619 3597; x_wconf 89' lang='lat' dir='ltr'>adventum</span> <span class='ocrx_word' id='word_1_644' title='bbox 2649 3539 2862 3597; x_wconf 89' lang='lat' dir='ltr'>Christi</span> <span class='ocrx_word' id='word_1_645' title='bbox 2896 3543 3036 3596; x_wconf 92' lang='lat' dir='ltr'>sunt</span> <span class='ocrx_word' id='word_1_646' title='bbox 3066 3538 3327 3595; x_wconf 90' lang='lat' dir='ltr'>conversi</span> <span class='ocrx_word' id='word_1_647' title='bbox 3371 3539 3446 3595; x_wconf 92' lang='lat' dir='ltr'>ad</span> <span class='ocrx_word' id='word_1_648' title='bbox 3476 3555 3599 3608; x_wconf 91' lang='lat' dir='ltr'>cor,</span> 
     </span>
    </p>
   </div>
   <div class='ocr_carea' id='block_1_82' title="bbox 1948 3626 3597 3703">
    <p class='ocr_par' dir='ltr' id='par_1_82' title="bbox 1948 3626 3597 3703">
     <span class='ocr_line' id='line_1_82' title="bbox 1948 3626 3597 3703; baseline -0.003 -16"><span class='ocrx_word' id='word_1_649' title='bbox 1948 3631 2171 3688; x_wconf 90' lang='lat' dir='ltr'>scilicet</span> <span class='ocrx_word' id='word_1_650' title='bbox 2199 3634 2264 3686; x_wconf 85' lang='lat' dir='ltr'>ut</span> <span class='ocrx_word' id='word_1_651' title='bbox 2284 3632 2413 3703; x_wconf 90' lang='lat' dir='ltr'>jam</span> <span class='ocrx_word' id='word_1_652' title='bbox 2445 3628 2710 3703; x_wconf 86' lang='lat' dir='ltr'>diligenti</span> <span class='ocrx_word' id='word_1_653' title='bbox 2742 3628 2967 3684; x_wconf 89' lang='lat' dir='ltr'>ratione</span> <span class='ocrx_word' id='word_1_654' title='bbox 2997 3626 3193 3683; x_wconf 88' lang='lat' dir='ltr'>colant</span> <span class='ocrx_word' id='word_1_655' title='bbox 3222 3644 3397 3683; x_wconf 91' lang='lat' dir='ltr'>suum</span> <span class='ocrx_word' id='word_1_656' title='bbox 3429 3628 3597 3683; x_wconf 88' lang='lat' dir='ltr'>Crea-</span> 
     </span>
    </p>
   </div>
   <div class='ocr_carea' id='block_1_83' title="bbox 1948 3714 3597 3791">
    <p class='ocr_par' dir='ltr' id='par_1_83' title="bbox 1948 3714 3597 3791">
     <span class='ocr_line' id='line_1_83' title="bbox 1948 3714 3597 3791; baseline -0.004 -15"><span class='ocrx_word' id='word_1_657' title='bbox 1948 3725 2154 3789; x_wconf 91' lang='lat' dir='ltr'>torem,</span> <span class='ocrx_word' id='word_1_658' title='bbox 2188 3724 2246 3775; x_wconf 91' lang='lat' dir='ltr'>et</span> <span class='ocrx_word' id='word_1_659' title='bbox 2275 3718 2358 3775; x_wconf 92' lang='lat' dir='ltr'>sic</span> <span class='ocrx_word' id='word_1_660' title='bbox 2406 3735 2508 3791; x_wconf 91' lang='lat' dir='ltr'>per</span> <span class='ocrx_word' id='word_1_661' title='bbox 2552 3719 2867 3773; x_wconf 90' lang='lat' dir='ltr'>adventum</span> <span class='ocrx_word' id='word_1_662' title='bbox 2911 3714 3126 3771; x_wconf 89' lang='lat' dir='ltr'>Christi</span> <span class='ocrx_word' id='word_1_663' title='bbox 3156 3715 3414 3771; x_wconf 90' lang='lat' dir='ltr'>habeant</span> <span class='ocrx_word' id='word_1_664' title='bbox 3460 3729 3597 3769; x_wconf 91' lang='lat' dir='ltr'>cum</span> 
     </span>
    </p>
   </div>
   <div class='ocr_carea' id='block_1_84' title="bbox 1948 3810 2309 3881">
    <p class='ocr_par' dir='ltr' id='par_1_84' title="bbox 1948 3810 2309 3881">
     <span class='ocr_line' id='line_1_84' title="bbox 1948 3810 2309 3881; baseline 0 -16"><span class='ocrx_word' id='word_1_665' title='bbox 1948 3810 2065 3865; x_wconf 92' lang='lat' dir='ltr'>Deo</span> <span class='ocrx_word' id='word_1_666' title='bbox 2087 3825 2309 3881; x_wconf 91' lang='lat' dir='ltr'>pacem.</span> 
     </span>
    </p>
   </div>
   <div class='ocr_carea' id='block_1_85' title="bbox 2019 3889 3595 3964">
    <p class='ocr_par' dir='ltr' id='par_1_85' title="bbox 2019 3889 3595 3964">
     <span class='ocr_line' id='line_1_85' title="bbox 2019 3889 3595 3964; baseline -0.004 -11"><span class='ocrx_word' id='word_1_667' title='bbox 2019 3898 2185 3953; x_wconf 91' lang='lat' dir='ltr'>Dicto</span> <span class='ocrx_word' id='word_1_668' title='bbox 2215 3898 2465 3952; x_wconf 92' lang='lat' dir='ltr'>adventu</span> <span class='ocrx_word' id='word_1_669' title='bbox 2514 3893 2754 3964; x_wconf 90' lang='lat' dir='ltr'>Christi,</span> <span class='ocrx_word' id='word_1_670' title='bbox 2780 3891 3131 3947; x_wconf 90' lang='lat' dir='ltr'>determinat</span> <span class='ocrx_word' id='word_1_671' title='bbox 3177 3891 3353 3946; x_wconf 91' lang='lat' dir='ltr'>etiam</span> <span class='ocrx_word' id='word_1_672' title='bbox 3401 3889 3595 3946; x_wconf 92' lang='lat' dir='ltr'>locum</span> 
     </span>
    </p>
   </div>
   <div class='ocr_carea' id='block_1_86' title="bbox 1948 3979 3595 4054">
    <p class='ocr_par' dir='ltr' id='par_1_86' title="bbox 1948 3979 3595 4054">
     <span class='ocr_line' id='line_1_86' title="bbox 1948 3979 3595 4054; baseline -0.004 -11"><span class='ocrx_word' id='word_1_673' title='bbox 1948 4006 2067 4043; x_wconf 70' lang='lat' dir='ltr'>suae</span> <span class='ocrx_word' id='word_1_674' title='bbox 2089 3984 2405 4042; x_wconf 87' lang='lat' dir='ltr'>nativitatis</span> <span class='ocrx_word' id='word_1_675' title='bbox 2425 3984 2533 4054; x_wconf 90' lang='lat' dir='ltr'>eis,</span> <span class='ocrx_word' id='word_1_676' title='bbox 2546 3982 2715 4054; x_wconf 90' lang='lat' dir='ltr'>quasi</span> <span class='ocrx_word' id='word_1_677' title='bbox 2747 3981 2827 4036; x_wconf 88' lang='lat' dir='ltr'>ita</span> <span class='ocrx_word' id='word_1_678' title='bbox 2864 3980 3118 4035; x_wconf 85' lang='lat' dir='ltr'>diceret:</span> <span class='ocrx_word' id='word_1_679' title='bbox 3145 3980 3252 4034; x_wconf 91' lang='lat' dir='ltr'>Per</span> <span class='ocrx_word' id='word_1_680' title='bbox 3281 3979 3595 4036; x_wconf 88' lang='lat' dir='ltr'>adventum</span> 
     </span>
    </p>
   </div>
   <div class='ocr_carea' id='block_1_87' title="bbox 1946 4069 3597 4149">
    <p class='ocr_par' dir='ltr' id='par_1_87' title="bbox 1946 4069 3597 4149">
     <span class='ocr_line' id='line_1_87' title="bbox 1946 4069 3597 4149; baseline -0.004 -17"><span class='ocrx_word' id='word_1_681' title='bbox 1946 4078 2075 4149; x_wconf 89' lang='lat' dir='ltr'>ejus</span> <span class='ocrx_word' id='word_1_682' title='bbox 2106 4073 2278 4130; x_wconf 90' lang='lat' dir='ltr'>multi</span> <span class='ocrx_word' id='word_1_683' title='bbox 2308 4074 2737 4139; x_wconf 89' lang='lat' dir='ltr'>convertentur,</span> <span class='ocrx_word' id='word_1_684' title='bbox 2768 4069 2869 4125; x_wconf 92' lang='lat' dir='ltr'>sed</span> <span class='ocrx_word' id='word_1_685' title='bbox 2903 4073 3102 4124; x_wconf 88' lang='lat' dir='ltr'>tamen</span> <span class='ocrx_word' id='word_1_686' title='bbox 3151 4085 3267 4124; x_wconf 92' lang='lat' dir='ltr'>non</span> <span class='ocrx_word' id='word_1_687' title='bbox 3313 4069 3469 4140; x_wconf 90' lang='lat' dir='ltr'>apud</span> <span class='ocrx_word' id='word_1_688' title='bbox 3497 4085 3597 4125; x_wconf 87' lang='lat' dir='ltr'>eos</span> 
     </span>
    </p>
   </div>
   <div class='ocr_carea' id='block_1_88' title="bbox 1946 4156 3595 4231">
    <p class='ocr_par' dir='ltr' id='par_1_88' title="bbox 1946 4156 3595 4231">
     <span class='ocr_line' id='line_1_88' title="bbox 1946 4156 3595 4231; baseline -0.004 -10"><span class='ocrx_word' id='word_1_689' title='bbox 1946 4164 2213 4221; x_wconf 87' lang='lat' dir='ltr'>Christus</span> <span class='ocrx_word' id='word_1_690' title='bbox 2243 4165 2533 4231; x_wconf 86' lang='lat' dir='ltr'>nascetur,</span> <span class='ocrx_word' id='word_1_691' title='bbox 2567 4160 2668 4215; x_wconf 92' lang='lat' dir='ltr'>sed</span> <span class='ocrx_word' id='word_1_692' title='bbox 2702 4159 2853 4215; x_wconf 90' lang='lat' dir='ltr'>inter</span> <span class='ocrx_word' id='word_1_693' title='bbox 2878 4157 3137 4231; x_wconf 71' lang='lat' dir='ltr'>Judzeos,</span> <span class='ocrx_word' id='word_1_694' title='bbox 3155 4161 3212 4213; x_wconf 87' lang='lat' dir='ltr'>et</span> <span class='ocrx_word' id='word_1_695' title='bbox 3258 4156 3368 4214; x_wconf 90' lang='lat' dir='ltr'>hoc</span> <span class='ocrx_word' id='word_1_696' title='bbox 3404 4157 3549 4213; x_wconf 90' lang='lat' dir='ltr'>dicit</span> <span class='ocrx_word' id='word_1_697' title='bbox 3581 4173 3595 4214; x_wconf 89' lang='lat'>:</span> 
     </span>
    </p>
   </div>
   <div class='ocr_carea' id='block_1_89' title="bbox 1948 4245 3599 4323">
    <p class='ocr_par' dir='ltr' id='par_1_89' title="bbox 1948 4245 3599 4323">
     <span class='ocr_line' id='line_1_89' title="bbox 1948 4245 3599 4323; baseline -0.005 -13"><span class='ocrx_word' id='word_1_698' title='bbox 1948 4278 1976 4305; x_wconf 89' lang='grc'>‹‹</span> <span class='ocrx_word' id='word_1_699' title='bbox 2008 4253 2426 4310; x_wconf 89' lang='lat' dir='ltr'>Verumtamen</span> <span class='ocrx_word' id='word_1_700' title='bbox 2456 4264 2634 4323; x_wconf 89' lang='lat' dir='ltr'>prope</span> <span class='ocrx_word' id='word_1_701' title='bbox 2663 4247 2937 4306; x_wconf 88' lang='lat' dir='ltr'>timentes</span> <span class='ocrx_word' id='word_1_702' title='bbox 2986 4261 3145 4316; x_wconf 89' lang='lat' dir='ltr'>eum,</span> <span class='ocrx_word' id='word_1_703' title='bbox 3177 4266 3206 4297; x_wconf 70' lang='grc' dir='ltr'>δ)</span> <span class='ocrx_word' id='word_1_704' title='bbox 3246 4245 3305 4302; x_wconf 87' lang='lat' dir='ltr'>id</span> <span class='ocrx_word' id='word_1_705' title='bbox 3353 4249 3463 4316; x_wconf 89' lang='lat' dir='ltr'>est,</span> <span class='ocrx_word' id='word_1_706' title='bbox 3494 4245 3599 4303; x_wconf 85' lang='lat' dir='ltr'>Ju-</span> 
     </span>
    </p>
   </div>
   <div class='ocr_carea' id='block_1_90' title="bbox 1947 4333 3600 4414">
    <p class='ocr_par' dir='ltr' id='par_1_90' title="bbox 1947 4333 3600 4414">
     <span class='ocr_line' id='line_1_90' title="bbox 1947 4333 3600 4414; baseline -0.007 -12"><span class='ocrx_word' id='word_1_707' title='bbox 1947 4344 2124 4412; x_wconf 67' lang='lat' dir='ltr'>dezos,</span> <span class='ocrx_word' id='word_1_708' title='bbox 2159 4341 2259 4414; x_wconf 90' lang='lat' dir='ltr'>qui</span> <span class='ocrx_word' id='word_1_709' title='bbox 2292 4340 2477 4397; x_wconf 90' lang='lat' dir='ltr'>Deum</span> <span class='ocrx_word' id='word_1_710' title='bbox 2500 4336 2607 4396; x_wconf 89' lang='lat' dir='ltr'>soli</span> <span class='ocrx_word' id='word_1_711' title='bbox 2638 4336 2984 4395; x_wconf 89' lang='lat' dir='ltr'>dicebantur</span> <span class='ocrx_word' id='word_1_712' title='bbox 3014 4333 3388 4407; x_wconf 88' lang='lat' dir='ltr'>timere,quia</span> <span class='ocrx_word' id='word_1_713' title='bbox 3409 4333 3600 4408; x_wconf 89' lang='lat' dir='ltr'>legem</span> 
     </span>
    </p>
   </div>
   <div class='ocr_carea' id='block_1_91' title="bbox 1945 4421 3598 4507">
    <p class='ocr_par' dir='ltr' id='par_1_91' title="bbox 1945 4421 3598 4507">
     <span class='ocr_line' id='line_1_91' title="bbox 1945 4421 3598 4507; baseline -0.008 -17"><span class='ocrx_word' id='word_1_714' title='bbox 1945 4434 2077 4507; x_wconf 88' lang='lat' dir='ltr'>ejus</span> <span class='ocrx_word' id='word_1_715' title='bbox 2109 4426 2610 4503; x_wconf 88' lang='lat' dir='ltr'>receperant,licet</span> <span class='ocrx_word' id='word_1_716' title='bbox 2639 4425 2833 4499; x_wconf 90' lang='lat' dir='ltr'>potius</span> <span class='ocrx_word' id='word_1_717' title='bbox 2855 4441 2958 4498; x_wconf 91' lang='lat' dir='ltr'>pro</span> <span class='ocrx_word' id='word_1_718' title='bbox 2981 4421 3404 4497; x_wconf 91' lang='lat' dir='ltr'>temporalibus</span> <span class='ocrx_word' id='word_1_719' title='bbox 3419 4438 3598 4494; x_wconf 89' lang='lat' dir='ltr'>quam</span> 
     </span>
    </p>
   </div>
   <div class='ocr_carea' id='block_1_92' title="bbox 1948 4509 3598 4595">
    <p class='ocr_par' dir='ltr' id='par_1_92' title="bbox 1948 4509 3598 4595">
     <span class='ocr_line' id='line_1_92' title="bbox 1948 4509 3598 4595; baseline -0.013 -16"><span class='ocrx_word' id='word_1_720' title='bbox 1948 4540 2052 4595; x_wconf 91' lang='lat' dir='ltr'>pro</span> <span class='ocrx_word' id='word_1_721' title='bbox 2083 4518 2418 4576; x_wconf 88' lang='lat' dir='ltr'>coelestibus</span> <span class='ocrx_word' id='word_1_722' title='bbox 2453 4518 2564 4573; x_wconf 91' lang='lat' dir='ltr'>Deo</span> <span class='ocrx_word' id='word_1_723' title='bbox 2582 4513 2999 4583; x_wconf 90' lang='lat' dir='ltr'>servirent,erit</span> <span class='ocrx_word' id='word_1_724' title='bbox 3031 4510 3330 4568; x_wconf 73' lang='lat' dir='ltr'>«salutare</span> <span class='ocrx_word' id='word_1_725' title='bbox 3352 4509 3598 4581; x_wconf 79' lang='lat' dir='ltr'>ipsius,»</span> 
     </span>
    </p>
   </div>
   <div class='ocr_carea' id='block_1_93' title="bbox 223 4598 3597 4690">
    <p class='ocr_par' dir='ltr' id='par_1_93' title="bbox 223 4598 3597 4690">
     <span class='ocr_line' id='line_1_93' title="bbox 223 4598 3597 4690; baseline -0.003 -27"><span class='ocrx_word' id='word_1_726' title='bbox 223 4607 481 4677; x_wconf 83' lang='lat' dir='ltr'>gnationis</span> <span class='ocrx_word' id='word_1_727' title='bbox 511 4615 648 4682; x_wconf 71' lang='lat' dir='ltr'>tute,</span> <span class='ocrx_word' id='word_1_728' title='bbox 688 4633 715 4659; x_wconf 92' lang='grc'><strong>››</strong></span> <span class='ocrx_word' id='word_1_729' title='bbox 746 4609 971 4667; x_wconf 90' lang='lat' dir='ltr'>scilicet</span> <span class='ocrx_word' id='word_1_730' title='bbox 1000 4616 1066 4668; x_wconf 92' lang='lat' dir='ltr'>ut</span> <span class='ocrx_word' id='word_1_731' title='bbox 1096 4628 1211 4669; x_wconf 92' lang='lat' dir='ltr'>non</span> <span class='ocrx_word' id='word_1_732' title='bbox 1244 4611 1461 4668; x_wconf 90' lang='lat' dir='ltr'>inferas</span> <span class='ocrx_word' id='word_1_733' title='bbox 1487 4630 1688 4685; x_wconf 87' lang='lat' dir='ltr'>poenas</span> <span class='ocrx_word' id='word_1_734' title='bbox 1709 4630 1840 4686; x_wconf 89' lang='lat' dir='ltr'>pro-</span> <span class='ocrx_word' id='word_1_735' title='bbox 1871 4625 1919 4690; x_wconf 76' lang='grc' dir='ltr'>ι)</span> <span class='ocrx_word' id='word_1_736' title='bbox 1950 4612 2009 4667; x_wconf 89' lang='lat' dir='ltr'>id</span> <span class='ocrx_word' id='word_1_737' title='bbox 2041 4614 2147 4679; x_wconf 89' lang='lat' dir='ltr'>est,</span> <span class='ocrx_word' id='word_1_738' title='bbox 2179 4608 2359 4664; x_wconf 90' lang='lat' dir='ltr'>Filius</span> <span class='ocrx_word' id='word_1_739' title='bbox 2389 4605 2491 4662; x_wconf 91' lang='lat' dir='ltr'>Dei</span> <span class='ocrx_word' id='word_1_740' title='bbox 2522 4603 2707 4677; x_wconf 90' lang='lat' dir='ltr'>ipsius</span> <span class='ocrx_word' id='word_1_741' title='bbox 2740 4600 3001 4674; x_wconf 85' lang='lat' dir='ltr'>perficiet</span> <span class='ocrx_word' id='word_1_742' title='bbox 3039 4599 3288 4690; x_wconf 82' lang='lat' dir='ltr'>salutem</span> <span class='ocrx_word' id='word_1_743' title='bbox 3337 4598 3597 4690; x_wconf 87' lang='lat' dir='ltr'>humano</span> 
     </span>
    </p>
   </div>
   <div class='ocr_carea' id='block_1_94' title="bbox 222 4695 1838 4773">
    <p class='ocr_par' dir='ltr' id='par_1_94' title="bbox 222 4695 1838 4773">
     <span class='ocr_line' id='line_1_94' title="bbox 222 4695 1838 4773; baseline 0.003 -22"><span class='ocrx_word' id='word_1_744' title='bbox 222 4695 455 4757; x_wconf 79' lang='lat' dir='ltr'>cedentes</span> <span class='ocrx_word' id='word_1_745' title='bbox 483 4715 553 4756; x_wconf 82' lang='lat' dir='ltr'>ex</span> <span class='ocrx_word' id='word_1_746' title='bbox 581 4703 687 4756; x_wconf 90' lang='lat' dir='ltr'>tua</span> <span class='ocrx_word' id='word_1_747' title='bbox 716 4699 1139 4773; x_wconf 84' lang='lat' dir='ltr'>indignatione,</span> <span class='ocrx_word' id='word_1_748' title='bbox 1174 4700 1395 4757; x_wconf 90' lang='lat' dir='ltr'>scilicet</span> <span class='ocrx_word' id='word_1_749' title='bbox 1443 4706 1689 4758; x_wconf 64' lang='lat' dir='ltr'>arternas</span> <span class='ocrx_word' id='word_1_750' title='bbox 1720 4718 1838 4773; x_wconf 86' lang='lat' dir='ltr'>poe-</span> 
     </span>
    </p>
   </div>
   <div class='ocr_carea' id='block_1_95' title="bbox 220 4786 1826 4862">
    <p class='ocr_par' dir='ltr' id='par_1_95' title="bbox 220 4786 1826 4862">
     <span class='ocr_line' id='line_1_95' title="bbox 220 4786 1826 4862; baseline 0.007 -27"><span class='ocrx_word' id='word_1_751' title='bbox 220 4796 324 4840; x_wconf 89' lang='lat' dir='ltr'>nas.</span> <span class='ocrx_word' id='word_1_752' title='bbox 353 4786 418 4844; x_wconf 83' lang='lat' dir='ltr'>Et</span> <span class='ocrx_word' id='word_1_753' title='bbox 445 4793 508 4844; x_wconf 92' lang='lat' dir='ltr'>ut</span> <span class='ocrx_word' id='word_1_754' title='bbox 540 4790 688 4845; x_wconf 90' lang='lat' dir='ltr'>iram</span> <span class='ocrx_word' id='word_1_755' title='bbox 715 4794 827 4844; x_wconf 60' lang='lat' dir='ltr'>tua;</span> <span class='ocrx_word' id='word_1_756' title='bbox 857 4788 1280 4862; x_wconf 88' lang='lat' dir='ltr'>indignationis</span> <span class='ocrx_word' id='word_1_757' title='bbox 1301 4806 1414 4845; x_wconf 92' lang='lat' dir='ltr'>non</span> <span class='ocrx_word' id='word_1_758' title='bbox 1434 4788 1826 4858; x_wconf 90' lang='lat' dir='ltr'>incurramus,</span> 
     </span>
    </p>
   </div>
   <div class='ocr_carea' id='block_1_96' title="bbox 223 4877 1832 4951">
    <p class='ocr_par' dir='ltr' id='par_1_96' title="bbox 223 4877 1832 4951">
     <span class='ocr_line' id='line_1_96' title="bbox 223 4877 1832 4951; baseline 0.003 -21"><span class='ocrx_word' id='word_1_759' title='bbox 223 4881 508 4934; x_wconf 68' lang='lat' dir='ltr'>«converte</span> <span class='ocrx_word' id='word_1_760' title='bbox 543 4894 651 4934; x_wconf 89' lang='lat' dir='ltr'>nos</span> <span class='ocrx_word' id='word_1_761' title='bbox 682 4900 710 4927; x_wconf 88' lang='grc'><strong>››</strong></span> <span class='ocrx_word' id='word_1_762' title='bbox 750 4877 822 4933; x_wconf 90' lang='lat' dir='ltr'>ab</span> <span class='ocrx_word' id='word_1_763' title='bbox 873 4878 1216 4934; x_wconf 80' lang='lat' dir='ltr'>infidelitate</span> <span class='ocrx_word' id='word_1_764' title='bbox 1265 4878 1336 4933; x_wconf 91' lang='lat' dir='ltr'>ad</span> <span class='ocrx_word' id='word_1_765' title='bbox 1386 4878 1583 4951; x_wconf 87' lang='lat' dir='ltr'>ﬁdem,</span> <span class='ocrx_word' id='word_1_766' title='bbox 1615 4903 1641 4927; x_wconf 84' lang='lat'><strong><em>«</em></strong></span> <span class='ocrx_word' id='word_1_767' title='bbox 1678 4879 1832 4935; x_wconf 89' lang='lat' dir='ltr'>Deus</span> 
     </span>
    </p>
   </div>
   <div class='ocr_carea' id='block_1_97' title="bbox 222 4959 1831 5039">
    <p class='ocr_par' dir='ltr' id='par_1_97' title="bbox 222 4959 1831 5039">
     <span class='ocr_line' id='line_1_97' title="bbox 222 4959 1831 5039; baseline 0.004 -24"><span class='ocrx_word' id='word_1_768' title='bbox 222 4959 460 5023; x_wconf 77' lang='lat' dir='ltr'>salutaris</span> <span class='ocrx_word' id='word_1_769' title='bbox 492 4970 712 5037; x_wconf 87' lang='lat' dir='ltr'>noster,</span> <span class='ocrx_word' id='word_1_770' title='bbox 750 4990 777 5016; x_wconf 73' lang='grc' dir='ltr'><strong><em>υ</em></strong></span> <span class='ocrx_word' id='word_1_771' title='bbox 807 4966 865 5022; x_wconf 92' lang='lat' dir='ltr'>id</span> <span class='ocrx_word' id='word_1_772' title='bbox 897 4970 1005 5036; x_wconf 88' lang='lat' dir='ltr'>est,</span> <span class='ocrx_word' id='word_1_773' title='bbox 1039 4967 1140 5039; x_wconf 91' lang='lat' dir='ltr'>qui</span> <span class='ocrx_word' id='word_1_774' title='bbox 1189 4983 1292 5039; x_wconf 91' lang='lat' dir='ltr'>per</span> <span class='ocrx_word' id='word_1_775' title='bbox 1341 4967 1655 5023; x_wconf 86' lang='lat' dir='ltr'>adventum</span> <span class='ocrx_word' id='word_1_776' title='bbox 1706 4966 1831 5024; x_wconf 87' lang='lat' dir='ltr'>Filii</span> 
     </span>
    </p>
   </div>
   <div class='ocr_carea' id='block_1_98' title="bbox 220 5048 1837 5124">
    <p class='ocr_par' dir='ltr' id='par_1_98' title="bbox 220 5048 1837 5124">
     <span class='ocr_line' id='line_1_98' title="bbox 220 5048 1837 5124; baseline 0.009 -25"><span class='ocrx_word' id='word_1_777' title='bbox 220 5048 290 5102; x_wconf 86' lang='lat' dir='ltr'>tui</span> <span class='ocrx_word' id='word_1_778' title='bbox 313 5053 466 5110; x_wconf 88' lang='lat' dir='ltr'>nobis</span> <span class='ocrx_word' id='word_1_779' title='bbox 489 5053 746 5111; x_wconf 87' lang='lat' dir='ltr'>salutem</span> <span class='ocrx_word' id='word_1_780' title='bbox 777 5055 1026 5124; x_wconf 87' lang='lat' dir='ltr'>confers,</span> <span class='ocrx_word' id='word_1_781' title='bbox 1059 5060 1117 5111; x_wconf 91' lang='lat' dir='ltr'>et</span> <span class='ocrx_word' id='word_1_782' title='bbox 1148 5079 1175 5104; x_wconf 83' lang='lat'><strong><em>«</em></strong></span> <span class='ocrx_word' id='word_1_783' title='bbox 1208 5072 1242 5111; x_wconf 88' lang='lat' dir='ltr'>a</span> <span class='ocrx_word' id='word_1_784' title='bbox 1267 5055 1436 5111; x_wconf 93' lang='lat' dir='ltr'>nobis</span> <span class='ocrx_word' id='word_1_785' title='bbox 1468 5077 1494 5105; x_wconf 86' lang='grc'><strong>››</strong></span> <span class='ocrx_word' id='word_1_786' title='bbox 1543 5057 1837 5113; x_wconf 89' lang='lat' dir='ltr'>conversis</span> 
     </span>
    </p>
   </div>
   <div class='ocr_carea' id='block_1_99' title="bbox 223 5143 1213 5200">
    <p class='ocr_par' dir='ltr' id='par_1_99' title="bbox 223 5143 1213 5200">
     <span class='ocr_line' id='line_1_99' title="bbox 223 5143 1213 5200; baseline 0.006 -8"><span class='ocrx_word' id='word_1_787' title='bbox 223 5155 244 5181; x_wconf 76' lang='grc' dir='ltr'><strong>α</strong></span> <span class='ocrx_word' id='word_1_788' title='bbox 270 5146 439 5197; x_wconf 80' lang='lat' dir='ltr'>averte</span> <span class='ocrx_word' id='word_1_789' title='bbox 470 5143 623 5199; x_wconf 90' lang='lat' dir='ltr'>iram</span> <span class='ocrx_word' id='word_1_790' title='bbox 654 5146 820 5199; x_wconf 87' lang='lat' dir='ltr'>tuam</span> <span class='ocrx_word' id='word_1_791' title='bbox 855 5167 882 5193; x_wconf 80' lang='lat' dir='ltr'><em>n</em></span> <span class='ocrx_word' id='word_1_792' title='bbox 915 5148 1213 5200; x_wconf 73' lang='lat' dir='ltr'>mternam.</span> 
     </span>
    </p>
   </div>
   <div class='ocr_carea' id='block_1_100' title="bbox 274 5225 1835 5305">
    <p class='ocr_par' dir='ltr' id='par_1_100' title="bbox 274 5225 1835 5305">
     <span class='ocr_line' id='line_1_100' title="bbox 274 5225 1835 5305; baseline 0.006 -24"><span class='ocrx_word' id='word_1_793' title='bbox 274 5225 393 5286; x_wconf 90' lang='lat' dir='ltr'>Dico</span> <span class='ocrx_word' id='word_1_794' title='bbox 422 5237 636 5299; x_wconf 87' lang='lat' dir='ltr'>averte,</span> <span class='ocrx_word' id='word_1_795' title='bbox 672 5237 730 5289; x_wconf 90' lang='lat' dir='ltr'>et</span> <span class='ocrx_word' id='word_1_796' title='bbox 759 5236 1009 5301; x_wconf 89' lang='lat' dir='ltr'>avertes,</span> <span class='ocrx_word' id='word_1_797' title='bbox 1035 5234 1173 5305; x_wconf 90' lang='lat' dir='ltr'>quia</span> <span class='ocrx_word' id='word_1_798' title='bbox 1203 5256 1230 5283; x_wconf 88' lang='grc'>‹‹</span> <span class='ocrx_word' id='word_1_799' title='bbox 1265 5234 1531 5305; x_wconf 90' lang='lat' dir='ltr'>nunquid</span> <span class='ocrx_word' id='word_1_800' title='bbox 1582 5234 1641 5290; x_wconf 90' lang='lat' dir='ltr'>in</span> <span class='ocrx_word' id='word_1_801' title='bbox 1674 5239 1835 5290; x_wconf 76' lang='lat' dir='ltr'>acter-</span> 
     </span>
    </p>
   </div>
   <div class='ocr_carea' id='block_1_101' title="bbox 218 5319 1834 5394">
    <p class='ocr_par' dir='ltr' id='par_1_101' title="bbox 218 5319 1834 5394">
     <span class='ocr_line' id='line_1_101' title="bbox 218 5319 1834 5394; baseline 0.007 -26"><span class='ocrx_word' id='word_1_802' title='bbox 218 5327 334 5373; x_wconf 88' lang='lat' dir='ltr'>num</span> <span class='ocrx_word' id='word_1_803' title='bbox 362 5319 629 5378; x_wconf 89' lang='lat' dir='ltr'>irasceris</span> <span class='ocrx_word' id='word_1_804' title='bbox 674 5321 889 5379; x_wconf 83' lang='lat' dir='ltr'>nobis?</span> <span class='ocrx_word' id='word_1_805' title='bbox 920 5344 948 5374; x_wconf 70' lang='grc' dir='ltr'><strong>η</strong></span> <span class='ocrx_word' id='word_1_806' title='bbox 982 5323 1105 5378; x_wconf 89' lang='lat' dir='ltr'>Non</span> <span class='ocrx_word' id='word_1_807' title='bbox 1139 5327 1316 5392; x_wconf 88' lang='lat' dir='ltr'>certe,</span> <span class='ocrx_word' id='word_1_808' title='bbox 1348 5321 1485 5394; x_wconf 88' lang='lat' dir='ltr'>quia</span> <span class='ocrx_word' id='word_1_809' title='bbox 1532 5322 1834 5394; x_wconf 89' lang='lat' dir='ltr'>placabilis</span> 
     </span>
    </p>
   </div>
   <div class='ocr_carea' id='block_1_102' title="bbox 214 5402 1835 5483">
    <p class='ocr_par' dir='ltr' id='par_1_102' title="bbox 214 5402 1835 5483">
     <span class='ocr_line' id='line_1_102' title="bbox 214 5402 1835 5483; baseline 0.005 -23"><span class='ocrx_word' id='word_1_810' title='bbox 214 5402 307 5461; x_wconf 81' lang='lat' dir='ltr'>eris</span> <span class='ocrx_word' id='word_1_811' title='bbox 332 5407 387 5464; x_wconf 89' lang='lat' dir='ltr'>in</span> <span class='ocrx_word' id='word_1_812' title='bbox 415 5411 669 5468; x_wconf 89' lang='lat' dir='ltr'>adventu</span> <span class='ocrx_word' id='word_1_813' title='bbox 694 5409 823 5467; x_wconf 89' lang='lat' dir='ltr'>Filii</span> <span class='ocrx_word' id='word_1_814' title='bbox 844 5411 953 5483; x_wconf 88' lang='lat' dir='ltr'>tui,</span> <span class='ocrx_word' id='word_1_815' title='bbox 972 5410 1178 5467; x_wconf 89' lang='lat' dir='ltr'>saltem</span> <span class='ocrx_word' id='word_1_816' title='bbox 1207 5434 1234 5460; x_wconf 90' lang='grc'>‹‹</span> <span class='ocrx_word' id='word_1_817' title='bbox 1258 5414 1360 5467; x_wconf 89' lang='lat' dir='ltr'>aut</span> <span class='ocrx_word' id='word_1_818' title='bbox 1389 5412 1665 5467; x_wconf 82' lang='lat' dir='ltr'>extendes</span> <span class='ocrx_word' id='word_1_819' title='bbox 1687 5412 1835 5468; x_wconf 89' lang='lat' dir='ltr'>iram</span> 
     </span>
    </p>
   </div>
   <div class='ocr_carea' id='block_1_103' title="bbox 212 5494 1833 5574">
    <p class='ocr_par' dir='ltr' id='par_1_103' title="bbox 212 5494 1833 5574">
     <span class='ocr_line' id='line_1_103' title="bbox 212 5494 1833 5574; baseline 0.004 -24"><span class='ocrx_word' id='word_1_820' title='bbox 212 5494 348 5554; x_wconf 80' lang='lat' dir='ltr'>tuam</span> <span class='ocrx_word' id='word_1_821' title='bbox 373 5500 803 5574; x_wconf 87' lang='lat' dir='ltr'>ageneratione</span> <span class='ocrx_word' id='word_1_822' title='bbox 833 5521 861 5551; x_wconf 86' lang='lat'><strong>»</strong></span> <span class='ocrx_word' id='word_1_823' title='bbox 894 5500 1052 5569; x_wconf 68' lang='lat' dir='ltr'>Adae,</span> <span class='ocrx_word' id='word_1_824' title='bbox 1084 5498 1177 5558; x_wconf 91' lang='lat' dir='ltr'>cui</span> <span class='ocrx_word' id='word_1_825' title='bbox 1222 5503 1446 5557; x_wconf 87' lang='lat' dir='ltr'>certum</span> <span class='ocrx_word' id='word_1_826' title='bbox 1490 5504 1581 5558; x_wconf 89' lang='lat' dir='ltr'>est</span> <span class='ocrx_word' id='word_1_827' title='bbox 1629 5504 1685 5557; x_wconf 87' lang='lat' dir='ltr'>te</span> <span class='ocrx_word' id='word_1_828' title='bbox 1721 5500 1833 5557; x_wconf 89' lang='lat' dir='ltr'>ira-</span> 
     </span>
    </p>
   </div>
   <div class='ocr_carea' id='block_1_104' title="bbox 207 5583 1834 5663">
    <p class='ocr_par' dir='ltr' id='par_1_104' title="bbox 207 5583 1834 5663">
     <span class='ocr_line' id='line_1_104' title="bbox 207 5583 1834 5663; baseline 0.004 -23"><span class='ocrx_word' id='word_1_829' title='bbox 207 5583 311 5640; x_wconf 77' lang='lat' dir='ltr'>tum</span> <span class='ocrx_word' id='word_1_830' title='bbox 340 5587 522 5645; x_wconf 83' lang='lat' dir='ltr'>fuisse</span> <span class='ocrx_word' id='word_1_831' title='bbox 553 5594 792 5663; x_wconf 89' lang='lat' dir='ltr'>propter</span> <span class='ocrx_word' id='word_1_832' title='bbox 838 5593 1142 5663; x_wconf 90' lang='lat' dir='ltr'>peccatum</span> <span class='ocrx_word' id='word_1_833' title='bbox 1173 5612 1199 5639; x_wconf 91' lang='grc'>‹‹</span> <span class='ocrx_word' id='word_1_834' title='bbox 1227 5589 1287 5644; x_wconf 93' lang='lat' dir='ltr'>in</span> <span class='ocrx_word' id='word_1_835' title='bbox 1336 5590 1775 5663; x_wconf 87' lang='lat' dir='ltr'>generationem</span> <span class='ocrx_word' id='word_1_836' title='bbox 1806 5614 1834 5641; x_wconf 79' lang='lat' dir='ltr'>n</span> 
     </span>
    </p>
   </div>
   <div class='ocr_carea' id='block_1_105' title="bbox 198 5670 1829 5757">
    <p class='ocr_par' dir='ltr' id='par_1_105' title="bbox 198 5670 1829 5757">
     <span class='ocr_line' id='line_1_105' title="bbox 198 5670 1829 5757; baseline 0.003 -23"><span class='ocrx_word' id='word_1_837' title='bbox 198 5670 415 5739; x_wconf 63' lang='lat' dir='ltr'>intristi:</span> <span class='ocrx_word' id='word_1_838' title='bbox 442 5678 573 5737; x_wconf 87' lang='lat' dir='ltr'>Non</span> <span class='ocrx_word' id='word_1_839' title='bbox 605 5679 830 5757; x_wconf 89' lang='lat' dir='ltr'>utique,</span> <span class='ocrx_word' id='word_1_840' title='bbox 846 5679 965 5736; x_wconf 89' lang='lat' dir='ltr'>imo</span> <span class='ocrx_word' id='word_1_841' title='bbox 993 5678 1292 5755; x_wconf 90' lang='lat' dir='ltr'>placabilis</span> <span class='ocrx_word' id='word_1_842' title='bbox 1323 5680 1438 5738; x_wconf 92' lang='lat' dir='ltr'>eris</span> <span class='ocrx_word' id='word_1_843' title='bbox 1466 5681 1829 5756; x_wconf 85' lang='lat' dir='ltr'>generationi</span> 
     </span>
    </p>
   </div>
   <div class='ocr_carea' id='block_1_106' title="bbox 1950 4687 3660 4774">
    <p class='ocr_par' dir='ltr' id='par_1_106' title="bbox 1950 4687 3660 4774">
     <span class='ocr_line' id='line_1_106' title="bbox 1950 4687 3660 4774; baseline -0.008 -19"><span class='ocrx_word' id='word_1_844' title='bbox 1950 4699 2168 4774; x_wconf 88' lang='lat' dir='ltr'>generi,</span> <span class='ocrx_word' id='word_1_845' title='bbox 2204 4699 2284 4753; x_wconf 89' lang='lat' dir='ltr'>ita</span> <span class='ocrx_word' id='word_1_846' title='bbox 2315 4695 2425 4752; x_wconf 90' lang='lat' dir='ltr'>erit</span> <span class='ocrx_word' id='word_1_847' title='bbox 2455 4693 2597 4748; x_wconf 92' lang='lat' dir='ltr'>illud</span> <span class='ocrx_word' id='word_1_848' title='bbox 2630 4691 2906 4758; x_wconf 89' lang='lat' dir='ltr'>salutare,</span> <span class='ocrx_word' id='word_1_849' title='bbox 2940 4714 2966 4739; x_wconf 87' lang='grc'>‹‹</span> <span class='ocrx_word' id='word_1_850' title='bbox 3002 4692 3067 4745; x_wconf 93' lang='lat' dir='ltr'>ut</span> <span class='ocrx_word' id='word_1_851' title='bbox 3095 4687 3300 4761; x_wconf 88' lang='lat' dir='ltr'>gloria,</span> <span class='ocrx_word' id='word_1_852' title='bbox 3336 4710 3363 4737; x_wconf 85' lang='lat'>»</span> <span class='ocrx_word' id='word_1_853' title='bbox 3398 4687 3455 4743; x_wconf 92' lang='lat' dir='ltr'>id</span> <span class='ocrx_word' id='word_1_854' title='bbox 3486 4690 3597 4757; x_wconf 89' lang='lat' dir='ltr'>est,</span> <span class='ocrx_word' id='word_1_855' title='bbox 3654 4700 3660 4705; x_wconf 84' lang='lat'><strong>&#39;</strong></span> 
     </span>
    </p>
   </div>
   <div class='ocr_carea' id='block_1_107' title="bbox 1940 4776 3596 4862">
    <p class='ocr_par' dir='ltr' id='par_1_107' title="bbox 1940 4776 3596 4862">
     <span class='ocr_line' id='line_1_107' title="bbox 1940 4776 3596 4862; baseline -0.01 -14"><span class='ocrx_word' id='word_1_856' title='bbox 1940 4794 2065 4862; x_wconf 91' lang='lat' dir='ltr'>ipse</span> <span class='ocrx_word' id='word_1_857' title='bbox 2111 4786 2292 4843; x_wconf 85' lang='lat' dir='ltr'>Filius</span> <span class='ocrx_word' id='word_1_858' title='bbox 2343 4809 2367 4832; x_wconf 79' lang='grc' dir='ltr'>α</span> <span class='ocrx_word' id='word_1_859' title='bbox 2423 4781 2709 4837; x_wconf 89' lang='lat' dir='ltr'>inhabitet</span> <span class='ocrx_word' id='word_1_860' title='bbox 2751 4803 2778 4828; x_wconf 85' lang='lat'>»</span> <span class='ocrx_word' id='word_1_861' title='bbox 2824 4778 3134 4852; x_wconf 67' lang='lat' dir='ltr'>praesentia</span> <span class='ocrx_word' id='word_1_862' title='bbox 3182 4776 3444 4851; x_wconf 90' lang='lat' dir='ltr'>corporis</span> <span class='ocrx_word' id='word_1_863' title='bbox 3474 4801 3501 4825; x_wconf 89' lang='grc'>‹‹</span> <span class='ocrx_word' id='word_1_864' title='bbox 3536 4776 3596 4832; x_wconf 91' lang='lat' dir='ltr'>in</span> 
     </span>
    </p>
   </div>
   <div class='ocr_carea' id='block_1_108' title="bbox 1941 4868 2989 4939">
    <p class='ocr_par' dir='ltr' id='par_1_108' title="bbox 1941 4868 2989 4939">
     <span class='ocr_line' id='line_1_108' title="bbox 1941 4868 2989 4939; baseline -0.011 -5"><span class='ocrx_word' id='word_1_865' title='bbox 1941 4884 2096 4934; x_wconf 89' lang='lat' dir='ltr'>terra</span> <span class='ocrx_word' id='word_1_866' title='bbox 2128 4878 2345 4939; x_wconf 85' lang='lat' dir='ltr'>nostra,</span> <span class='ocrx_word' id='word_1_867' title='bbox 2382 4894 2408 4922; x_wconf 85' lang='lat'><strong>»</strong></span> <span class='ocrx_word' id='word_1_868' title='bbox 2443 4871 2500 4925; x_wconf 91' lang='lat' dir='ltr'>id</span> <span class='ocrx_word' id='word_1_869' title='bbox 2533 4875 2641 4938; x_wconf 91' lang='lat' dir='ltr'>est,</span> <span class='ocrx_word' id='word_1_870' title='bbox 2676 4870 2735 4923; x_wconf 90' lang='lat' dir='ltr'>in</span> <span class='ocrx_word' id='word_1_871' title='bbox 2765 4868 2989 4924; x_wconf 67' lang='lat' dir='ltr'>Judzea.</span> 
     </span>
    </p>
   </div>
   <div class='ocr_carea' id='block_1_109' title="bbox 2018 4953 3596 5028">
    <p class='ocr_par' dir='ltr' id='par_1_109' title="bbox 2018 4953 3596 5028">
     <span class='ocr_line' id='line_1_109' title="bbox 2018 4953 3596 5028; baseline -0.005 -12"><span class='ocrx_word' id='word_1_872' title='bbox 2018 4990 2046 5016; x_wconf 89' lang='grc'><strong>‹‹</strong></span> <span class='ocrx_word' id='word_1_873' title='bbox 2079 4960 2495 5028; x_wconf 88' lang='lat' dir='ltr'>Misericordia,</span> <span class='ocrx_word' id='word_1_874' title='bbox 2530 4963 2586 5015; x_wconf 89' lang='lat' dir='ltr'>et</span> <span class='ocrx_word' id='word_1_875' title='bbox 2614 4958 2848 5015; x_wconf 88' lang='lat' dir='ltr'>veritas.</span> <span class='ocrx_word' id='word_1_876' title='bbox 2883 4981 2909 5007; x_wconf 79' lang='lat' dir='ltr'>n</span> <span class='ocrx_word' id='word_1_877' title='bbox 2941 4956 3209 5015; x_wconf 86' lang='lat' dir='ltr'>Ostendit</span> <span class='ocrx_word' id='word_1_878' title='bbox 3236 4956 3376 5028; x_wconf 91' lang='lat' dir='ltr'>quid</span> <span class='ocrx_word' id='word_1_879' title='bbox 3422 4953 3596 5008; x_wconf 89' lang='lat' dir='ltr'>faciat</span> 
     </span>
    </p>
   </div>
   <div class='ocr_carea' id='block_1_110' title="bbox 1947 5041 3598 5117">
    <p class='ocr_par' dir='ltr' id='par_1_110' title="bbox 1947 5041 3598 5117">
     <span class='ocr_line' id='line_1_110' title="bbox 1947 5041 3598 5117; baseline -0.01 -5"><span class='ocrx_word' id='word_1_880' title='bbox 1947 5056 2043 5112; x_wconf 91' lang='lat' dir='ltr'>ille</span> <span class='ocrx_word' id='word_1_881' title='bbox 2077 5055 2326 5109; x_wconf 87' lang='lat' dir='ltr'>adventu</span> <span class='ocrx_word' id='word_1_882' title='bbox 2351 5048 2563 5106; x_wconf 90' lang='lat' dir='ltr'>Christi</span> <span class='ocrx_word' id='word_1_883' title='bbox 2596 5048 2798 5117; x_wconf 90' lang='lat' dir='ltr'>nobis;</span> <span class='ocrx_word' id='word_1_884' title='bbox 2831 5047 2981 5117; x_wconf 91' lang='lat' dir='ltr'>dico,</span> <span class='ocrx_word' id='word_1_885' title='bbox 3016 5046 3271 5103; x_wconf 87' lang='lat' dir='ltr'>salutare</span> <span class='ocrx_word' id='word_1_886' title='bbox 3302 5041 3598 5098; x_wconf 86' lang='lat' dir='ltr'>habitabit</span> 
     </span>
    </p>
   </div>
   <div class='ocr_carea' id='block_1_111' title="bbox 1948 5130 3591 5213">
    <p class='ocr_par' dir='ltr' id='par_1_111' title="bbox 1948 5130 3591 5213">
     <span class='ocr_line' id='line_1_111' title="bbox 1948 5130 3591 5213; baseline -0.01 -12"><span class='ocrx_word' id='word_1_887' title='bbox 1948 5146 2010 5201; x_wconf 91' lang='lat' dir='ltr'>in</span> <span class='ocrx_word' id='word_1_888' title='bbox 2040 5150 2215 5209; x_wconf 85' lang='lat' dir='ltr'>terra,</span> <span class='ocrx_word' id='word_1_889' title='bbox 2247 5145 2303 5197; x_wconf 89' lang='lat' dir='ltr'>et</span> <span class='ocrx_word' id='word_1_890' title='bbox 2328 5158 2430 5213; x_wconf 92' lang='lat' dir='ltr'>per</span> <span class='ocrx_word' id='word_1_891' title='bbox 2460 5139 2654 5212; x_wconf 90' lang='lat' dir='ltr'>ipsum</span> <span class='ocrx_word' id='word_1_892' title='bbox 2687 5159 2716 5188; x_wconf 84' lang='lat'><strong>«</strong></span> <span class='ocrx_word' id='word_1_893' title='bbox 2746 5137 3124 5201; x_wconf 90' lang='lat' dir='ltr'>obviaverunt</span> <span class='ocrx_word' id='word_1_894' title='bbox 3164 5132 3296 5200; x_wconf 91' lang='lat' dir='ltr'>sibi,</span> <span class='ocrx_word' id='word_1_895' title='bbox 3335 5154 3356 5181; x_wconf 74' lang='grc' dir='ltr'>ι</span> <span class='ocrx_word' id='word_1_896' title='bbox 3391 5130 3450 5185; x_wconf 92' lang='lat' dir='ltr'>id</span> <span class='ocrx_word' id='word_1_897' title='bbox 3482 5134 3591 5199; x_wconf 90' lang='lat' dir='ltr'>est,</span> 
     </span>
    </p>
   </div>
   <div class='ocr_carea' id='block_1_112' title="bbox 1945 5219 3592 5299">
    <p class='ocr_par' dir='ltr' id='par_1_112' title="bbox 1945 5219 3592 5299">
     <span class='ocr_line' id='line_1_112' title="bbox 1945 5219 3592 5299; baseline -0.009 -9"><span class='ocrx_word' id='word_1_898' title='bbox 1945 5236 2098 5290; x_wconf 88' lang='lat' dir='ltr'>inter</span> <span class='ocrx_word' id='word_1_899' title='bbox 2127 5249 2188 5288; x_wconf 87' lang='lat' dir='ltr'>se</span> <span class='ocrx_word' id='word_1_900' title='bbox 2219 5233 2614 5287; x_wconf 87' lang='lat' dir='ltr'>convenerunt</span> <span class='ocrx_word' id='word_1_901' title='bbox 2634 5227 2692 5282; x_wconf 93' lang='lat' dir='ltr'>in</span> <span class='ocrx_word' id='word_1_902' title='bbox 2718 5226 2843 5299; x_wconf 89' lang='lat' dir='ltr'>ipso</span> <span class='ocrx_word' id='word_1_903' title='bbox 2861 5226 3091 5281; x_wconf 86' lang='lat' dir='ltr'>Christo</span> <span class='ocrx_word' id='word_1_904' title='bbox 3120 5245 3147 5273; x_wconf 85' lang='lat'>«</span> <span class='ocrx_word' id='word_1_905' title='bbox 3171 5219 3592 5287; x_wconf 89' lang='lat' dir='ltr'>misericordia,</span> 
     </span>
    </p>
   </div>
   <div class='ocr_carea' id='block_1_113' title="bbox 1946 5308 3595 5390">
    <p class='ocr_par' dir='ltr' id='par_1_113' title="bbox 1946 5308 3595 5390">
     <span class='ocr_line' id='line_1_113' title="bbox 1946 5308 3595 5390; baseline -0.008 -11"><span class='ocrx_word' id='word_1_906' title='bbox 1946 5328 2003 5379; x_wconf 91' lang='lat' dir='ltr'>et</span> <span class='ocrx_word' id='word_1_907' title='bbox 2032 5322 2266 5389; x_wconf 86' lang='lat' dir='ltr'>veritas,</span> <span class='ocrx_word' id='word_1_908' title='bbox 2300 5342 2329 5370; x_wconf 86' lang='lat'>»</span> <span class='ocrx_word' id='word_1_909' title='bbox 2360 5318 2457 5390; x_wconf 88' lang='lat' dir='ltr'>qui</span> <span class='ocrx_word' id='word_1_910' title='bbox 2491 5316 2705 5371; x_wconf 90' lang='lat' dir='ltr'>dicitur</span> <span class='ocrx_word' id='word_1_911' title='bbox 2734 5314 2965 5382; x_wconf 90' lang='lat' dir='ltr'>veritas,</span> <span class='ocrx_word' id='word_1_912' title='bbox 2998 5312 3139 5383; x_wconf 92' lang='lat' dir='ltr'>quia</span> <span class='ocrx_word' id='word_1_913' title='bbox 3186 5310 3246 5365; x_wconf 91' lang='lat' dir='ltr'>in</span> <span class='ocrx_word' id='word_1_914' title='bbox 3288 5326 3355 5365; x_wconf 88' lang='lat' dir='ltr'>eo</span> <span class='ocrx_word' id='word_1_915' title='bbox 3396 5308 3595 5365; x_wconf 85' lang='lat' dir='ltr'>omnia</span> 
     </span>
    </p>
   </div>
   <div class='ocr_carea' id='block_1_114' title="bbox 1946 5398 3594 5485">
    <p class='ocr_par' dir='ltr' id='par_1_114' title="bbox 1946 5398 3594 5485">
     <span class='ocr_line' id='line_1_114' title="bbox 1946 5398 3594 5485; baseline -0.008 -18"><span class='ocrx_word' id='word_1_916' title='bbox 1946 5411 2240 5485; x_wconf 89' lang='lat' dir='ltr'>promissa</span> <span class='ocrx_word' id='word_1_917' title='bbox 2268 5424 2370 5481; x_wconf 85' lang='lat' dir='ltr'>per</span> <span class='ocrx_word' id='word_1_918' title='bbox 2391 5404 2707 5476; x_wconf 90' lang='lat' dir='ltr'>Prophetas</span> <span class='ocrx_word' id='word_1_919' title='bbox 2726 5405 2865 5458; x_wconf 91' lang='lat' dir='ltr'>sunt</span> <span class='ocrx_word' id='word_1_920' title='bbox 2886 5400 3197 5473; x_wconf 88' lang='lat' dir='ltr'>completa,</span> <span class='ocrx_word' id='word_1_921' title='bbox 3214 5398 3337 5471; x_wconf 84' lang='lat' dir='ltr'>ipse</span> <span class='ocrx_word' id='word_1_922' title='bbox 3360 5413 3594 5470; x_wconf 91' lang='lat' dir='ltr'>quoque</span> 
     </span>
    </p>
   </div>
   <div class='ocr_carea' id='block_1_115' title="bbox 1945 5485 3592 5564">
    <p class='ocr_par' dir='ltr' id='par_1_115' title="bbox 1945 5485 3592 5564">
     <span class='ocr_line' id='line_1_115' title="bbox 1945 5485 3592 5564; baseline -0.008 -8"><span class='ocrx_word' id='word_1_923' title='bbox 1945 5497 2351 5557; x_wconf 86' lang='lat' dir='ltr'>misericordia</span> <span class='ocrx_word' id='word_1_924' title='bbox 2370 5493 2605 5559; x_wconf 89' lang='lat' dir='ltr'>dicitur,</span> <span class='ocrx_word' id='word_1_925' title='bbox 2621 5490 2900 5564; x_wconf 90' lang='lat' dir='ltr'>quoniam</span> <span class='ocrx_word' id='word_1_926' title='bbox 2920 5489 3081 5546; x_wconf 89' lang='lat' dir='ltr'>dedit</span> <span class='ocrx_word' id='word_1_927' title='bbox 3108 5488 3272 5547; x_wconf 89' lang='lat' dir='ltr'>vobis</span> <span class='ocrx_word' id='word_1_928' title='bbox 3294 5485 3592 5544; x_wconf 89' lang='lat' dir='ltr'>remissio-</span> 
     </span>
    </p>
   </div>
   <div class='ocr_carea' id='block_1_116' title="bbox 1945 5574 3597 5661">
    <p class='ocr_par' dir='ltr' id='par_1_116' title="bbox 1945 5574 3597 5661">
     <span class='ocr_line' id='line_1_116' title="bbox 1945 5574 3597 5661; baseline -0.008 -16"><span class='ocrx_word' id='word_1_929' title='bbox 1945 5606 2081 5647; x_wconf 90' lang='lat' dir='ltr'>nem</span> <span class='ocrx_word' id='word_1_930' title='bbox 2104 5588 2474 5661; x_wconf 89' lang='lat' dir='ltr'>peccatorum</span> <span class='ocrx_word' id='word_1_931' title='bbox 2506 5583 2564 5635; x_wconf 91' lang='lat' dir='ltr'>et</span> <span class='ocrx_word' id='word_1_932' title='bbox 2586 5579 2701 5635; x_wconf 89' lang='lat' dir='ltr'>alia</span> <span class='ocrx_word' id='word_1_933' title='bbox 2727 5577 3012 5635; x_wconf 79' lang='lat' dir='ltr'>beneficia</span> <span class='ocrx_word' id='word_1_934' title='bbox 3032 5596 3135 5652; x_wconf 93' lang='lat' dir='ltr'>per</span> <span class='ocrx_word' id='word_1_935' title='bbox 3165 5576 3350 5634; x_wconf 87' lang='lat' dir='ltr'>solam</span> <span class='ocrx_word' id='word_1_936' title='bbox 3372 5574 3597 5633; x_wconf 89' lang='lat' dir='ltr'>miseri-</span> 
     </span>
    </p>
   </div>
   <div class='ocr_carea' id='block_1_117' title="bbox 1944 5665 3595 5746">
    <p class='ocr_par' dir='ltr' id='par_1_117' title="bbox 1944 5665 3595 5746">
     <span class='ocr_line' id='line_1_117' title="bbox 1944 5665 3595 5746; baseline -0.009 -9"><span class='ocrx_word' id='word_1_937' title='bbox 1944 5676 2203 5737; x_wconf 78' lang='lat' dir='ltr'>cOrdiam</span> <span class='ocrx_word' id='word_1_938' title='bbox 2228 5686 2420 5745; x_wconf 86' lang='lat' dir='ltr'>suam,</span> <span class='ocrx_word' id='word_1_939' title='bbox 2439 5667 2660 5729; x_wconf 89' lang='lat' dir='ltr'>scilicet</span> <span class='ocrx_word' id='word_1_940' title='bbox 2694 5669 2754 5725; x_wconf 89' lang='lat' dir='ltr'>in</span> <span class='ocrx_word' id='word_1_941' title='bbox 2785 5667 2913 5746; x_wconf 90' lang='lat' dir='ltr'>ipso</span> <span class='ocrx_word' id='word_1_942' title='bbox 2942 5670 3338 5727; x_wconf 88' lang='lat' dir='ltr'>convenerunt</span> <span class='ocrx_word' id='word_1_943' title='bbox 3365 5665 3595 5728; x_wconf 86' lang='lat' dir='ltr'>Novum</span> 
     </span>
    </p>
   </div>
  </div>
