4048 6180
512 346 628 408 487

939 345 1348 405 IIAYMONIS
1380 342 1916 405 llALBERSTAT.
1953 342 2199 405 EPISC.
2230 344 2402 405 OPP.
2436 347 2637 409 PARS
2670 349 2718 408 Ι.
2750 383 2828 393 -
2855 349 3265 410 COMMENT.
3302 351 3483 413 BlBL.

3742 363 3840 424 488

516 483 577 551 et
594 480 776 537 Vetus
796 478 1259 533 Testamentum.
1285 474 1347 531 In
1379 474 1610 531 Christo
1641 478 2036 531 convenerunt
2058 474 2163 530 mi-
2188 474 2246 543 Α
2274 477 2417 536 suis.
2454 478 2516 534 In
2548 479 2717 536 tertia
2746 484 2931 551 parte,
2957 496 3085 552 quas
3117 479 3327 552 incipit
3356 499 3369 539 :
3404 505 3429 533 ι(
3458 484 3597 543 Deus
3623 488 3799 561 iniqui,
3817 515 3841 542 η

518 567 837 629 sericordia
864 571 921 621 et
950 565 1182 633 veritas,
1200 564 1258 619 in
1291 564 1567 620 omnibus
1584 582 1716 622 vero
1738 563 1932 638 ipsum
1952 563 2168 620 Christi

519 661 832 717 adventum
854 654 1326 727 exspectantibus
1358 652 1652 724 «justitia,
1674 657 1731 709 et
1759 671 1871 726 pax
1893 651 2165 709 osculata

511 755 714 819 sunt,»
746 748 804 802 id
836 742 1509 813 est,convenerunt.Nisi
1527 743 1683 798 enim
1707 743 1973 799 Christus
1997 745 2170 802 advc'

516 842 719 912 uisset,
750 838 927 893 homo
960 850 1065 891 nec
1091 833 1390 905 justitiam
1420 832 1663 889 haberet
1702 849 1837 888 cum
1887 834 2024 905 Deo,
2059 852 2164 890 nec

514 945 739 1005 pacem.

584 1019 718 1076 Ideo
739 1018 1135 1074 convenerunt
1165 1011 1658 1081 misericordia,et
1686 1012 1919 1081 veritas,
1927 1011 2163 1085 justitia

512 1113 571 1167 et
619 1125 751 1181 pax,
809 1104 948 1177 quia
999 1125 1027 1154 ‹‹
1058 1102 1270 1158 veritas
1302 1124 1331 1152 ››
1383 1100 1670 1169 Christus,
1708 1123 1736 1151 «
1775 1106 1903 1157 orta
1953 1104 2043 1157 est
2088 1103 2160 1158 de

506 1202 667 1255 terra
687 1218 710 1246 ιι
745 1196 816 1251 de
836 1193 1079 1267 virgine,
1095 1208 1222 1263 qua:
1247 1194 1404 1247 terra
1431 1190 1543 1246 fuit
1570 1190 1887 1259 fructifera,
1913 1213 1940 1242 «
1961 1194 2018 1246 et
2041 1214 2069 1241 ››
2091 1208 2161 1248 ex

511 1286 621 1342 hoc
652 1307 679 1335 ‹‹
698 1282 936 1356 justitia
962 1282 1033 1336 de
1064 1279 1228 1348 caelo,
1260 1302 1289 1329 »
1317 1279 1374 1334 id
1406 1283 1515 1346 est,
1547 1278 1784 1345 homine
1833 1279 2156 1351 Dominico,

509 1372 602 1451 vel
630 1373 702 1429 de
731 1370 894 1441 cmlo,
926 1369 984 1425 id
1016 1373 1127 1436 est,
1160 1367 1496 1425 caelestibus
1523 1368 1901 1437 creaturis,in
1941 1370 2157 1442 quibus

511 1460 653 1521 solis
676 1464 810 1517 ante
821 1459 1134 1515 adventum
1146 1456 1360 1513 Christi
1372 1459 1497 1512 erat
1507 1457 1533 1528 j
1543 1456 1761 1525 ustitia,
1779 1479 1807 1508 ‹‹
1820 1458 2113 1531 prospexit
2130 1482 2157 1509 ››

510 1566 691 1625 super
708 1564 881 1606 omne
901 1545 1192 1604 homines.
1206 1544 1307 1601 Vel
1341 1544 1509 1601 aliter
1531 1563 1545 1601 :
1566 1545 1805 1618 justitia
1823 1550 1881 1602 et
1901 1564 2012 1619 pax
2026 1565 2158 1604 vere

510 1643 652 1701 sunt
679 1636 975 1706 oseulatze,
994 1635 1133 1709 quia
1157 1634 1372 1692 veritas
1401 1639 1490 1691 est
1518 1638 1644 1690 orta
1673 1636 1744 1691 de
1775 1639 1949 1704 terra,
1963 1636 2021 1692 id
2043 1640 2153 1703 est,

508 1730 579 1785 de
610 1744 783 1784 carne
813 1730 1016 1782 nostra
1053 1723 1393 1797 peecatrice,
1426 1723 1648 1780 scilicet
1696 1741 1823 1791 nos,
1854 1725 1955 1798 qui
1990 1727 2155 1799 prius

2277 571 2547 638 precatur
2576 569 2901 624 secundum
2932 587 3001 625 ea
3016 587 3144 642 qua:
3165 574 3298 642 post
3315 571 3617 643 passionem
3636 592 3843 651 sequun-

2273 660 2392 724 tur,
2423 656 2646 714 scilicet
2674 658 2744 713 de
2775 675 2883 712 sua
2911 657 3349 730 gloriﬁcatione.
3372 661 3603 717 Intentio
3645 668 3722 720 est
3760 684 3846 723 nos

2274 745 2516 801 invitare
2536 747 2609 802 ad
2639 748 2947 802 orandum.

2342 837 2663 892 Attendens
2694 840 2890 892 autem
2918 834 3187 892 Christus
3216 852 3278 892 se
3300 838 3604 893 secundum
3626 838 3849 898 humani-

2260 916 2452 981 tatem
2485 942 2599 981 non
2649 941 2820 998 posse
2866 924 3224 998 contingere,
3256 924 3326 981 ad
3373 924 3470 981 Dei
3512 925 3846 1001 altitudinem,

2271 1013 2440 1086 quasi
2470 1014 2742 1070 inﬁrmus
2764 1017 2991 1088 rogaret
3010 1013 3595 1086 medicum,precatur
3618 1015 3852 1085 Deum,ut

2270 1120 2374 1175 per
2421 1102 2884 1160 misericordiam
2934 1102 3362 1159 condescendat
3408 1119 3520 1157 suae
3547 1102 3845 1183 infirmitati,

2269 1193 2354 1248 sic
2385 1192 2584 1248 dicens
2607 1210 2619 1250 :
2647 1215 2675 1244 ‹‹
2698 1188 2940 1261 Inclina,
2965 1191 3232 1258 Domine,
3254 1208 3451 1247 aurem
3471 1195 3621 1248 tuam
3649 1192 3851 1261 mihi,et

2269 1282 2477 1337 exaudi
2510 1298 2660 1351 me,»
2681 1285 2739 1337 et
2764 1299 2910 1354 opus
2930 1285 3018 1337 est
3035 1285 3098 1337 ut
3127 1279 3371 1337 inclines
3392 1304 3419 1332 ‹‹
3444 1282 3699 1353 quoniam
3717 1304 3741 1331 η
3758 1299 3849 1338 non

2267 1386 2508 1442 possum
2540 1388 2633 1427 me
2663 1371 2734 1426 ad
2766 1375 2822 1427 te
2871 1370 3081 1438 levare,
3116 1368 3255 1442 quia
3293 1392 3320 1419 «
3354 1368 3518 1442 inops
3542 1386 3665 1426 sum
3691 1392 3715 1419 η
3741 1371 3852 1443 quia

2267 1479 2334 1518 ex
2364 1477 2458 1517 me
2489 1478 2604 1517 non
2636 1460 2823 1517 habeo
2846 1460 3079 1517 divitias
3110 1459 3290 1532 hujus
3321 1457 3532 1528 saeculi,
3555 1482 3581 1510 α
3603 1463 3655 1515 et
3671 1476 3851 1533 pauper

2265 1567 2399 1608 sum
2428 1566 2555 1624 ego,
2576 1570 2607 1601 ι»
2639 1547 2780 1624 quia
2810 1566 2999 1622 neque
3028 1565 3097 1606 ex
3126 1548 3240 1605 alio
3270 1548 3455 1605 habeo
3487 1547 3700 1604 divitias
3716 1548 3848 1604 istas.

2269 1662 2298 1690 ‹‹
2319 1639 2557 1695 Custodi
2575 1638 2836 1695 animam
2856 1654 3047 1695 meam
3066 1659 3094 1689 »
3119 1655 3156 1694 a
3173 1636 3576 1694 conformitate
3588 1635 3847 1706 malorum,

2264 1732 2323 1784 et
2369 1727 2675 1800 prastendit
2716 1728 3013 1794 meritum,
3047 1728 3249 1783 dicens
3301 1749 3330 1777 «
3360 1726 3624 1800 quoniam
3654 1729 3850 1782 sanctus

506 1817 633 1874 sola
659 1833 810 1872 vana
838 1820 896 1870 et
924 1813 1073 1870 falsa
1104 1813 1486 1882 faciebamus,
1519 1814 1692 1869 modo
1706 1830 2014 1886 operemur
2039 1814 2152 1871 vir-
2181 1844 2231 1910 Β
2264 1833 2419 1885 sum,
2451 1839 2479 1866 ››
2512 1816 2570 1871 id
2602 1820 2711 1883 est,
2742 1815 3028 1873 immunis
3058 1832 3093 1872 a
3122 1819 3362 1887 peccato
3412 1813 3599 1871 saeculi
3634 1817 3686 1870 et
3709 1830 3851 1869 unus-

504 1909 712 1973 tutem,
746 1902 968 1961 scilicet
1022 1901 1454 1959 accusationem
1512 1903 1583 1958 de
1640 1904 1919 1975 peccatis,
1967 1904 2151 1961 Deum
2181 1901 2228 1910 ”
2263 1906 2512 1979 quisque
2532 1904 2720 1962 fidelis
2742 1909 2931 1979 potest
2959 1904 3150 1961 dicere
3170 1921 3276 1977 pro
3300 1904 3470 1960 modo
3490 1921 3611 1971 suo,
3634 1907 3847 1974 sanctus,

503 1994 778 2063 colentes,
812 1991 1003 2049 solum
1028 1993 1262 2063 justum
1311 1995 1647 2063 reputantes
1694 1995 1751 2047 ct
1802 1991 1917 2048 alia
1945 1994 2153 2065 hujus-

505 2084 688 2155 modi,
718 2087 775 2139 et
804 2081 942 2154 quia
964 2081 1269 2136 veritatem
1300 2097 1633 2153 operamus,
1664 2081 1791 2137 ideo
1813 2083 2052 2153 justitia
2081 2084 2151 2140 de

500 2174 646 2235 caelo
676 2170 987 2247 prospexit.

571 2262 803 2320 Etenim
834 2260 1159 2316 secundum
1181 2258 1334 2314 hanc
1355 2260 1704 2315 sententiam
1727 2259 1813 2315 ita
1841 2260 2147 2317 continua-

504 2354 724 2411 bimus.
758 2352 912 2407 Bene
961 2348 1112 2417 dico,
1145 2347 1300 2419 quod
1331 2365 1437 2405 nos
1466 2365 1778 2420 operamur
1823 2350 2145 2421 veritatem,

500 2466 529 2495 ‹‹
562 2440 778 2499 etenim
810 2437 1096 2495 Dominus
1127 2436 1289 2495 dabit
1317 2436 1759 2510 benignitatem,
1788 2461 1815 2488 »
1838 2438 1897 2494 id
1929 2444 2035 2507 est,
2051 2441 2148 2495 fu-

499 2535 671 2588 turus
693 2533 785 2587 est
810 2526 910 2583 ille
939 2542 1045 2599 per
1086 2541 1261 2598 quem
1309 2525 1475 2581 dabit
1503 2526 1945 2600 benignitatem,
1969 2528 2025 2584 id
2059 2534 2148 2585 est

499 2618 785 2693 Spiritum
806 2616 1085 2673 Sanctum
1110 2612 1359 2686 benigne
1372 2630 1479 2669 nos
1495 2614 1656 2670 intus
1676 2616 2147 2689 inspirantem,et

498 2724 601 2782 per
625 2707 736 2763 hoc
763 2705 927 2762 dabit
955 2704 1108 2760 hanc
1129 2702 1725 2776 benignitatem,quia
1755 2728 1783 2756 ‹‹
1813 2709 1986 2775 terra,
2026 2730 2053 2757 ››
2084 2708 2142 2764 id

496 2801 607 2866 est,
637 2795 800 2868 virgo
827 2793 1030 2859 Maria,
1066 2814 1095 2842 «
1119 2792 1342 2860 nostra,
1375 2814 1403 2841 ι»
1432 2792 1489 2847 id
1535 2797 1646 2862 est,
1677 2794 1748 2849 de
1798 2800 1999 2852 nostra
2048 2815 2146 2853 na-

494 2888 650 2954 tura,
683 2906 712 2936 κ
742 2882 907 2939 dabit
934 2882 1191 2937 fructum
1222 2897 1418 2952 suum,
1454 2903 1481 2933 »
1517 2881 1574 2937 id
1596 2886 1704 2951 est,
1729 2882 1913 2939 ﬁlium
1942 2903 2139 2942 suum.

495 2974 584 3030 Ad
614 2973 868 3045 primam
900 2969 1250 3027 sententiam
1294 2970 1377 3026 ita
1423 2971 1803 3027 continuatur
1832 2989 1844 3028 :
1876 2973 2022 3029 Vere
2071 2976 2142 3031 de

494 3066 652 3121 terra
681 3064 808 3117 orta
834 3062 925 3115 est
948 3058 1182 3127 veritas,
1198 3059 1255 3114 id
1276 3060 1383 3128 est,
1398 3058 1683 3129 Christus,
1698 3061 1837 3133 quia
1858 3062 2141 3121 Dominus

495 3151 661 3207 dabit
671 3147 1178 3220 benignitatede
1194 3151 1302 3216 est,
1317 3147 1566 3220 gratiam
1583 3149 1938 3220 aspirantem
1960 3168 2137 3223 quam

498 3254 615 3295 non
643 3238 827 3299 daret,
860 3236 975 3292 nisi
1025 3253 1130 3309 per
1174 3234 1494 3305 Christum,
1527 3240 1585 3291 et
1627 3241 1782 3292 terra
1829 3243 2046 3309 nostra,
2079 3241 2139 3297 id

492 3331 605 3394 est,
622 3342 754 3383 caro
774 3325 1054 3393 humana,
1073 3325 1330 3397 aspirata
1344 3323 1446 3378 illa
1466 3324 1825 3396 benignitate
1850 3326 2143 3398 Dei,dabit

495 3417 751 3473 fructum
783 3431 983 3486 suum,
1016 3414 1074 3468 id
1102 3416 1191 3468 est
1215 3412 1369 3467 bona
1396 3428 1590 3484 opera.

562 3507 632 3562 Et
661 3524 689 3557 ‹‹
723 3503 961 3576 justitia
989 3523 1018 3553 »
1053 3503 1254 3556 nostra
1305 3520 1333 3550 «
1364 3504 1501 3556 ante
1540 3518 1676 3557 eum
1726 3500 2072 3569 ambulabit,
2106 3529 2134 3556 »ι

491 3594 722 3669 parabit
748 3592 903 3647 viam
934 3606 1053 3662 qua
1083 3588 1238 3644 Deus
1272 3587 1332 3644 in
1364 3605 1472 3644 nos
1502 3589 1835 3646 descendat.
1869 3591 1969 3647 Vel
2003 3599 2138 3650 ante

490 3700 648 3752 eum,
670 3681 727 3736 id
761 3683 871 3749 est,
902 3678 963 3734 in
996 3676 1359 3751 beneplacito
1404 3678 1553 3750 ejus,
1591 3700 1619 3729 «
1650 3683 1707 3735 et
1754 3684 1931 3752 ponet
1952 3703 1978 3731 ››
2015 3682 2137 3754 ipse

492 3774 665 3840 Deus,
682 3793 709 3821 «
734 3769 793 3825 in
810 3767 903 3825 via
929 3790 957 3818 ››
980 3767 1269 3841 quaimus
1291 3766 1360 3821 ad
1378 3782 1534 3835 eum,
1550 3790 1577 3817 «
1598 3783 1837 3838 gressus
1859 3786 2055 3839 suos,»
2080 3771 2137 3827 id

488 3857 980 3933 est,operationes
1010 3873 1171 3923 suas,
1192 3854 1416 3912 scilicet
1446 3853 1613 3910 multi
1624 3854 1860 3928 plicabit
1887 3859 2137 3931 gratiam

489 3965 659 4006 suam
688 3948 749 4002 in
780 3947 970 4003 nobis.
991 3945 1096 4001 Vel
1126 3945 1253 4018 ipse
1277 3944 1478 4015 justus
1506 3944 1681 4001 homo
1704 3946 1871 4017 ponit
1897 3964 2137 4021 gressus

489 4035 728 4101 suos,id
759 4033 1279 4105 est,0perationes;
1307 4033 1366 4088 in
1395 4032 1580 4100 via,id
1610 4038 1720 4101 est,
1744 4034 1805 4089 in
1834 4037 2138 4110 praeceptis

490 4122 616 4190 Dei,
648 4125 715 4177 ut
770 4120 1093 4176 secundum
1144 4124 1434 4192 praecepta
1473 4120 1575 4176 Dei
1622 4127 1910 4194 operetur.
1941 4124 2043 4181 Vel
2076 4126 2137 4181 in

488 4209 606 4276 via,
637 4208 697 4264 id
729 4211 838 4276 est,
873 4207 933 4263 in
981 4206 1230 4274 Christo,
1254 4210 1320 4263 ut
1364 4208 1438 4263 ad
1485 4208 1875 4265 imitationem
1923 4212 2137 4270 Christi

488 4300 779 4372 Operam“
934 4364 1007 4426 1N
1051 4364 1399 4423 PSALMUM
1441 4364 1695 4422 Lxxxv.

964 4456 1240 4514 Trruws.
1266 4452 1449 4512 Oratio
1470 4455 1661 4512 David.

2263 1996 2320 2050 id
2350 1999 2459 2060 est,
2493 1994 2894 2051 sanetiiicatus
2924 2011 3078 2050 sum.
3114 1993 3279 2050 Unde
3310 1992 3451 2050 dicit
3492 1991 3843 2067 Augustinus;

2262 2083 2544 2156 Injuriam
2591 2083 2782 2140 ﬁdelis
2827 2084 2954 2155 jam
3005 2083 3141 2138 facit
3184 2082 3438 2151 Christo,
3468 2082 3565 2156 qui
3611 2099 3711 2137 non
3737 2080 3846 2135 dicit

2260 2179 2498 2231 sanctus
2527 2190 2682 2241 sum,
2714 2196 2741 2222 «
2776 2177 2833 2228 et
2861 2172 3088 2228 salvum
3120 2172 3228 2240 fac,
3263 2194 3294 2221 »ι
3329 2172 3388 2227 id
3418 2177 3523 2239 est,
3542 2186 3848 2244 perseveran-

2258 2267 2346 2319 ter
2375 2262 2672 2319 custodias
2705 2277 2982 2317 «servum
3012 2265 3183 2316 tuum
3212 2282 3238 2310 ››
3270 2277 3450 2334 quem
3466 2260 3632 2317 debes
3649 2258 3846 2325 salvere,

2256 2352 2535 2426 quoniam
2566 2368 2767 2407 servus
2795 2354 2935 2407 tuus
2964 2367 3120 2419 snm,
3140 2348 3349 2407 «Deus
3378 2366 3558 2418 meus,
3572 2351 3846 2422 sperantem

2255 2440 2314 2497 in
2349 2446 2424 2510 te,
2461 2463 2488 2489 ››
2521 2456 2637 2495 non
2669 2439 2727 2494 in
2761 2438 3099 2495 mundanis.

2327 2530 2656 2603 Propterea,
2690 2528 2832 2601 quia
2871 2526 2988 2583 dixi
3040 2527 3217 2584 debes
3267 2528 3580 2596 custodire,
3608 2529 3660 2581 et
3708 2524 3845 2580 etiam

2255 2622 2492 2691 propter
2517 2616 2649 2684 hoc,
2684 2615 2822 2687 quia
2854 2616 2911 2669 in
2943 2618 2999 2669 te
3027 2613 3154 2687 ipso
3184 2613 3374 2671 habes
3421 2610 3844 2674 miscricordiam,

2252 2707 2447 2762 ethoc
2490 2709 2580 2762 est
2626 2726 2656 2755 «
2686 2704 2961 2760 miserere
3007 2703 3145 2773 mei,
3173 2702 3445 2770 Domine,
3482 2726 3507 2751 ›ι
3558 2702 3610 2757 id
3654 2704 3745 2768 est,
3770 2714 3848 2771 per

2252 2802 2419 2852 tuam
2450 2792 2917 2850 misericordiam
2942 2791 3116 2847 visita
3137 2807 3251 2860 me,
3287 2796 3351 2848 et
3374 2790 3510 2865 quia
3538 2790 3639 2846 scit
3657 2786 3845 2844 miseri-

2251 2884 2509 2941 cordiam
2530 2882 2632 2939 Dei
2651 2898 2766 2937 non
2778 2897 2906 2936 esse
2918 2881 3172 2936 dandam
3188 2874 3846 2954 negligentibus,ostendit

2251 2993 2314 3032 se
2344 2975 2644 3042 idoneum,
2675 2971 2774 3044 qui
2835 2969 2935 3026 illa
2983 2970 3265 3026 debeatur
3317 2966 3710 3047 misericordia,
3738 2978 3839 3020 cum

2249 3064 2413 3131 dicit,
2448 3085 2475 3115 «
2509 3059 2787 3135 quoniam
2817 3058 2889 3115 ad
2919 3062 2976 3115 te
3007 3057 3249 3114 clamavi
3285 3062 3412 3115 tota
3439 3057 3569 3114 die»
3597 3055 3839 3118 miserere,

2249 3159 2308 3210 et
2340 3152 2652 3208 «laetiﬁca»
2683 3150 2753 3206 de
2770 3167 2873 3221 spe
2902 3153 3127 3204 aiternze
3160 3148 3567 3215 beatitudinis,
3590 3146 3838 3201 «animam

2169 3210 2212 3276 Ο
2249 3242 2398 3299 servi
2419 3239 2568 3308 tui,»
2597 3238 2875 3312 quoniam
2897 3238 2970 3293 ad
3001 3236 3668 3307 te,Domine,«animam
3691 3246 3839 3288 meam

2247 3330 2449 3398 levavi,
2472 3350 2502 3380 ››
2534 3327 2677 3400 quia
2703 3343 2832 3383 eam
2864 3344 2979 3384 non
3010 3325 3272 3399 depressi
3311 3326 3373 3383 in
3404 3326 3530 3383 istis
3559 3320 3839 3384 mundanis,

2247 3420 2348 3475 sed
2379 3418 2451 3474 ad
2482 3421 2539 3474 te
2569 3415 2759 3473 solum
2789 3415 2968 3472 erexi.

2319 3508 2452 3564 Ideo
2482 3507 2553 3562 ad
2584 3510 2642 3562 te
2670 3504 2872 3573 levavi,
2898 3528 2926 3555 ‹‹
2963 3505 3241 3577 quoniam
3275 3504 3627 3577 tu,Domine,
3642 3498 3802 3557 suavis
3820 3519 3840 3544 »

2245 3614 2307 3653 es
2324 3593 2701 3669 gustantibus
2718 3598 2793 3662 te,
2809 3617 2836 3643 α
2863 3598 2921 3649 et
2949 3592 3109 3649 mitis
3129 3617 3156 3644 ››
3177 3594 3529 3651 sustinendo
3543 3593 3839 3666 peccatores,

2248 3692 2314 3743 ut
2344 3688 2774 3751 convertantur,
2811 3705 2839 3733 ‹‹
2868 3688 2928 3739 et
2959 3707 2980 3735 ι
3004 3682 3180 3740 etiam
3210 3706 3238 3732 ‹‹
3275 3683 3496 3751 multa,
3522 3706 3546 3734 ››
3572 3682 3626 3737 id
3653 3684 3744 3746 est,
3770 3676 3841 3731 in-

2244 3775 2420 3830 finita:
2469 3796 2497 3825 ‹‹
2528 3771 2938 3828 misericordias
2996 3771 3274 3828 omnibus
3331 3771 3716 3829 invocantibus
3741 3770 3784 3822 te
3816 3786 3837 3812 ι»

2246 3863 2385 3937 quia
2413 3863 2497 3918 eis
2529 3860 2715 3917 multa
2744 3861 2898 3917 bona
2918 3860 3176 3917 exhibes.

2316 3954 2385 4008 Et
2414 3952 2554 4025 quia
2586 3951 2920 4007 misericors
2948 3967 3036 4024 es,
3064 3950 3196 4007 ideo
3226 3968 3351 4008 non
3381 3956 3604 4009 tantum
3649 3952 3761 4022 peto
3793 3948 3841 3999 ut

2247 4041 2545 4108 exaudias,
2560 4041 2661 4097 sed
2692 4040 2871 4097 etiam
2906 4061 2936 4091 «
2967 4038 3213 4097 auribus
3241 4042 3545 4114 percipe,»
3574 4039 3629 4095 id
3656 4041 3748 4104 est,
3774 4033 3842 4088 lir-

2252 4131 2424 4187 miter
2480 4130 2727 4186 reconde
2775 4128 3069 4185 memoriae
3126 4152 3155 4179 α
3198 4129 3526 4187 orationem
3579 4141 3767 4195 meam,
3801 4126 3845 4177 et

2247 4220 2487 4277 intende
2516 4218 2640 4275 voci
2689 4217 3117 4290 deprecationis
3162 4233 3308 4276 mea)
3340 4241 3370 4271 »ι
3395 4219 3466 4275 de
3510 4212 3671 4275 malis
3695 4226 3841 4270 remo-

2243 4309 2467 4367 vendis.

2317 4398 2389 4455 Et
2430 4397 2607 4454 debes
2656 4395 2977 4466 intendere,
3010 4396 3150 4469 quia
3193 4417 3223 4447 ‹‹
3254 4396 3317 4453 in
3366 4396 3461 4454 die
3502 4386 3843 4453 tribulationis

2246 4504 2385 4544 mea:
2408 4508 2437 4539 »
2461 4487 2520 4541 in
2538 4490 2797 4558 tempore
2817 4501 2957 4542 mea:
2975 4483 3197 4540 militia:
3225 4507 3252 4535 ‹‹
3277 4485 3524 4543 clamavi
3548 4484 3617 4541 ad
3636 4488 3713 4549 te;
3733 4475 3840 4551 quia

561 4588 589 4616 ‹‹
626 4564 867 4637 Inclina,
884 4563 1149 4621 Domine.
1176 4586 1204 4613 ››
1240 4561 1508 4618 Psalmus
1540 4562 1649 4619 iste
1670 4569 1909 4622 vocatur
1938 4570 2145 4650 oratio,
2173 4580 2222 4645 Ι)
2252 4575 2536 4633 exaudisti
2570 4590 2682 4630 me.
2718 4595 2744 4623 ››
2779 4573 2903 4629 Non
2934 4573 3092 4629 enim
3123 4572 3418 4640 Christus,
3451 4572 3550 4646 qui
3569 4567 3733 4629 semel
3767 4581 3839 4621 ex-

490 4652 629 4725 quia
659 4658 717 4709 et
748 4670 848 4725 per
869 4657 1055 4709 totum
1074 4650 1286 4724 psalmi
1309 4654 1640 4706 contextum
1665 4654 1987 4712 orationem
2011 4675 2140 4716 con-

489 4740 654 4809 tinet,
670 4746 729 4796 et
750 4742 820 4798 ad
835 4742 1122 4797 orandum
1153 4757 1260 4795 nos
1291 4744 1507 4794 monet.
1529 4739 1724 4796 Voluit
1754 4742 1908 4800 enim
1937 4746 2132 4804 Domi-

490 4845 602 4884 nus
631 4829 807 4886 Jesus
836 4845 1020 4893 orare,
1058 4833 1118 4883 ut
1149 4828 1317 4883 nobis
1353 4828 1410 4881 in
1462 4844 1523 4882 se
1564 4829 1912 4902 relinqueret
1939 4852 2131 4894 exem-

488 4916 651 4990 plum
686 4918 888 4973 orandi
924 4934 936 4972 :
973 4917 1121 4989 fugit
1151 4917 1326 4972 etiam
1376 4921 1442 4972 ut
1483 4918 1537 4971 in
1590 4919 1698 4975 hoc
1742 4922 1910 4978 nobis
1969 4927 2133 4983 daret

486 5006 817 5079 exemplum
852 5006 1136 5078 fugiendae
1167 5010 1641 5078 prmsumptuosa:
1693 5011 1898 5067 mortis
1943 5019 2000 5070 et
2045 5018 2128 5070 te-

488 5095 769 5164 merariis,
794 5112 922 5168 qua:
954 5095 1137 5151 oratio
1169 5095 1512 5150 attribuitur
1541 5114 1672 5152 vero
1692 5098 2131 5171 David,scilicet

486 5183 736 5251 Christo,
760 5186 861 5257 qui
904 5184 1164 5257 loquitur
1210 5183 1269 5238 in
1318 5184 1426 5240 hoc
1474 5184 1720 5257 psalmo.
1758 5188 2000 5246 Materia
2042 5195 2132 5248 est

487 5272 756 5329 Christus
785 5273 909 5346 ipse
934 5272 1181 5345 patiens.
1216 5273 1524 5329 Modus.In
1554 5275 1745 5346 prima
1771 5281 1951 5348 parte,
1987 5280 2132 5349 petit

488 5359 598 5415 sibi
617 5365 751 5418 ante
772 5367 1005 5434 tempus
1026 5362 1336 5434 passionis,
1352 5362 1572 5418 scilicet
1592 5365 1820 5421 utDeus
1840 5367 2131 5423 custodiat

488 5462 623 5502 eum
648 5449 705 5504 in
736 5454 996 5523 tempore
1023 5468 1140 5507 suae
1162 5450 1495 5523 militiae,ne
1527 5451 1747 5508 inimici
1782 5454 1874 5509 sui
1904 5456 2132 5527 possint

488 5550 624 5591 eum
645 5536 755 5591 sibi
778 5538 972 5611 aliquo
989 5540 1162 5594 modo
1184 5540 1568 5597 conformare.
1584 5540 1647 5596 In
1666 5543 1925 5599 secunda
1942 5550 2127 5617 parte,

487 5638 615 5701 quae
628 5622 857 5698 incipit:
873 5627 1105 5683 «Deduc
1117 5627 1538 5699 me,Domine,»
1550 5632 2013 5702 precaturDeum
2025 5651 2128 5709 pro

2250 4662 2616 4728 audiebatur,
2650 4659 2866 4716 dubius
2895 4664 3020 4717 erat
3049 4661 3120 4717 de
3150 4652 3523 4718 exauditione
3551 4676 3657 4716 non
3687 4656 3841 4730 potest

2242 4751 2429 4806 dicere
2459 4750 2589 4821 hoc,
2622 4748 2734 4805 nisi
2767 4754 3028 4817 sanctus,
3060 4749 3215 4821 quod
3244 4748 3479 4819 clamet,
3495 4749 3627 4821 quia
3652 4738 3842 4801 exaudi-

2240 4846 2354 4905 tur,
2376 4839 2473 4894 sed
2500 4838 2693 4910 potius
2715 4836 2930 4892 clamat
2959 4841 3024 4891 ut
3048 4838 3571 4893 exaudiatur.Cum
3619 4832 3840 4891 Christus

2241 4929 2395 4984 dicat
2426 4944 2488 4982 se
2521 4928 2579 4981 in
2610 4925 2986 4981 tribulatione
3035 4912 3339 4996 clamasse,
3364 4926 3558 4982 innuit
3603 4920 3768 4985 nobis,
3794 4915 3839 4969 in

2240 5015 2611 5071 tribulatione
2643 5014 2893 5069 maxime
2923 5015 2994 5069 ad
3026 5014 3210 5070 Deum
3241 5030 3370 5070 esse
3401 5010 3770 5070 clamandum.

2312 5127 2339 5155 «
2372 5104 2497 5159 Non
2527 5108 2615 5159 est
2646 5102 2878 5170 similis,
2899 5126 2925 5153 ››
2961 5106 3018 5159 et
3050 5104 3257 5160 merito
3280 5102 3470 5160 clamo
3492 5102 3562 5158 ad
3583 5095 3839 5169 te,qui8,0

2239 5217 2265 5241 ‹‹
2303 5194 2566 5260 Domine,
2596 5193 2653 5247 in
2688 5191 2799 5247 diis
2828 5214 2856 5242 »
2894 5192 3039 5261 suis,
3072 5192 3190 5250 sive
3222 5193 3281 5249 in
3319 5191 3651 5266 potentibus
3695 5184 3840 5254 hujus

2239 5280 2455 5349 saeculi,
2475 5282 2593 5337 sive
2615 5281 2673 5336 in
2695 5280 3030 5336 ccelestibus
3053 5282 3357 5351 creaturis,
3374 5299 3492 5338 non
3514 5284 3636 5337 est»
3663 5269 3838 5345 aliquis

2241 5393 2269 5420 ‹‹
2300 5370 2510 5427 similis
2533 5370 2615 5425 tui
2637 5394 2663 5421 ››
2691 5370 2749 5424 ἱιι
2780 5370 3057 5440 essentia,
3092 5392 3120 5422 «
3153 5375 3211 5428 et
3262 5388 3375 5427 non
3423 5374 3513 5428 est
3558 5362 3838 5424 secundam

2238 5477 2413 5532 opera
2443 5465 2564 5530 tua,
2597 5483 2625 5511 »ι
2661 5460 2800 5531 quia
2846 5476 3016 5516 nemo
3063 5465 3259 5532 potest
3305 5462 3491 5516 facere
3536 5474 3602 5513 ea
3646 5467 3757 5526 qua:
3788 5452 3838 5500 ιιι

2238 5548 2401 5606 facis.

2306 5638 2451 5696 Vere
2473 5654 2589 5696 non
2619 5641 2709 5695 est
2751 5635 2965 5711 aliquis
3015 5640 3338 5697 secundum
3385 5652 3561 5718 opera
3586 5637 3700 5705 tua,
3725 5622 3840 5700 ιιυίι
