4048 6180
283 316 401 375 489

1471 307 1962 369 EXPLANATIO
2008 309 2083 368 IN
2126 309 2508 373 PSALMOS.

3460 283 3691 378 "490

278 469 305 496 «ι
334 442 770 500 omnesGentcs
790 456 1173 513 quascunque
1195 438 1438 509 fecisti,»
1457 440 1513 495 id
1536 440 1831 513 est,aliqui
1854 441 1925 496 de
1953 443 2007 508 Α
2039 454 2151 509 me,
2188 466 2217 491 »
2244 442 2301 498 id
2335 449 2443 512 est,
2459 445 2693 500 attende
2726 445 3024 514 meritum,
3050 468 3077 495 «
3112 445 3169 501 et
3199 446 3477 504 miserere
3510 447 3624 502 mei
3659 456 3691 496 τι

275 533 441 591 omni
463 537 656 605 gente,
682 554 709 581 «
740 531 975 587 venient
1008 553 1034 578 ››
1066 542 1169 602 per
1198 530 1369 585 ﬁdem
1401 553 1428 579 ‹‹
1460 537 1518 585 et
1538 531 1867 585 adorabunt
1900 554 1927 580 »

278 616 339 679 id
370 627 487 691 est,
515 620 967 687 venerabuntur,
992 623 1048 675 et
1077 618 1184 674 hoc
1216 641 1244 668 «
1278 636 1470 674 coram
1505 624 1579 687 te,
1604 619 1870 687 Domine,
1902 643 1927 668 ››

282 712 337 767 id
370 711 559 777 est,in
590 706 953 781 beneplacito
985 711 1151 775 tuo,«
1185 711 1243 764 et
1272 706 1684 780 gloriﬁcabunt
1714 724 1927 763 nomen

279 804 471 869 tuum,
491 822 519 848 ››
549 798 607 853 id
629 802 810 865 est,te
832 795 1273 863 nominabilem,
1288 796 1345 852 id
1376 800 1484 864 est,
1501 813 1614 851 non
1638 802 1924 869 quantum

279 889 349 944 ad
384 892 460 955 te,
493 884 632 959 quia
665 902 777 939 non
809 888 973 957 potes
1016 883 1215 956 augeri
1263 901 1369 939 nec
1417 883 1624 951 minui,
1659 885 1757 940 sed
1790 902 1926 940 cum

280 976 409 1033 aliis
442 974 846 1049 praedicabunt
877 977 953 1042 te,
986 974 1313 1029 necessario
1343 972 1663 1045 gloriosum
1712 991 1924 1045 cogno-

278 1062 463 1123 scent.

345 1155 414 1211 Et
445 1154 595 1209 bene
619 1152 835 1208 debent
864 1152 1106 1207 adorare
1136 1154 1194 1206 et
1219 1150 1570 1223 gloriﬁcare,
1592 1175 1619 1201 ‹‹
1645 1150 1923 1223 quoniam

278 1259 532 1314 magnus
560 1258 624 1298 es
653 1246 740 1311 tu,
756 1263 783 1289 »
812 1238 1427 1312 incomprehensibilis
1456 1238 1698 1304 scilicet,
1721 1243 1778 1294 et
1807 1255 1926 1293 om-

274 1335 568 1407 nipotens,
601 1355 631 1382 ‹‹
663 1336 722 1387 et
750 1335 813 1385 tu
844 1329 1008 1386 solus
1039 1329 1194 1386 Deus
1222 1329 1544 1397 es,faciens
1574 1327 1923 1397 mirabilia,»

275 1423 412 1496 quia
440 1422 495 1477 si
524 1419 624 1477 alii
654 1419 899 1488 faciunt,
930 1434 1032 1491 per
1060 1422 1116 1473 te
1145 1416 1386 1473 faciunt.

341 1533 370 1561 «
406 1510 627 1568 Deduc.
667 1530 695 1558 ››
730 1508 870 1564 Pars
895 1507 1174 1564 secunda.
1207 1508 1277 1562 Et
1305 1506 1445 1579 quia
1474 1510 1595 1562 tam
1628 1508 1816 1562 bonus
1836 1523 1919 1574 es,

270 1600 421 1669 ideo,
444 1616 482 1656 ο
511 1620 541 1649 ιι
574 1586 839 1665 Domine,
863 1596 1052 1652 deduc
1083 1612 1233 1667 me,»
1264 1595 1323 1651 id
1352 1601 1462 1664 est,
1487 1612 1669 1664 meos,
1695 1619 1721 1646 ‹‹
1747 1596 1807 1650 in
1830 1594 1924 1650 via

271 1695 430 1758 tua,»
455 1687 518 1744 id
545 1691 657 1756 est,
672 1687 731 1741 in
764 1686 1068 1759 prmoeptis
1086 1684 1223 1754 tuis,
1248 1708 1276 1735 «
1301 1688 1358 1740 et
1378 1708 1404 1734 »
1435 1701 1541 1757 ego
1560 1684 1786 1757 positus
1809 1706 1835 1734 ‹‹
1859 1683 1919 1739 in

265 1778 511 1834 veritate
530 1780 633 1832 tua
663 1774 959 1849 ingrediar
992 1797 1019 1824 ››
1049 1775 1121 1829 de
1151 1774 1366 1830 virtute
1394 1774 1451 1828 in
1481 1773 1775 1830 virtutem.
1792 1772 1921 1829 Alia

264 1865 578 1923 translatio
608 1864 786 1921 habet
803 1887 832 1915 «
857 1862 1096 1920 ambulo
1129 1880 1141 1918 :
1178 1885 1207 1912 ››
1229 1864 1311 1919 ita
1338 1863 1651 1935 ingrediar,
1676 1867 1742 1919 ut
1771 1885 1798 1913 ‹‹
1818 1879 1919 1919 cor

262 1964 491 2023 meum,
510 1978 539 2004 »
568 1954 629 2010 id
659 1958 771 2020 est,
784 1968 1049 2009 meorum
1075 1975 1103 2003 «
1127 1952 1404 2009 laetetur»
1436 1953 1507 2008 de
1529 1968 1631 2025 spe
1652 1968 1919 2008 remune-

260 2044 533 2114 rationis,
568 2047 634 2100 ut
664 2046 900 2116 propter
928 2042 1038 2098 hoc
1070 2066 1097 2092 «
1129 2042 1351 2111 timeat,
1389 2064 1418 2091 ››
1449 2041 1506 2097 id
1556 2044 1664 2109 est,
1688 2040 1914 2113 diligat,

256 2153 287 2184 α
319 2146 545 2191 nomen
575 2137 747 2188 tuum
773 2148 787 2187 :
814 2153 842 2180 ››
864 2130 1013 2199 aliis,
1028 2135 1095 2186 ut
1121 2131 1386 2201 timeant,
1407 2147 1523 2187 non
1544 2131 1763 2186 dantur
1780 2146 1917 2203 gau-

252 2224 378 2293 dia,
395 2220 504 2279 sed
535 2212 798 2279 adversa.
814 2221 885 2276 Et
913 2218 963 2276 si
987 2219 1202 2275 dixeris
1226 2237 1238 2275 :
1266 2243 1293 2269 ‹‹
1316 2219 1650 2275 Conﬂtebor
1669 2219 1833 2291 tibi,»
1854 2218 1914 2275 id

249 2317 373 2382 est,
391 2308 728 2367 laudabunt
754 2312 811 2364 te
840 2307 976 2376 mei,
999 2306 1287 2363 «Domine
1318 2306 1472 2363 Deus
1504 2322 1692 2374 meus,
1710 2304 1771 2360 in
1794 2308 1915 2361 toto

246 2401 439 2458 corde
471 2407 670 2466 meo,»
699 2396 758 2453 id
786 2400 897 2465 est,
929 2411 1220 2463 meorum,
1250 2396 1390 2468 quia
1417 2412 1517 2451 cor
1544 2410 1791 2451 vacuum
1841 2393 1914 2450 ab

244 2489 547 2547 omnibus
591 2486 724 2543 aliis
772 2485 1005 2542 vacabit
1051 2484 1422 2541 solummodo
1471 2488 1586 2539 tuae
1617 2483 1775 2539 laudi
1812 2499 1826 2538 :
1859 2486 1917 2539 et

244 2596 379 2635 non
411 2580 650 2634 tantum
682 2574 1119 2632 confitebuntur
1132 2574 1247 2629 mei
1279 2573 1338 2628 in
1369 2573 1718 2645 seipsis,sed
1739 2572 1914 2627 etiam

241 2666 601 2724 laudabunt
628 2670 687 2721 te
714 2664 869 2737 apud
900 2663 1078 2731 alios;
1112 2666 1170 2719 et
1217 2662 1326 2718 hoc
1373 2666 1481 2730 est,
1514 2684 1541 2709 ‹‹
1577 2660 1916 2733 gloriﬁcabo

246 2770 481 2812 nomen
510 2758 682 2811 tuum
712 2753 773 2810 in
803 2752 1107 2809 aeternum.
1144 2774 1172 2800 »

326 2845 475 2901 Ideo
503 2843 722 2900 debent
749 2836 1095 2915 glorificare,
1128 2863 1157 2890 «
1192 2840 1331 2912 quia
1369 2839 1769 2895 misericordia
1816 2843 1920 2894 tua

248 2948 488 3006 magna
515 2935 608 2988 est
625 2945 802 3003 super
830 2942 943 2997 me,
980 2950 1008 2977 η
1039 2928 1098 2984 id
1130 2932 1238 2996 est,
1272 2944 1450 3000 super
1494 2944 1657 2983 meos
1690 2944 1704 2981 :
1738 2950 1765 2976 «
1800 2931 1859 2982 et
1890 2948 1917 2975 »

248 3022 417 3090 ideo,
448 3019 592 3094 quia
618 3040 650 3070 κ
680 3014 887 3075 eruisti
919 3016 1177 3074 animam
1210 3032 1400 3072 meam
1430 3033 1499 3072 ex
1529 3016 1919 3071 infernoinfe-

252 3110 426 3166 riori.
440 3106 780 3167 nAbraham
801 3104 861 3163 et
884 3105 1180 3179 Propheta
1204 3110 1337 3161 ante
1364 3105 1680 3161 adventum
1702 3104 1919 3160 Christi

2036 536 2140 601 per
2188 531 2649 588 misericordiam
2694 536 2856 588 tuam
2901 532 3305 590 resuscitando
3363 551 3478 603 me,
3509 537 3567 590 et
3605 532 3691 591 sic

2035 640 2063 668 ‹‹
2099 620 2175 674 da
2208 643 2234 669 ››
2267 620 2409 675 mihi
2432 638 2657 693 «puero
2688 626 2854 688 tuo,»
2886 621 2943 677 id
2976 625 3086 690 est,
3119 621 3323 677 devoto
3346 637 3449 695 per
3466 620 3684 692 omnia,

2036 706 2402 781 «imperium
2437 713 2630 777 tuum,
2668 733 2695 761 »
2728 711 2783 767 id
2809 714 2901 767 est
2931 711 3189 784 regimen
3224 710 3283 766 in
3313 709 3608 785 gentibus,
3631 716 3690 768 et

2034 796 2274 865 Judaeis,
2310 821 2339 848 «
2375 802 2433 854 et
2463 799 2692 855 salvum
2723 800 2812 856 fac
2842 822 2869 850 ››
2920 815 3034 867 me,
3067 798 3448 856 custodiendo
3495 816 3689 873 perse-

2032 889 2302 941 veranter
2343 887 2658 960 imperium
2710 889 2861 961 quod
2904 886 3186 955 conteres,
3222 888 3411 953 filium
3460 887 3684 945 ancillae

2033 976 2166 1043 tua},
2190 975 2242 1029 id
2275 979 2382 1044 est,
2416 975 2661 1047 virginis
2695 976 2911 1045 Mariae,
2938 994 3068 1049 quae
3099 976 3279 1031 dixit:
3306 976 3447 1031 Ecce
3469 976 3683 1032 ancilla

2033 1061 2285 1131 Domini,
2321 1063 2422 1118 fiat
2450 1062 2596 1118 mihi
2626 1064 2950 1119 secundum
2991 1064 3231 1120 verbum
3280 1066 3472 1119 tuum.
3506 1084 3535 1115 ‹‹
3572 1064 3681 1121 Fac

2033 1167 2325 1221 mecum,»
2357 1152 2432 1207 da
2461 1151 2605 1207 mihi
2634 1151 3172 1225 imperium,et'quo
3194 1151 3338 1207 illud
3361 1150 3676 1220 obtineam,

2031 1240 2121 1296 fac
2144 1245 2438 1307 votum,et
2468 1241 2577 1297 hoc
2606 1245 2714 1309 est,
2749 1242 2837 1297 fac
2870 1264 2898 1292 »
2922 1242 3159 1315 signum
3185 1263 3212 1291 »
3256 1239 3491 1313 aliquod
3534 1240 3679 1296 insi-

2031 1343 2143 1401 gne
2175 1328 2415 1397 factum,
2448 1329 2626 1385 veluti
2658 1330 3241 1400 resurrectionem,et
3268 1328 3378 1385 hoc
3420 1344 3676 1398 mecum,

2031 1416 2170 1488 quia
2199 1432 2305 1489 ego
2335 1406 2721 1489 promerendo
2754 1420 2825 1474 ad
2860 1417 2971 1474 hoc
2992 1423 3281 1492 quantum
3304 1421 3504 1492 potero
3524 1415 3681 1474 labo-

2031 1505 2366 1574 ro,etdebes
2392 1507 2744 1578 facere,quia
2762 1507 2872 1563 hoc
2893 1510 3027 1580 peto
3049 1507 3151 1561 «in
3173 1508 3437 1563 bonum»
3455 1504 3681 1563 scilicet

2031 1596 2095 1649 ut
2123 1594 2263 1649 inde
2289 1594 2533 1664 bonum,
2564 1594 2622 1651 id
2673 1599 2780 1665 est,
2813 1596 2976 1652 salus
3005 1594 3229 1651 eveniat
3275 1593 3569 1669 gentibus,
3602 1592 3675 1650 ad

2028 1682 2138 1738 hoc
2169 1682 2257 1738 fac
2286 1682 2545 1755 signum,
2580 1707 2608 1734 «
2643 1688 2709 1739 ut
2760 1684 3014 1757 videant,
3048 1702 3077 1733 η
3106 1684 3165 1740 id
3212 1684 3321 1755 est,
3346 1669 3678 1756 intelligant

2030 1789 2061 1823 (ι
2091 1771 2190 1844 qui
2221 1772 2470 1827 oderunt
2490 1789 2603 1842 me,
2618 1775 2675 1829 et
2690 1772 3184 1842 confundantur,»
3205 1758 3597 1851 intelligentes
3612 1772 3675 1828 se

2026 1860 2182 1916 mala
2210 1859 2544 1933 egisse,hoc
2573 1861 2798 1918 scilicet
2826 1861 3078 1931 videant,
3097 1884 3125 1912 »
3158 1859 3297 1934 quia
3312 1860 3672 1933 tu,Domine,

2025 1948 2301 2021 a‘djuvisti
2328 1964 2420 2005 me
2451 1972 2480 2000 «
2514 1949 2573 2005 in
2619 1949 3040 2007 certaminibus
3088 1967 3217 2023 qua:
3248 1947 3428 2006 habui
3472 1948 3674 2006 contra

2024 2054 2143 2106 eos,
2175 2060 2204 2087 «
2236 2040 2293 2092 et
2321 2038 2657 2093 consolatus
2686 2055 2748 2094 es
2778 2054 2873 2094 me
2904 2060 2931 2088 »ι
2977 2039 3039 2093 in
3083 2037 3375 2111 passione,
3407 2035 3547 2109 quia
3587 2036 3673 2091 vi-

2023 2126 2228 2181 dentes
2257 2116 2391 2181 éum
2422 2143 2745 2201 resurgere,
2776 2130 3173 2200 cognoverunt
3197 2142 3335 2184 eum
3373 2126 3560 2182 Deum
3609 2122 3671 2179 in

2024 2215 2297 2286 passione
2322 2214 2524 2272 fuisse.

2461 2375 2533 2432 IN
2572 2376 2919 2433 PSALMUM
2961 2374 3242 2435 LXXXVI.

2264 2518 2535 2575 Trruws.
2570 2519 2826 2575 Psalmus
2854 2521 3056 2576 cantici
3070 2520 3207 2591 ﬁlii:
3233 2518 3422 2575 Chore.

2098 2683 2125 2710 ‹‹
2160 2660 2584 2716 Fundamenta.
2622 2683 2649 2710 ››
2678 2660 2947 2717 Psalmus
2978 2660 3087 2716 iste
3133 2662 3224 2718 est
3268 2660 3503 2730 cantici,
3535 2658 3677 2734 quia

2026 2749 2300 2822 proponit
2329 2746 2499 2804 nobis
2531 2765 2806 2822 magnam
2827 2748 3295 2817 exsultationem,
3315 2749 3539 2806 scilicet
3567 2764 3676 2807 ca)-

2026 2837 2192 2894 lestis
2218 2836 2577 2895 Hierusalem
2599 2837 2969 2911 dignitatem,
2985 2834 3163 2910 quam
3187 2837 3474 2911 Propheta
3489 2835 3677 2894 exsul-

2027 2931 2220 2983 tanter
2246 2925 2574 2998 protulit,et
2593 2926 2762 2981 nobis
2783 2925 3100 2981 maximam
3119 2924 3568 2982 exsultationem
3591 2941 3673 2983 re-

2026 3015 2218 3088 liquit.
2235 3015 2342 3082 Qui
2375 3013 2641 3087 psalmus
2671 3014 3018 3088 proponitur
3041 3012 3181 3070 filiis
3208 3010 3412 3083 Chore,
3437 3015 3509 3071 ad
3540 3014 3670 3083 hoc,

2029 3109 2095 3160 ut
2122 3104 2235 3176 ipsi
2268 3104 2414 3159 ﬁant
2442 3104 2514 3159 de
2544 3102 2654 3159 hac
2683 3103 2933 3160 civitate.
2948 3102 3193 3160 Materia
3212 3103 3343 3178 ipsa
3361 3106 3451 3161 est
3470 3102 3673 3159 civitas

255 3198 322 3255 in
353 3199 589 3255 inferno
619 3201 807 3265 erant,
822 3195 924 3251 sed
955 3168 1071 3252 non
1104 3195 1547 3267 torquebantur.
1570 3194 1709 3250 Erat
1738 3192 1914 3248 infcr-
1947 3168 1995 3250 CV
2027 3168 2301 3266 superna.
2338 3191 2547 3248 Modus
2579 3207 2593 3249 :
2628 3190 2691 3247 In
2722 3191 2915 3264 prima
2943 3168 3516 3265 parte,commendat
3541 3195 3670 3248 eam

261 3302 386 3343 nus
416 3285 674 3356 inferior,
704 3274 806 3341 ubi
850 3284 1058 3340 animm
1106 3281 1397 3338 malorum
1443 3282 1866 3354 torquebantur
1897 3298 1911 3337 :

265 3375 430 3431 sicut
455 3379 514 3431 et
538 3374 833 3431 contrario
866 3389 880 3428 :
914 3372 978 3430 In
1008 3372 1183 3428 domo
1213 3371 1400 3427 Patris
1422 3370 1537 3427 mei
1580 3372 1916 3428 mansiones

266 3463 466 3519 multa
494 3467 665 3531 sunt;
698 3460 787 3518 vel
816 3461 929 3519 iste
958 3461 1221 3517 mundus
1267 3460 1484 3515 dicitur
1524 3460 1809 3529 infernus,
1844 3462 1917 3517 ad

267 3552 767 3625 comparationem
788 3549 1041 3607 cmlestis
1059 3548 1459 3609 habitationis.
1477 3547 1580 3604 Ille
1601 3564 1734 3604 vero
1754 3547 1920 3605 locus

268 3656 388 3712 quo
418 3641 630 3698 animm
661 3638 951 3696 malorum
982 3636 1055 3694 ad
1092 3638 1486 3709 torquendum
1534 3637 1915 3707 descendunt,

271 3727 511 3785 inferior
537 3727 811 3784 infernus
836 3725 1082 3794 dicitur;
1113 3722 1203 3780 vel
1229 3741 1298 3779 ex
1327 3723 1556 3780 inferno
1576 3722 1920 3793 inferiori,id

269 3821 383 3884 est,
414 3832 481 3874 ex
504 3813 904 3890 profunditate
930 3813 1205 3870 vitiorum
1238 3829 1251 3869 :
1286 3814 1494 3869 animae
1533 3811 1797 3868 omnium
1848 3812 1922 3867 fi-

272 3905 490 3963 delium
516 3904 958 3971 defunctorum,
980 3918 1344 3975 quaecunque
1391 3914 1507 3957 non
1561 3902 1924 3958 descendunt

277 3994 347 4048 ad
375 3994 694 4064 infernum,
726 3992 983 4050 liberatis
1015 3995 1175 4050 sunt.

345 4106 375 4133 (ί
400 4081 573 4150 Deus,
606 4082 820 4154 iniqui.
838 4104 867 4132 »ι
890 4082 1031 4139 Pars
1069 4080 1261 4138 tertia.
1283 4079 1656 4136 Continuatio
1680 4097 1693 4136 :
1720 4080 1926 4135 Precor

284 4175 349 4227 ut
363 4171 481 4229 haec
500 4172 687 4229 facias
707 4171 875 4240 meis,
889 4175 948 4227 et
981 4186 1075 4227 me
1096 4169 1360 4243 gloriﬁca
1384 4186 1396 4224 :
1421 4172 1480 4224 et
1500 4168 1609 4224 hoc
1642 4173 1733 4224 est
1767 4168 1923 4240 quod

287 4258 521 4317 inferius
551 4260 738 4334 ponit.
771 4260 1015 4333 Respice
1042 4260 1102 4315 in
1134 4263 1326 4327 me,et
1370 4258 1646 4314 miserere
1685 4256 1836 4313 mei:
1870 4259 1928 4312 et

293 4349 358 4404 ad
385 4350 490 4409 hoc
508 4349 818 4424 praemittit
838 4350 1126 4422 quasdam
1163 4364 1408 4406 causas:
1436 4352 1494 4404 et
1521 4364 1669 4419 opus
1691 4350 1798 4416 est,
1823 4345 1929 4403 D0-

295 4437 457 4508 mine,
481 4443 546 4495 ut
576 4437 1036 4512 gloriﬁce,quia,
1066 4453 1099 4495 ο
1130 4460 1158 4487 ‹‹
1183 4435 1559 4508 Deus,iniqui
1599 4435 1927 4517 insurrexef

2023 3284 2149 3356 ipse
2173 3281 2459 3354 Propheta
2479 3281 2804 3338 secundum
2823 3280 2904 3336 sei
2912 3296 3106 3354 psum.
3122 3281 3186 3337 In
3205 3283 3465 3338 secunda
3483 3282 3668 3355 parte,

2024 3388 2152 3445 qua)
2184 3375 2275 3427 est
2306 3386 2319 3426 :
2355 3392 2383 3420 «
2418 3370 2643 3427 Memor
2669 3386 2767 3427 ero
2792 3369 2985 3442 Raab;
3020 3392 3048 3420 ››
3076 3368 3307 3429 inducit
3352 3370 3539 3429 Deum
3584 3370 3667 3427 lo-

2024 3462 2387 3534 quentem,et
2397 3458 2909 3515 commendantem
2924 3458 3117 3533 ipsam
3128 3458 3667 3518 civitatem.1terum

2024 3549 2085 3606 in
2134 3548 2305 3605 tertia
2352 3550 2534 3620 parte,
2554 3563 2682 3620 qum
2728 3546 2935 3621 incipit
2968 3565 2980 3604 :
3014 3570 3044 3599 «
3077 3548 3241 3606 Sicut
3268 3548 3612 3621 laetantium,
3641 3572 3669 3600 »

2029 3636 2313 3711 Propheta
2343 3636 2469 3710 ipse
2492 3636 2866 3692 commendat
2894 3653 3045 3706 eam,
3078 3654 3183 3710 per
3210 3638 3490 3712 gaudium
3514 3643 3672 3695 aeter-

2029 3726 2243 3784 naliter
2270 3742 2399 3783 eam
2430 3724 2911 3794 inhabitantium,
2944 3725 3195 3782 intendit
3216 3726 3366 3781 filios
3394 3726 3579 3783 Chore
3598 3727 3670 3783 ad

2029 3816 2302 3875 eli‘ectum
2335 3813 2508 3870 istius
2529 3813 2780 3871 civitatis
2810 3828 3067 3870 monere.

2100 3904 2223 3961 Vox
2253 3902 2748 3975 Prophetzs,quasi
2770 3901 3056 3974 Propheta
3078 3900 3177 3958 diu
3201 3903 3520 3961 meditatas
3542 3890 3680 3963 fuis-

2032 3996 2139 4061 set,
2157 3992 2359 4048 dicens
2388 4008 2536 4062 apus
2568 4007 2664 4046 se:
2690 3989 2946 4046 Parietes
2967 3990 3205 4063 quidem
3237 3992 3411 4049 istius
3433 3980 3684 4050 civitatis

2032 4081 2168 4137 boni
2201 4083 2340 4136 sunt
2377 4083 2530 4135 tecta
2575 4079 2920 4153 peroptima,
2955 4102 2983 4129 «
3014 4074 3398 4139 fundamenta
3429 4105 3455 4133 ι)
3487 4086 3682 4139 autem

2035 4194 2062 4220 α
2098 4170 2227 4241 ejus
2253 4169 2313 4225 in
2346 4168 2650 4224 montibus
2671 4168 2912 4225 sanctis.
2949 4191 2976 4219 »
3007 4169 3235 4226 Montes
3266 4170 3407 4226 sunt
3424 4172 3685 4246 Apostoli

2034 4263 2093 4314 et
2122 4257 2442 4331 Propheta,
2474 4262 2532 4313 et
2563 4256 2905 4330 patriarcha:
2935 4262 3079 4315 sunt
3127 4257 3509 4317 fundamenta
3556 4261 3687 4334 ejus

2036 4349 2395 4419 civitatis,de
2426 4365 2542 4421 qua
2574 4348 2988 4418 meditabatur,
3023 4348 3161 4422 quia
3186 4366 3363 4422 super
3396 4366 3495 4407 eos
3538 4350 3685 4407 fides

2037 4442 2237 4495 nostra
2266 4443 2356 4495 est
2389 4436 2631 4493 fundata
2663 4454 2676 4494 :
2711 4460 2739 4489 (ι
2772 4441 2828 4494 et
2849 4443 3044 4511 portas
3062 4439 3220 4508 Sion,
3240 4461 3268 4488 ››
3289 4437 3513 4495 scilicet
3535 4440 3688 4509 ejus-

299 4534 423 4585 mnt
447 4545 627 4602 super
648 4542 799 4597 me,»
825 4532 884 4584 et
913 4543 1028 4582 non
1058 4524 1364 4583 inferiores
1395 4524 1585 4580 solum
1612 4523 1927 4596 iniqui,sed
1961 4553 2008 4617 Ι)
2040 4528 2172 4583 dem
2215 4526 2489 4595 civitatis,
2523 4550 2549 4578 «
2584 4527 2777 4601 diligit
2825 4526 3128 4584 Dominus.
3156 4547 3185 4577 »
3220 4526 3423 4583 Portas
3473 4526 3688 4600 accipit

299 4639 321 4663 α
350 4617 518 4673 etiam
549 4618 861 4690 Synagoga
891 4615 1221 4689 potentium
1264 4614 1623 4687 quaesierunt
1671 4613 1930 4668 animam

300 4720 470 4761 meum
506 4729 535 4755 υ
568 4705 823 4761 retinere
855 4704 914 4759 in
948 4708 1155 4775 morte,
1189 4725 1217 4753 ‹‹
1250 4707 1308 4758 et
1340 4718 1455 4756 non
1505 4706 1935 4773 proposuerunt

301 4793 425 4849 tein
455 4797 776 4867 conspectu
807 4810 937 4861 suo,
978 4815 1003 4841 υ
1037 4792 1093 4847 id
1124 4796 1234 4861 est,
1270 4808 1385 4846 non
1418 4791 1937 4846 consideraverunt

304 4887 349 4936 te
374 4883 554 4939 Deum
588 4898 732 4939 meaa
763 4881 1060 4938 humiliati
1090 4896 1218 4936 esse
1253 4880 1505 4935 unitum.

363 4995 387 5021 ιι
410 4974 475 5029 Et
505 4970 857 5040 tu,Domine
888 4970 1044 5026 Deus
1075 4970 1383 5025 miserator
1416 4992 1443 5017 ››
1467 4968 1523 5023 in
1557 4968 1933 5035 exhibitione,

305 5061 423 5132 quia
453 5062 674 5118 multas
700 5059 1108 5123 miserationes
1140 5058 1327 5113 fecisti
1353 5057 1630 5113 omnibus
1650 5058 1935 5129 speranti-

304 5151 401 5207 bus
428 5152 487 5206 in
522 5155 598 5222 te,
636 5174 664 5201 ‹‹
698 5154 757 5205 et
782 5148 1120 5205 misericors
1155 5170 1181 5197 ››
1214 5147 1274 5201 in
1306 5150 1536 5211 natura,
1572 5170 1598 5197 ‹‹
1637 5147 1883 5219 patiens,
1914 5171 1939 5196 υ

302 5239 351 5295 id
380 5246 486 5311 est,
519 5256 635 5297 non
667 5237 872 5295 statim
904 5236 1154 5310 puniens
1185 5241 1439 5308 peccata,
1464 5236 1565 5290 sed
1598 5241 1940 5308 exspectans

301 5333 648 5401 peccatorem
682 5343 787 5399 per
816 5324 1183 5399 patientiam,
1214 5347 1243 5374 ‹‹
1279 5328 1337 5380 et
1366 5323 1561 5378 multm
1608 5325 1940 5381 misericor-

298 5419 452 5487 diaa,»
483 5416 626 5490 quia
655 5416 847 5488 maior
874 5418 964 5471 est
992 5413 1397 5470 misericordia
1426 5430 1602 5485 quam
1625 5413 1816 5486 culpa,
1834 5438 1860 5463 ‹‹
1885 5417 1942 5469 et

298 5522 458 5565 verax
487 5528 516 5555 »
545 5506 608 5562 in
636 5503 915 5562 omnibus
944 5502 1251 5576 promissis
1283 5502 1617 5575 implendis.

362 5595 463 5664 Qui
482 5594 767 5653 adversus
791 5592 1007 5650 videris
1025 5590 1087 5647 in
1109 5590 1380 5665 passione
1403 5606 1554 5661 mea,
1577 5590 1846 5665 «respice
1878 5591 1935 5649 in

610 5722 888 5783 PATROL.
936 5719 1152 5801 CXVI,

2043 4622 2162 4673 tam
2192 4616 2499 4689 Apostolos
2518 4633 2696 4688 quam
2730 4615 2858 4671 illos
2889 4616 2986 4688 qui
3019 4616 3401 4673 Introducunt
3419 4615 3690 4672 homines

2045 4706 2102 4760 in
2152 4706 2302 4760 hanc
2359 4705 2699 4761 Ecclesium.
2763 4704 2965 4777 Diligit
3021 4705 3150 4761 dico
3195 4728 3223 4754 «
3263 4712 3443 4779 super
3492 4702 3695 4762 omnia
3762 4741 3771 4750 -

2045 4794 2424 4850 tabernacula
2447 4795 2695 4859 Jacob,»
2727 4794 2783 4848 id
2824 4799 2932 4862 est,
2966 4810 3142 4867 super
3189 4796 3391 4852 omnia
3437 4794 3696 4885 carnalia

2045 4883 2581 4956 saerificia,qnibus
2613 4882 2958 4956 placabatur
2986 4885 3142 4940 Deus
3176 4886 3235 4941 in
3260 4885 3453 4942 Veteri
3492 4882 3693 4939 Tosta-

2047 4976 2264 5029 mento.

2116 5062 2333 5119 Videns
2368 5062 2654 5135 Propheta
2677 5064 2831 5136 quod
2854 5081 2958 5137 per
2987 5082 3048 5121 se
3066 5065 3164 5120 illa
3187 5065 3338 5120 bona
3364 5079 3479 5118 non
3500 5065 3698 5134 posset

2051 5168 2414 5221 enumerare,
2467 5153 2753 5208 convertit
2802 5171 2864 5210 se
2912 5155 2982 5209 ad
3025 5154 3211 5226 ipsam
3261 5152 3553 5209 civitatem
3609 5152 3699 5208 di-

2051 5258 2222 5297 cens:
2249 5259 2280 5297 ο
2303 5264 2329 5292 ‹‹
2355 5241 2571 5297 Civitas
2602 5241 2701 5297 Dei
2730 5265 2756 5289 ››
2789 5258 3040 5313 superna
3067 5265 3094 5291 ‹‹
3128 5241 3198 5295 de
3230 5244 3284 5296 te
3314 5241 3472 5297 dicta
3496 5245 3635 5298 sunt
3673 5264 3701 5292 ››

2051 5329 2239 5387 multa
2271 5354 2297 5379 ‹‹
2332 5330 2586 5404 gloriosa
2616 5354 2642 5379 ››
2677 5348 2803 5402 qua:
2837 5347 2949 5385 non
2985 5346 3225 5400 possum
3258 5346 3623 5388 enumerare.

2121 5443 2148 5469 ‹‹
2185 5420 2426 5476 Memor.
2462 5443 2491 5469 ››
2525 5418 2662 5474 Pars
2693 5419 2969 5475 secunda.
3003 5418 3394 5477 Continuatio.
3425 5419 3555 5478 Haec
3584 5421 3696 5479 sci-

2048 5508 2185 5565 licet
2203 5508 2456 5582 gloriosa
2478 5510 2617 5563 sunt
2641 5505 2785 5561 mihi
2814 5506 2971 5562 dicta
2998 5507 3071 5565 de
3091 5510 3329 5582 te,quod
3353 5510 3509 5567 Deus
3532 5511 3711 5581 faciat

2053 5603 2254 5674 gentes
2282 5597 2642 5653 habitatores
2673 5594 2781 5667 tui,
2815 5596 2954 5671 quia
2984 5598 3111 5673 ipse
3157 5599 3311 5658 Deus
3357 5599 3470 5660 hoc
3519 5601 3706 5661 dixiti

3311 5729 3388 5790 16
