4080 6180
402 384 522 447 195

812 382 1221 445 HAYMONIS
1266 378 1806 441 IIALBERSTAT.
1839 374 2082 439 EPISC.
2114 373 2286 436 OPP.
2318 374 2522 437 PARS
2554 374 2602 437 Ι.
2637 411 2713 420 -
2743 374 3150 438 COMMENT.
3186 376 3381 447 BIBL,

3684 377 3799 437 496

404 518 537 577 luce
560 518 870 589 virtutum,
893 539 919 566 ‹‹
947 514 1256 588 praeveniet
1292 519 1351 569 te
1376 535 1403 562 ››
1436 529 1553 568 non
1584 509 1739 583 quod
1766 510 1826 565 in
1852 525 1914 566 se
1944 510 2048 565 ha-
2079 509 2134 575 Α
2164 508 2227 563 In
2259 513 2469 581 quarta
2497 513 2683 589 parte,
2708 526 2836 582 quaa
2866 508 3099 581 incipit:
3135 510 3262 565 «Tu
3291 525 3425 565 vero
3456 507 3743 581 repulisti,
3776 533 3804 561 ››

405 610 582 665 beant
611 623 776 662 orare
808 605 934 661 sine
966 608 1068 659 tua
1097 600 1517 667 misericordia,
1534 600 1636 656 sed
1668 599 1811 654 dicit
1840 614 2052 670 praeve-

408 698 553 768 nire,
584 693 808 751 scilicet
836 696 902 749 ut
931 692 1198 749 reddaris
1227 688 1533 764 placabilis
1563 692 1700 744 ante
1737 688 2054 759 judicium.

476 783 756 853 Dico,mei
787 782 1173 850 clamant,sed
1209 802 1237 831 «
1270 784 1335 835 ut
1364 777 1803 851 quid,Domine,
1823 775 2059 848 repellis

406 874 729 932 orationem
776 888 993 942 meam,
1030 894 1057 919 »
1090 872 1145 925 id
1179 873 1289 941 est,
1325 882 1589 922 meorum
1622 884 1655 921 a
1682 871 1739 921 te
1761 867 1788 920 ‘I
1818 865 2062 919 Videtur

405 963 562 1021 enim
594 962 749 1018 Deus
781 959 1059 1032 repellere
1080 975 1215 1014 cum
1240 975 1354 1013 non
1380 957 1581 1011 statim
1614 955 1820 1027 implet
1840 954 2061 1009 deside-

406 1052 557 1108 rium
592 1048 1047 1117 eorum,seilicet
1078 1052 1141 1102 ut
1172 1046 1369 1103 statim
1404 1049 1578 1100 exuat
1606 1061 1705 1099 eos
1737 1061 1770 1098 a
1799 1060 2057 1115 corpore,

407 1145 467 1197 et
484 1140 667 1197 elevet
696 1155 796 1193 eos
819 1137 892 1192 ad
915 1135 1192 1191 cmlestia.
1221 1159 1247 1185 ‹‹
1275 1137 1346 1190 Et
1368 1133 1582 1188 avertis
1605 1132 1809 1188 faciem
1834 1139 1996 1187 tuam
2029 1149 2064 1187 a

409 1246 504 1285 me
535 1250 563 1277 ››
594 1227 653 1282 id
684 1230 794 1294 est,
827 1241 863 1280 a
894 1224 1061 1295 meis,
1086 1220 1232 1289 cum
1279 1222 1571 1294 permittis
1620 1237 1720 1277 eos
1769 1220 2058 1276 tribulari.

480 1318 641 1384 Dico,
681 1338 703 1365 ι
739 1314 953 1371 avertis
1000 1312 1208 1369 faciem
1256 1316 1445 1380 tuam,
1481 1334 1509 1360 »
1540 1310 1679 1383 quia
1719 1331 1748 1360 ‹‹
1777 1327 1881 1382 ego
1927 1325 2061 1364 sum

411 1421 634 1480 pauper
656 1425 679 1454 ι
706 1403 764 1459 id
783 1407 875 1459 est
895 1403 1008 1458 mei
1038 1406 1179 1458 sunt
1208 1416 1494 1473 pauperes
1520 1400 1577 1455 in
1597 1398 1690 1455 his
1720 1398 2062 1469 mundanis,

409 1518 439 1546 α
474 1498 533 1550 et
564 1493 624 1548 in
657 1491 1031 1558 laboribus,»
1063 1490 1390 1547 secundum
1422 1488 1855 1561 persecutiones
1883 1487 2065 1559 huius

412 1581 632 1651 saeculi,
661 1586 721 1637 et
747 1581 858 1637 hoc
888 1604 916 1630 ‹‹
949 1597 984 1635 a
1017 1581 1328 1651 juventute
1367 1594 1500 1633 mea
1532 1601 1559 1625 υ
1589 1577 1648 1633 id
1686 1581 1799 1648 est,
1837 1594 1907 1632 ex
1949 1593 2065 1648 quo

413 1672 649 1728 fuerunt
674 1669 789 1726 mei
819 1670 998 1726 fortes
1024 1672 1082 1724 et
1111 1667 1339 1724 robusti
1362 1668 1422 1722 in
1454 1667 1589 1738 fide,
1619 1683 1736 1722 non
1767 1665 1952 1721 defuit
1979 1665 2066 1721 eis

411 1758 734 1831 tribulatio,
746 1762 808 1815 et
835 1757 886 1813 si
914 1757 999 1813 fui
1032 1756 1406 1827 exaltatus,et
1435 1754 1542 1811 hoc
1572 1754 1716 1810 dicit
1743 1777 1770 1804 «
1806 1757 2003 1810 autem
2038 1776 2060 1804 ι

414 1848 475 1904 in
507 1847 601 1904 his
632 1846 972 1918 mundanis,
1004 1845 1062 1901 id
1094 1850 1204 1917 est,
1236 1845 1287 1901 si
1319 1844 1434 1901 mei
1462 1844 1680 1900 fuerint
1717 1843 2064 1916 prosperati,
2096 1883 2145 1949 Β

412 1936 560 1995 nihil
592 1934 977 2010 profuit,quia
1007 1938 1209 2007 postea
1238 1956 1267 1983 «
1302 1933 1653 1989 humiliatus
1680 1948 1874 2000 sum,»
1896 1932 1955 1987 id
1976 1936 2067 1987 est

412 2026 709 2083 humiliati
740 2029 880 2081 sunt
908 2023 1024 2079 mei
1054 2023 1126 2079 ad
1161 2022 1591 2095 paenitentiam,
1624 2045 1651 2071 ‹‹
1676 2025 1735 2076 et
1763 2021 2069 2076 conturba-

416 2120 517 2171 tus
548 2136 581 2163 ››
608 2130 765 2183 sum,
801 2112 1144 2177 sustinendo
1204 2111 1457 2180 labores,
1488 2111 1538 2167 si
1570 2109 1682 2166 mei
1734 2109 2065 2166 conturbati

420 2208 584 2261 sunt.

487 2291 561 2349 Et
588 2308 705 2348 non
735 2290 1031 2358 mirum,si
1062 2306 1168 2364 ego
1190 2305 1323 2347 sum
1355 2287 1908 2359 conturbatus,quia
1928 2287 2067 2343 «ira:

420 2385 535 2438 tua:
569 2400 598 2430 »
630 2380 690 2435 id
719 2384 830 2452 est,
860 2379 1129 2435 vindicta:
1159 2384 1273 2434 tute
1315 2382 1600 2433 venerunt
1629 2377 1688 2431 in
1721 2392 1834 2445 me,
1867 2379 1925 2430 et
1952 2392 2069 2432 non

421 2472 827 2526 manserunt
857 2469 917 2524 in
950 2485 1102 2539 me,»
1119 2467 1258 2540 quia
1288 2467 1401 2522 mei
1436 2467 1507 2521 ad
1537 2466 1744 2520 horam
1772 2464 2069 2521 sustinue-

419 2563 579 2632 runt,
596 2562 663 2615 ut
690 2558 1066 2630 postmodum
1098 2557 1421 2629 gauderent
1449 2555 1509 2609 in
1542 2557 1886 2627 perpetuum
1913 2572 1927 2623 ;
1961 2577 1987 2603 ‹‹
2012 2558 2072 2609 et

419 2653 668 2704 terrores
697 2646 785 2703 tui
819 2669 847 2696 ››
880 2647 951 2701 de
980 2645 1189 2700 timore
1228 2643 1408 2699 futuri
1432 2642 1666 2715 judicii,
1698 2666 1725 2692 ‹‹
1758 2643 2070 2698 conturba-

420 2741 630 2793 verunt
657 2751 753 2791 me
785 2758 813 2785 ››
845 2735 901 2789 id
932 2737 1040 2802 est,
1067 2750 1249 2789 meos.

492 2826 646 2881 Bene
675 2823 991 2895 dico,quod
1022 2822 1121 2878 ira
1152 2823 1516 2878 transierunt
1543 2821 1601 2876 in
1634 2837 1747 2893 me,
1766 2822 1905 2893 quia
1932 2820 2072 2877 mali

425 2913 715 2985 homines,
746 2912 833 2969 vel
876 2916 1112 2984 peccata
1141 2934 1169 2960 «
1203 2911 1715 2966 circumdederunt
1773 2926 1866 2966 me
1923 2910 2077 2966 sicut

427 3001 679 3073 aquai,id
695 3003 946 3067 est,cum
985 3015 1201 3070 magna
1218 2998 1589 3067 inundantia,
1607 3002 1665 3053 et
1692 2997 1952 3054 volentes
1981 3014 2075 3054 me

425 3087 944 3161 demergero,sicut
956 3104 1109 3158 aqua
1120 3086 1408 3157 demergit
1418 3086 1687 3141 homines
1700 3102 1713 3141 :
1729 3086 2077 3143 ethaecutota

424 3178 580 3232 die»
610 3177 670 3231 id
700 3179 810 3243 est,
854 3176 1112 3243 assidue,
1173 3191 1289 3230 non
1348 3173 1673 3246 sigillatim,
1707 3175 1807 3229 sed
1842 3202 1865 3227 ‹‹
1898 3176 2077 3232 simul

425 3263 939 3320 circumdederunt
967 3279 1080 3331 me,
1117 3283 1146 3311 ››
1176 3261 1236 3317 id
1267 3265 1358 3317 est
1385 3278 1567 3318 meos.

499 3353 627 3410 Non
658 3350 851 3409 solum
881 3350 996 3407 alia
1027 3348 1185 3406 mala
1215 3350 1374 3422 passi
1409 3355 1549 3407 sunt
1577 3351 1712 3421 mei,
1744 3353 1845 3408 sed
1903 3354 2078 3411 etiam

429 3464 460 3493 α
491 3438 777 3514 elongasti
799 3457 833 3496 a
847 3455 962 3511 me,
981 3460 1005 3485 η
1025 3438 1083 3495 id
1113 3443 1223 3507 est,
1242 3456 1277 3495 a
1296 3438 1465 3508 meis,
1493 3461 1522 3489 ‹‹
1537 3438 1792 3498 amicum
1810 3446 1867 3497 et
1884 3443 2080 3515 proxi-

430 3546 599 3587 mum
628 3552 659 3581 »
688 3528 1035 3603 cognatione
1068 3544 1082 3586 :
1116 3550 1145 3579 ι(
1164 3532 1224 3585 et
1254 3531 1423 3585 notos
1449 3543 1654 3585 meos»
1688 3546 1834 3602 quos
1865 3533 1979 3589 mei
1991 3533 2080 3590 vel

427 3621 530 3693 qui
548 3635 712 3676 meos
739 3622 1041 3689 noverant,
1073 3621 1131 3674 et
1156 3616 1267 3673 hoc
1299 3615 1410 3673 fuit
1440 3640 1467 3667 α
1488 3634 1521 3673 a
1550 3617 1789 3675 miseria
1819 3642 1847 3669 ››
1878 3620 1938 3675 id
1969 3626 2079 3691 est,

425 3713 665 3783 propter
691 3707 992 3764 miseriam
1021 3705 1260 3762 illorum
1290 3722 1395 3778 pro
1429 3721 1546 3777 quo
1576 3706 1832 3779 despecti
1893 3714 2077 3765 erant.

832 3831 904 3890 IN
945 3830 1293 3889 PSALMUM
1336 3829 1672 3888 LXXXVIII.

486 3937 765 3996 Trruws.
799 3937 1104 3995 Intellectus
1133 3936 1310 3992 Ethan
1338 3935 1583 4011 Ezraitr
1612 3936 1702 3993 vel
1727 3936 2009 3997 Israelita

493 4083 523 4112 α
542 4059 967 4118 Misericoidias
996 4059 1290 4115 Domini.»
1324 4057 1593 4115 Psalmus
1623 4058 1733 4115 iste
1762 4060 1978 4117 dicitur
1996 4063 2080 4119 in-

422 4147 713 4219 tellectus,
735 4148 875 4219 quia
886 4151 1174 4204 secretam
1195 4162 1319 4202 rem
1337 4147 1619 4219 continet,
1639 4147 1864 4205 scilicet
1892 4151 2077 4207 Deum

422 4237 701 4294 daturum
761 4234 1229 4292 misericordiam
1260 4238 1318 4289 et
1344 4234 1650 4290 veritatem
1700 4251 1891 4305 suam,
1923 4241 2075 4311 quod

422 4329 560 4383 ante
591 4326 907 4382 adventum
933 4322 1149 4379 Christi
1180 4322 1348 4379 valde
1378 4325 1668 4379 secretum
1702 4323 1830 4393 fuit,
1863 4331 1921 4383 et
1947 4345 2077 4400 per-

420 4415 629 4488 paucis
642 4415 978 4489 cognitum:
996 4417 1055 4469 et
1070 4428 1187 4468 non
1206 4415 1296 4468 est
1323 4410 1588 4484 psalmus
1609 4411 1669 4467 in
1693 4413 1816 4470 solo
1838 4414 2076 4473 litterali

420 4504 729 4577 consueti
757 4504 937 4561 etiam
967 4502 1028 4559 in
1061 4500 1405 4574 allegorica:
1440 4501 1540 4573 qui
1572 4500 1902 4561 intellectus
1925 4504 2075 4564 dici-

2167 598 2423 653 ostendit
2438 600 2593 670 quod
2612 582 2815 653 contra
2830 598 3121 671 promissa
3133 597 3401 653 videatur
3415 597 3568 653 Deus
3583 597 3804 654 fecisse:

2167 687 2425 743 ostendit
2453 688 2610 743 enim
2637 687 2936 743 Christum
2965 690 3022 743 et
3051 704 3190 743 suos
3221 686 3410 742 multa
3431 686 3586 743 mala
3614 686 3811 743 incur-

2168 776 2338 847 risse,
2370 793 2504 833 cum
2535 777 2622 832 eis
2674 776 2828 832 Deus
2884 775 3074 831 multa
3129 775 3282 830 bona
3330 775 3716 847 promisisset.
3748 775 3812 832 In

2169 867 2539 938 quinta,quie
2574 866 2806 939 incipit:
2829 891 2855 915 ‹‹
2873 866 3205 938 Usquequo,
3220 865 3485 936 Domine,
3498 866 3758 922 avertis?
3787 889 3816 916 ιδ

2170 956 2334 1028 ponit
2350 973 2549 1029 preces
2567 970 2669 1027 pro
2687 955 2858 1011 malis
2874 973 3002 1028 qua:
3034 955 3231 1010 futura
3256 953 3413 1010 videt
3437 953 3727 1024 Ecclesiae,
3758 961 3818 1012 et

2169 1044 2364 1100 innuit
2393 1061 2461 1099 ea
2491 1062 2605 1100 non
2638 1060 2845 1100 nocere
2876 1048 3078 1099 contra
3109 1042 3531 1115 promissiones
3560 1042 3685 1101 Dei.
3720 1048 3817 1100 ln-

2170 1134 2352 1190 tentio
2382 1138 2471 1190 est
2501 1151 2606 1189 nos
2637 1133 2950 1189 admonere
2970 1136 3035 1187 ut
3050 1131 3166 1187 Deo
3196 1130 3416 1204 gratias
3447 1148 3695 1203 agamus
3711 1148 3821 1205 pro

2171 1222 2384 1280 collata
2419 1223 2607 1296 gratia
2635 1227 2693 1277 et
2721 1223 2982 1278 veritate.
3015 1220 3336 1277 Possumus
3390 1219 3565 1277 etiam
3624 1221 3824 1279 dicere

2173 1312 2328 1385 quod
2359 1312 2488 1368 ideo
2519 1311 2717 1384 posuit
2742 1311 2959 1367 Ezdras
2986 1309 3173 1365 Ethan
3203 1309 3263 1364 in
3296 1307 3488 1377 titulo,
3520 1310 3662 1382 quia
3692 1311 3825 1384 ipse

2174 1401 2283 1457 fuit
2308 1417 2441 1457 cum
2470 1400 2602 1456 aliis
2632 1397 3084 1473 prmeentoribus
3113 1398 3173 1453 in
3206 1396 3563 1454 recitatione.

2240 1491 2363 1547 Vox
2393 1489 2710 1562 cujuslibet
2758 1488 2817 1544 in
2863 1487 2964 1545 illo
3012 1487 3202 1561 priore
3250 1485 3490 1561 populo,
3519 1487 3771 1547 dicentis
3811 1507 3825 1548 :

2175 1604 2202 1631 ι(
2224 1579 2653 1637 Misericordiae
2682 1576 3042 1635 Domini-de
3071 1576 3433 1650 reparatione
3463 1574 3834 1653 humanigo-

2175 1667 2352 1741 neris,
2383 1669 2699 1725 duraturae
2731 1688 2754 1715 ιι
2787 1666 2847 1723 in
2879 1670 3181 1731 aeternum,
3215 1686 3239 1712 ι»
3271 1664 3412 1739 quia
3460 1683 3567 1724 nos
3605 1668 3833 1725 facient

2175 1762 2442 1831 aeternos,
2476 1786 2499 1810 α
2530 1756 2799 1823 cantabo,
2834 1775 2858 1800 ι»
2891 1757 2949 1812 id
2980 1759 3092 1826 est,
3126 1771 3259 1812 cum
3304 1754 3531 1812 cantico
3556 1761 3615 1814 et
3642 1757 3833 1815 devo-

2176 1849 2334 1905 tione
2362 1846 2743 1903 annuntiabo.

2244 1938 2316 1993 Et
2343 1936 2519 1993 etiam
2551 1954 2576 1980 κ
2608 1933 2972 1991 annuntiabo
3000 1934 3303 1990 veritatem
3363 1938 3551 2007 tuam,
3585 1965 3609 1991 ι.
3644 1934 3704 1992 id
3734 1940 3838 1993 est

2175 2024 2626 2098 completionem
2684 2022 3165 2096 promissionum,
3201 2024 3260 2079 in
3292 2022 3507 2096 quibus
3534 2039 3710 2081 verax
3738 2040 3836 2091 es,

2176 2116 2280 2171 «in
2311 2113 2726 2187 generatione»
2755 2110 3021 2183 Judaica,
3041 2116 3137 2167 «et
3165 2112 3600 2185 generationem
3623 2135 3653 2162 »
3684 2130 3837 2187 gen-

2174 2204 2377 2272 tilem;
2409 2201 2517 2271 vel,
2550 2201 2609 2257 in
2649 2199 3021 2275 generatione
3052 2205 3109 2257 et
3138 2201 3593 2275 generationem,
3622 2202 3685 2259 id
3713 2207 3838 2272 est,

2176 2310 2282 2368 per
2308 2308 2513 2348 omnes
2544 2290 2948 2347 successiones
2977 2289 3455 2361 generationum:
3488 2295 3546 2346 et
3574 2288 3688 2348 hoc
3723 2290 3837 2349 «in

2178 2399 2275 2439 ore
2305 2398 2495 2437 meo.»
2530 2378 2689 2434 Idem
2719 2382 2885 2435 vocat
2914 2377 3380 2434 misericordiam
3411 2383 3469 2436 et
3493 2374 3838 2453 veritatem,

2177 2469 2403 2527 scilicet
2452 2467 2735 2525 beneﬁcia
2786 2467 2886 2523 Dei
2921 2483 2936 2522 :
2971 2465 3391 2535 misericordia,
3451 2469 3593 2541 quia
3645 2471 3841 2543 gratis

2179 2560 2475 2616 confertur
2502 2574 2534 2612 a
2566 2556 2714 2624 Deo;
2745 2555 2981 2621 veritas,
3014 2555 3155 2628 quia
3176 2554 3349 2627 juxta
3377 2557 3533 2630 quod
3548 2559 3842 2631 promise-

2181 2653 2270 2706 rat
2299 2646 2508 2721 implet
2561 2646 2737 2701 Deus.
2774 2668 2798 2691 «
2828 2644 3206 2700 Annuntiabo
3235 2662 3260 2689 ιο
3291 2644 3420 2700 dico
3452 2646 3512 2701 in
3543 2663 3646 2703 ore
3678 2664 3837 2715 meo,

2180 2738 2240 2794 in
2271 2753 2388 2809 quo
2418 2750 2650 2808 semper
2681 2734 2869 2790 habeo
2900 2736 3231 2806 promptam
3263 2733 3592 2801 veritatem,
3619 2736 3699 2791 ad
3734 2752 3841 2793 an-

2182 2826 2575 2883 nuntiandum
2598 2821 2858 2893 aliis;vel
2888 2821 2945 2877 in
2973 2837 3072 2877 ore
3101 2821 3314 2889 meo,id
3332 2826 3439 2892 est,
3456 2822 3612 2880 sicut
3642 2821 3840 2882 habeo

2184 2918 2242 2974 in
2274 2933 2395 2988 ore,
2426 2916 2508 2970 ita
2534 2913 2799 2985 compleo
2826 2928 3018 2984 opere.

2253 3008 2323 3062 Et
2338 3021 2456 3078 qua
2470 3003 2810 3060 auctoritate
2841 3001 3021 3058 fretus
3035 3000 3158 3057 hinc
3175 3000 3573 3058 annuntiabo?
3592 3007 3702 3059 tua
3734 3004 3846 3061 sci-

2182 3097 2337 3155 licet.
2370 3098 2426 3152 et
2455 3094 2563 3151 hoc
2592 3094 2699 3151 est.
2741 3090 3060 3164 equoniam
3092 3090 3289 3147 dixisti
3316 3108 3339 3136 ιο
3370 3089 3427 3147 id
3458 3096 3566 3159 est,
3599 3090 3845 3151 interna

2187 3183 2543 3258 aspiratione
2572 3180 2718 3238 mihi
2750 3178 3038 3246 revelasti,
3070 3178 3192 3235 haic
3222 3178 3476 3237 scilicet:
3512 3196 3543 3229 α
3570 3181 3632 3236 in
3664 3186 3845 3239 aster-

2188 3292 2331 3331 num
2362 3269 2765 3329 misericordia
2791 3265 3237 3334 aediﬁcabitur,»
3268 3266 3487 3324 scilicet
3516 3273 3844 3342 postquam

2188 3366 2425 3438 peccata
2458 3364 2630 3418 erunt
2672 3357 2937 3428 dimissa,
2970 3360 3231 3413 crescent
3260 3355 3449 3413 multa
3474 3356 3632 3414 dona
3661 3359 3844 3432 spiri-

2187 3452 2409 3511 tualia:
2443 3446 2830 3506 mdiﬂcahitur
2856 3446 3132 3513 dieo,non
3163 3444 3222 3501 in
3254 3445 3553 3519 malis,sed
3585 3448 3690 3505 ain
3727 3466 3846 3506 cce-

2187 3543 2314 3610 lis,»
2337 3540 2395 3596 id
2410 3538 2582 3605 est,in
2600 3534 2905 3594 altioribus
2920 3534 3163 3607 sanctis,
3178 3534 3278 3607 qui
3294 3536 3596 3592 continent
3609 3541 3849 3593 secreta

2188 3628 2494 3702 Dei,veluti
2524 3626 2673 3699 ipsis
2700 3623 3015 3697 Apostolis,
3040 3648 3071 3681 α
3090 3627 3148 3680 et
3174 3624 3388 3681 veritas
3417 3629 3540 3692 tua,
3572 3655 3597 3681 ι.
3631 3625 3695 3681 id
3729 3628 3846 3699 est,

2186 3720 2392 3777 eadem
2418 3718 2572 3773 dona
2588 3712 2941 3789 spiritualia,
2958 3727 2986 3758 α
2998 3713 3423 3787 praeparabitur
3439 3714 3498 3770 in
3514 3714 3622 3781 eis,
3647 3741 3670 3767 η
3696 3715 3852 3788 quia

2187 3826 2292 3883 per
2319 3824 2418 3864 eos
2448 3804 2763 3863 descendet
2789 3802 2849 3859 in
2880 3800 3047 3860 alios.

2259 3918 2287 3949 α
2319 3894 2659 3969 Disposui.»
2687 3890 2895 3949 Dixisti
2915 3891 2999 3948 sic
3027 3891 3259 3948 dicens:
3295 3914 3323 3943 α
3358 3891 3633 3965 Disposui
3663 3892 3852 3951 testa-

2187 3991 2454 4045 mentum
2473 4003 2501 4034 »
2534 3983 2593 4039 id
2626 3986 2734 4050 est,
2756 3981 3018 4038 ordinavi
3050 3985 3313 4053 pactum,
3341 3998 3457 4037 non
3485 3997 3621 4038 cum
3652 3984 3852 4040 omni-

2187 4074 2615 4142 bus,sed«cum
2647 4070 2846 4127 electis
2878 4070 3044 4135 meis,
3071 4092 3093 4116 υ
3120 4070 3176 4125 id
3199 4075 3309 4138 est,
3331 4069 3621 4143 illisquos
3635 4071 3714 4127 de
3750 4089 3859 4130 nu-

2191 4180 2352 4221 mero
2406 4160 2956 4236 praadestinatorum
3005 4157 3175 4232 elegi.
3213 4185 3237 4210 «ι
3269 4159 3339 4214 Et
3397 4157 3574 4215 etiam
3610 4189 3638 4214 α
3669 4155 3871 4219 David

2187 4271 2355 4312 servo
2385 4268 2556 4309 meo»
2577 4250 2636 4305 id
2667 4253 2777 4315 est,
2804 4248 3060 4315 Christo,
3081 4248 3333 4320 cjuravi,
3367 4278 3389 4302 ιο
3424 4247 3481 4303 id
3513 4252 3604 4304 est
3634 4248 3861 4308 immn-

2192 4343 2454 4402 tabiliter
2468 4337 2849 4413 promisi.Ubi
2881 4337 3039 4392 enim
3069 4336 3311 4393 Abrahae
3334 4336 3575 4408 jnravit,
3604 4342 3665 4394 et
3687 4338 3863 4397 Chri-

2185 4438 2282 4490 sto
2300 4449 2311 4488 :
2330 4432 2401 4488 de
2417 4446 2534 4503 quo
2550 4427 2661 4483 illa:
2679 4430 2847 4483 erant
2878 4424 3321 4498 promissiones,
3341 4429 3491 4482 teste
3518 4426 3815 4499 Apostolo
3846 4445 3861 4485 ε

2185 4547 2215 4574 ‹‹
2244 4520 2487 4577 Abrahae
2517 4516 2683 4574 dictae
2715 4517 2853 4570 sunt
2881 4514 3325 4587 promissiones,
3363 4517 3421 4571 et
3457 4512 3671 4571 semini
3701 4519 3868 4590 ejus,

419 4596 517 4686 ιιξι·
545 4592 825 4686 Ειιιαηνίᾷ
848 4590 1216 4686 θειν-ειιίοιιξυε
1247 4590 1497 4686 totius“:
1522 4589 1700 4686 vel?“
1730 4591 1910 4686 David
1931 4594 2069 4686 Pro-
2102 4621 2150 4686 ι)
2180 4611 2282 4685 qui
2312 4614 2401 4666 est
2430 4606 2730 4664 Christus:
2756 4633 2779 4659 η
2810 4603 2921 4660 hoc
2952 4603 3178 4659 scilicet
3200 4603 3421 4675 juravi,
3450 4631 3475 4655 ιι
3509 4589 3873 4677 pmparabo

420 4681 608 4754 pheta:
644 4698 661 4737 :
700 4684 839 4753 quia
866 4686 925 4738 et
953 4682 1080 4753 ipse
1110 4679 1418 4752 Propheta,
1449 4685 1505 4736 et
1530 4680 1867 4754 quicunque
1896 4683 2071 4741 habet

414 4768 779 4825 intellectum
797 4770 975 4843 hujus
996 4768 1206 4842 psalmi
1216 4768 1495 4840 ,maxime
1516 4770 1926 4828 corroboratur
1940 4790 2073 4829 con-

326 4904 331 4907 .
414 4864 508 4915 tra
534 4857 836 4915 diabolum
867 4864 925 4915 et
956 4860 1016 4914 in
1048 4857 1151 4914 Dei
1190 4857 1363 4913 laude
1392 4857 1683 4914 consistit.
1717 4860 1908 4915 Ethan
1939 4862 2070 4919 dico

410 4948 709 5020 Israelitae,
742 4965 859 5004 non
902 4947 1128 5004 robusti
1173 4947 1234 5001 in
1284 4945 1457 5013 malo,
1492 4947 1593 5002 sed
1652 4946 1759 5003 viri
1817 4949 2070 5007 videntis

410 5039 595 5096 Deum
625 5058 639 5109 ;
670 5039 758 5097 vel
790 5038 1048 5106 Ezraitaz,
1078 5038 1134 5093 id
1163 5041 1271 5108 est,
1306 5037 1539 5091 advenio
1588 5040 1644 5092 et
1686 5040 1976 5111 peregrini
2008 5042 2067 5097 in

410 5128 520 5185 hoc
547 5126 1199 5185 mundo.Miscricordia
1230 5126 1331 5180 Dei
1361 5129 1420 5179 et
1448 5125 1660 5180 veritas
1682 5131 1772 5181 est
1798 5130 2063 5186 materia.

411 5216 620 5273 Modus
653 5234 666 5273 :
703 5218 767 5273 In
815 5218 1008 5290 prima
1064 5218 1248 5288 parte,
1281 5212 1535 5270 ostendit
1567 5230 1629 5269 se
1664 5214 1963 5272 dicturum
1997 5220 2070 5275 de

410 5305 813 5362 misericordia
842 5312 899 5362 et
927 5306 1187 5373 veritate,
1221 5308 1279 5360 et
1308 5321 1376 5358 ea
1406 5319 1531 5374 qua:
1578 5302 1734 5358 dicet
1763 5321 1825 5361 se
1856 5323 2069 5380 cogno-

408 5391 562 5449 visse
592 5395 708 5450 Deo
739 5395 1004 5451 docente.
1039 5395 1102 5449 In
1134 5392 1396 5449 secunda
1427 5394 1623 5463 parte,
1655 5408 1784 5463 quae
1815 5394 2021 5468 incipit
2052 5414 2065 5453 :

412 5502 440 5532 «
469 5480 919 5541 Confitebuntur
945 5482 1128 5550 cmli,»
1164 5481 1423 5538 ostendit
1445 5478 1703 5549 .multam
1731 5481 1833 5539 Dei
1860 5488 2065 5556 poten-

407 5568 645 5625 tiamJn
664 5572 837 5627 tertia
852 5576 1171 5644 parte,qu
1200 5570 1407 5641 incipit
1441 5585 1452 5622 :
1490 5586 1513 5609 α
1548 5568 1713 5623 Tunc
1744 5568 1999 5645 locutus,
2037 5596 2067 5624 η

406 5658 661 5716 ostendit
687 5660 902 5715 multas
938 5659 1363 5731 promissiones
1399 5657 1497 5713 Dei
1519 5657 1592 5712 ad
1627 5656 1838 5715 Filium
1867 5679 2062 5720 suum.

2179 4716 2379 4757 semen
2407 4700 2600 4766 tuum,
2632 4718 2659 4749 ο
2694 4694 2752 4749 id
2784 4696 2893 4759 est,
2927 4692 3258 4748 imitatores
3290 4693 3555 4764 justitiae
3614 4693 3873 4762 Christi,

2186 4786 2452 4845 ducendo
2484 4800 2584 4841 eos
2616 4805 2639 4827 α
2673 4797 2861 4853 usque
2899 4781 2959 4835 in
2997 4785 3305 4837 aeternum.
3340 4801 3363 4825 »ι

2256 4878 2327 4932 Et
2343 4872 2641 4930 aedificabo
2673 4869 2871 4926 sedem
2901 4873 3087 4941 tuam,
3108 4895 3131 4921 »ν
3164 4870 3221 4925 id
3253 4874 3345 4928 est
3374 4870 3507 4927 illos
3535 4870 3592 4926 in
3627 4873 3866 4944 quibus

2180 4962 2457 5038 quiescis,
2493 4965 2551 5017 et
2597 4958 2833 5032 judicas
2860 4980 2882 5005 «
2914 4958 2972 5014 in
3004 4960 3377 5033 generatione
3409 4987 3432 5011 ››
3464 4959 3698 5032 gentili,
3738 4980 3765 5005 α
3801 4967 3865 5018 et

2180 5050 2620 5127 generationem
2646 5078 2669 5101 υ
2704 5047 3128 5120 Judaicam,vel
3159 5065 3263 5121 per
3293 5065 3497 5105 omnes
3525 5051 3864 5108 successio-

2179 5136 2406 5203 nes,vel
2437 5135 2777 5209 prmparabo
2809 5136 3006 5190 sedem
3040 5139 3227 5202 tuam,
3258 5137 3316 5192 id
3352 5144 3459 5204 est,
3492 5136 3861 5214 imitatores,

2182 5228 2284 5302 qui
2319 5233 2374 5284 te
2404 5227 2859 5291 imitentur,non
2892 5224 2964 5280 ad
2996 5223 3223 5297 horam,
3248 5225 3349 5282 sed
3379 5225 3437 5280 in
3468 5227 3862 5299 generatione

2178 5317 2317 5373 hinc
2345 5314 2732 5388 procedendo,
2773 5328 2962 5383 usque
2993 5313 3053 5367 in
3081 5314 3517 5385 generationem
3556 5313 3858 5373 futuram.

2251 5434 2277 5459 α
2305 5402 2771 5461 Conﬁtebuntur.
2804 5428 2830 5455 ιι
2869 5400 3010 5457 Pars
3041 5402 3323 5459 secunda.
3358 5402 3636 5472 Dixistiul
3673 5404 3862 5461 mise-

2176 5492 2427 5549 ricordia
2456 5490 2863 5560 eadificabitur,
2897 5511 2921 5537 η
2957 5495 3013 5546 et
3038 5490 3193 5547 sicut
3215 5490 3437 5558 dixisti,
3471 5491 3552 5547 ita
3583 5492 3862 5566 complo-

2177 5581 2502 5653 bitur,quia
2534 5599 2558 5625 «ι
2591 5578 2771 5646 cmli,»
2806 5578 2863 5633 id
2895 5579 3309 5652 est,Apostoli,
3347 5598 3373 5623 α
3399 5580 3862 5639 conﬁtebuntur

2177 5669 2475 5726 mirabilia
2504 5671 2607 5724 tua
2692 5665 2868 5723 veluti
2904 5667 2974 5723 de
3005 5670 3296 5725 creatione
3325 5669 3451 5725 σαξῐὶ
3483 5672 3539 5725 et
3574 5673 3777 5740 terre,
3821 5685 3865 5729 θ’
