4048 6180
283 295 396 356 497

1461 301 1960 363 EXPLANATIO
2005 301 2083 363 IN
2127 305 2264 366 PSA
2279 306 2507 370 LMOS.

3567 317 3686 382 498

281 430 391 487 hoc
417 429 677 486 ostendit
708 429 764 484 in
789 434 952 502 parte
984 429 1365 501 mirabilium,
1398 449 1531 489 eum
1573 432 1717 490 dicit
1745 458 1772 483 ιι
1807 439 1930 490 ete-
1961 437 2015 503 Α
2044 436 2348 510 dignitate,
2381 457 2499 513 qua
2530 442 2692 514 prius
2726 443 2965 511 nitebat,
2999 445 3257 518 privatus
3288 448 3414 508 fuit.
3432 474 3460 501 «
3485 449 3688 508 Humi-

281 520 405 576 nim
443 543 470 568 ››
501 519 941 576 annuntiabunt
971 543 998 569 «
1031 520 1333 577 veritatem
1366 526 1527 578 tuam
1562 546 1590 571 »
1642 541 1755 579 non
1807 523 1934 580 ubi-

277 627 414 682 que,
451 610 606 665 sicut
637 607 950 678 mirabilia,
986 609 1127 681 quia
1153 610 1304 666 inter
1334 629 1537 668 omnes
1568 617 1770 684 gentes
1803 631 1934 686 pos-

276 704 424 756 sunt
472 697 766 754 mirabilia
819 698 917 754 Dei
966 699 1284 767 numerari,
1320 702 1418 756 sed
1468 702 1682 758 veritas
1709 702 1830 770 Dei,
1865 704 1935 761 de

273 789 607 853 nativitate,
641 787 935 860 passione,
964 792 1099 858 etc.,
1133 793 1325 860 potest
1357 793 1412 844 et
1443 791 1614 846 debet
1645 792 1933 848 enuntiari

271 884 514 936 tantum
549 901 576 926 ‹‹
613 877 672 931 in
705 876 949 932 ecclesia
979 880 1340 946 sanctorum,
1379 901 1404 926 η
1439 877 1495 932 in
1530 896 1646 950 qua
1678 879 1801 935 sola
1834 881 1933 937 Dei

271 969 576 1035 nativitas,
609 971 666 1021 et
697 965 911 1038 passio,
931 969 986 1020 et
1018 969 1243 1034 czetera,
1267 970 1322 1020 et
1352 966 1562 1022 colitur
1592 972 1649 1022 et
1679 973 1930 1023 amatur.

350 1061 423 1114 Et
480 1059 627 1112 bene
686 1056 898 1112 debent
953 1055 1212 1110 confiteri
1271 1055 1398 1110 cmli
1456 1056 1750 1112 mirabilia
1809 1061 1930 1126 tua,

269 1173 300 1198 η
341 1146 625 1220 quoniam
658 1143 790 1216 quis
812 1144 870 1198 in
895 1144 1152 1199 nubibus
1175 1168 1200 1193 ‹‹
1225 1144 1278 1198 id
1300 1144 1926 1217 est,interApostolos,

265 1241 337 1293 et
367 1240 608 1292 caeteros
639 1233 875 1290 altiores
906 1233 964 1288 in
997 1232 1315 1298 Ecclesia,«
1343 1233 1669 1305 mquabitur
1692 1256 1718 1282 ››
1746 1234 1804 1288 in
1831 1252 1930 1306 po-

267 1324 466 1382 tentia
490 1346 518 1372 ‹‹
553 1321 848 1378 Domino?
880 1344 906 1369 »
938 1319 1177 1387 nullus;
1210 1320 1318 1387 vel,
1355 1321 1487 1392 quis
1517 1321 1626 1376 erit
1657 1346 1682 1371 «ι
1719 1321 1932 1380 similis
1988 1323 1994 1331 ’

264 1414 396 1470 Deo
433 1412 541 1467 nin
572 1409 906 1467 substantia
937 1432 964 1457 ‹‹
1001 1409 1059 1464 in
1088 1407 1229 1463 ﬁliis
1269 1409 1417 1464 Dei?
1452 1432 1479 1457 η
1521 1409 1698 1465 veluti
1752 1411 1928 1467 etiam

260 1503 335 1558 in
367 1501 592 1558 sanctis
622 1497 890 1571 angelis?
928 1497 1027 1569 qui
1073 1502 1213 1552 sunt
1255 1498 1496 1554 stabiles
1547 1504 1602 1554 et
1650 1499 1926 1555 deificati.

257 1589 508 1657 Nullus,
537 1589 678 1662 quia
707 1605 911 1644 omnes
941 1585 1038 1642 alii
1070 1587 1142 1642 ab
1173 1586 1285 1643 isto
1315 1591 1454 1642 sunt
1483 1589 1659 1643 creati
1691 1592 1748 1643 et
1773 1588 1932 1645 deifi-

259 1679 414 1736 cati.
447 1678 594 1734 Vere
625 1676 828 1733 nullus
858 1675 1186 1748 aequabitur
1214 1676 1480 1744 Domino,
1518 1691 1653 1732 nam
1688 1677 1812 1750 ipse
1840 1681 1930 1734 est

2048 525 2201 582 liasti
2235 551 2261 576 ››
2294 528 2420 585 dico
2454 554 2479 580 ‹‹
2516 531 2573 586 in
2607 532 2842 588 brachio
2874 533 3110 590 virtutis
3140 541 3273 604 tuae,
3310 562 3337 588 »
3379 538 3438 594 id
3485 544 3598 610 est,
3630 541 3688 600 in

2045 615 2303 673 virtuoso
2335 619 2592 685 brachio,
2629 621 2683 676 id
2716 627 2824 689 est,
2861 622 3002 678 Filio
3035 629 3155 693 tuo,
3192 629 3248 681 et
3293 627 3350 680 in
3398 627 3507 684 hoc
3546 645 3694 701 quo-

2046 716 2160 772 que
2187 708 2429 776 apparet
2463 709 2720 777 potentia
2748 714 2868 774 tua,
2905 710 3042 781 quia
3075 715 3136 766 tu
3171 737 3196 760 ‹‹
3231 713 3559 784 dispersisti
3593 715 3699 771 ini-

2048 790 2231 846 micos
2281 797 2433 861 tuos,
2471 817 2498 843 ››
2549 795 2803 860 Judrnos,
2853 798 2952 868 qui
3006 799 3236 855 realiter
3276 801 3528 872 dispersi
3559 807 3699 859 sunt

2048 897 2148 950 per
2179 885 2367 936 totum
2398 885 2706 938 mundum.
2741 887 2811 940 Et
2844 886 2950 941 hoc
2983 905 3216 960 quoque
3246 889 3433 945 fecisti
3464 890 3524 946 in
3557 892 3696 948 bra-

2045 968 2177 1023 chio
2210 973 2331 1035 tuo,
2364 988 2467 1041 per
2497 973 2651 1043 quod
2684 973 2881 1029 omnia
2913 978 3192 1045 operaria.

2115 1057 2185 1111 Et
2215 1059 2358 1113 bene
2391 1059 2660 1116 inimicos
2694 1062 2944 1132 posuisti
2987 1063 3342 1135 disperdere,
3377 1089 3406 1116 «
3439 1067 3577 1138 quia
3607 1069 3690 1124 tui

2044 1150 2184 1201 sunt
2230 1147 2380 1212 cmli,
2413 1152 2470 1202 et
2517 1153 2671 1204 terra
2719 1174 2746 1197 ››
2800 1151 3071 1206 universa
3117 1157 3208 1208 est
3253 1157 3374 1224 tua,
3425 1157 3626 1212 orbem
3661 1181 3688 1206 »

2043 1235 2218 1290 etiam
2251 1258 2277 1284 ‹‹
2315 1239 2500 1300 teme,
2550 1258 2575 1285 ι)
2626 1237 2682 1292 id
2733 1243 2843 1302 est,
2877 1243 3065 1295 totum
3117 1240 3404 1297 circulum
3459 1245 3686 1310 mundi,

2043 1348 2068 1372 ‹‹
2104 1328 2162 1379 et
2194 1325 2617 1396 plenitudinem
2651 1327 2799 1397 ejus,
2839 1351 2864 1375 »
2895 1328 3047 1384 velui
3080 1329 3324 1396 fructus,
3358 1336 3415 1386 et
3459 1350 3687 1404 pecora,

2039 1416 2098 1467 et
2127 1417 2366 1481 cratera;
2401 1418 2463 1469 tu
2495 1414 2778 1484 fundasti,
2809 1438 2836 1465 ››
2874 1417 2931 1472 id
2972 1421 3080 1485 est,
3125 1419 3357 1487 creasti,
3409 1424 3466 1476 et
3509 1422 3687 1478 etiam

2040 1501 2235 1572 ipsum
2267 1501 2568 1558 diabolum
2601 1505 2830 1570 creasti,
2863 1510 2920 1560 et
2949 1506 3057 1561 hoc
3089 1511 3199 1575 est,
3233 1507 3442 1564 creasti
3475 1533 3501 1559 α
3529 1511 3691 1582 aqui-

2039 1588 2232 1644 lonem
2268 1613 2294 1638 ››
2328 1591 2450 1663 qui,
2484 1593 2624 1662 quia
2654 1591 2900 1663 frigidus
2949 1599 3158 1650 ventus
3203 1600 3312 1661 est,
3347 1595 3692 1671 intelligitur

2038 1677 2329 1744 diabolus,
2363 1679 2463 1752 qui
2506 1685 2665 1736 caret
2712 1682 2870 1736 omni
2923 1682 3225 1754 charitate,
3256 1688 3314 1740 et
3360 1687 3460 1757 qui
3509 1687 3580 1742 de
3628 1706 3692 1744 se

261 1794 289 1822 α
335 1769 496 1824 Deus
530 1789 559 1816 ››
585 1771 644 1822 et
673 1764 828 1832 talis,
850 1765 986 1837 «qui
1016 1763 1377 1836 gloriﬁcatur
1407 1765 1465 1819 in
1498 1765 1741 1821 consilio
1765 1782 1930 1822 sano-
1963 1802 2006 1867 Β
2043 1767 2168 1839 ipso
2217 1767 2364 1823 dixit
2396 1784 2408 1823 :
2464 1769 2681 1824 Ponam
2734 1769 2930 1826 sedem
2981 1788 3172 1828 meam
3205 1773 3278 1828 ad
3327 1773 3687 1844 aquilonem,

256 1861 494 1924 torum,
530 1877 559 1906 ιι
593 1855 651 1910 id
682 1857 790 1920 est,
806 1869 979 1926 quem
1011 1852 1198 1908 sancti
1219 1851 1568 1926 gloriﬁcent,
1590 1858 1648 1909 et
1665 1853 1774 1910 hoc
1791 1870 1927 1911 cum

257 1961 492 2020 magno
523 1943 790 2011 consilio,
807 1942 944 2015 quia
961 1958 1092 1998 vere
1105 1941 1364 2014 cogitant
1380 1943 1673 2014 quomodo
1690 1942 1927 2016 dignius

258 2051 406 2092 eum
442 2033 689 2090 laudare
722 2035 967 2104 queunt.
1000 2030 1154 2086 Deus
1204 2029 1332 2086 dico
1364 2054 1392 2080 «
1425 2046 1696 2102 magnus,
1730 2054 1757 2080 »
1789 2032 1930 2104 quia

257 2140 374 2181 sua
396 2119 740 2180 substantia
761 2118 1012 2192 complet
1032 2118 1251 2189 omnia,
1266 2123 1322 2174 et
1353 2143 1380 2169 ‹‹
1403 2118 1682 2176 terribilis
1705 2142 1732 2169 ι)
1755 2136 1929 2193 prop-

256 2218 351 2271 ter
375 2209 683 2285 judicium
715 2209 868 2282 quod
903 2209 1164 2264 facturus
1189 2213 1278 2264 est
1308 2208 1466 2280 ipse;
1499 2208 1629 2265 dico
1675 2208 1930 2268 existens

257 2326 286 2352 α
321 2316 518 2374 super
548 2312 752 2355 omnes
781 2297 880 2370 qui
914 2298 974 2352 in
1003 2295 1251 2353 circuitu
1283 2297 1413 2368 ejus
1444 2303 1650 2366 sunt,»
1670 2297 1728 2354 id
1759 2303 1849 2354 est
1869 2299 1928 2353 in

257 2388 567 2447 famulatu
597 2391 656 2444 et
699 2385 979 2442 comitatu
1029 2387 1180 2458 ejus,
1214 2386 1500 2457 stipantes
1550 2403 1707 2457 eum,
1759 2387 1927 2459 quasi

257 2478 517 2545 milites,
554 2474 868 2533 Dominum
895 2493 908 2542 ;
941 2479 998 2530 et
1029 2474 1138 2530 hoc
1167 2475 1238 2530 de
1268 2473 1514 2547 angelis,
1547 2481 1604 2531 et
1651 2476 1826 2532 etiam
1857 2476 1930 2532 de

257 2566 498 2626 sanctis
533 2565 671 2621 viris
693 2567 883 2638 potest
912 2562 1181 2638 intelligi.

329 2657 504 2714 Deus
537 2654 664 2710 dico
696 2651 1077 2726 gloriﬁcatur,
1091 2658 1148 2709 et
1178 2653 1353 2708 etiam
1389 2654 1511 2726 ipse
1544 2654 1696 2709 Deus
1719 2659 1807 2709 est
1827 2654 1932 2708 Do-

255 2747 475 2803 minus
506 2744 774 2800 omnium
799 2743 1103 2804 virtutum,
1139 2747 1197 2798 et
1227 2741 1355 2798 ideo
1387 2759 1557 2797 nemo
1590 2745 1781 2815 potest
1802 2759 1932 2798 esse

256 2834 492 2892 similis
526 2832 616 2901 ei;
650 2837 707 2888 et
737 2831 844 2886 hoc
874 2835 962 2887 est
991 2832 1145 2903 quod
1189 2829 1348 2902 dicit,
1382 2830 1644 2886 faciendo
1692 2847 1929 2886 conver-

254 2925 504 2981 sionem
538 2922 610 2977 ad
644 2921 836 2993 ipsum
873 2937 884 2973 ε
920 2943 946 2968 ‹‹
986 2919 1230 2975 Domine
1261 2920 1414 2975 Deus
1447 2919 1727 2975 virtutum
1764 2941 1790 2969 η
1824 2936 1932 2975 ca:-

260 3014 524 3070 lestium
557 3009 646 3066 vel
673 3010 840 3064 dator
866 3009 1148 3063 virtutum
1184 3013 1514 3064 nostrarum
1549 3025 1652 3081 per
1679 3024 1826 3080 quas
1848 3009 1933 3063 fu-

261 3103 350 3159 cis
417 3099 698 3158 homines
745 3098 1062 3153 virtutibus
1110 3096 1443 3153 cmlestibus
1491 3095 1736 3152 similes.
1787 3099 1928 3152 Cum

2041 1878 2068 1905 ι‹
2101 1860 2160 1912 et
2191 1872 2369 1924 mare,
2407 1878 2434 1906 ››
2469 1857 2525 1911 id
2556 1860 2666 1923 est,
2699 1857 2969 1914 inimicos
3006 1863 3139 1915 tuos
3186 1861 3600 1930 amaricantes,
3633 1867 3691 1918 et

2039 1945 2393 2000 ﬂuctuantes
2425 1948 2629 2000 contra
2656 1949 2732 2012 te,
2767 1968 2795 1995 «
2830 1949 2892 2001 tu
2925 1948 3157 2004 creasti.
3193 1971 3220 1999 ιι

2109 2033 2180 2088 Et
2209 2031 2348 2104 quia
2376 2035 2500 2088 tam
2543 2038 2749 2105 potens
2799 2050 2883 2100 es,
2916 2034 3046 2091 ideo
3078 2059 3104 2085 ‹‹
3157 2037 3391 2092 Thabor
3437 2043 3494 2094 et
3543 2040 3687 2094 Her-

2039 2138 2200 2191 mon,
2235 2143 2262 2169 »
2295 2121 2352 2175 id
2383 2125 2492 2187 est,
2521 2121 2706 2177 Judmi
2754 2127 2812 2177 et
2858 2123 3124 2195 gentiles,
3161 2147 3189 2174 «
3221 2125 3598 2182 exsullabunt
3626 2127 3686 2185 in

2042 2209 2277 2264 nomine
2306 2213 2429 2275 tuo,
2467 2233 2493 2258 ››
2527 2211 2668 2281 quia
2697 2209 2800 2266 tibi
2833 2228 3000 2266 suam
3042 2212 3486 2269 exsultationem
3516 2215 3686 2271 attri-

2041 2297 2386 2368 buent,ideo
2417 2298 2556 2370 quia
2588 2322 2615 2349 «
2649 2303 2818 2354 tuum
2851 2299 3154 2355 brachium
3188 2325 3214 2350 ››
3247 2305 3337 2357 est
3369 2325 3397 2353 ‹‹
3428 2319 3561 2358 cum
3593 2321 3690 2376 po-

2039 2385 2287 2452 tentia,»
2319 2386 2376 2441 id
2408 2392 2670 2451 est,tuus
2703 2387 2885 2444 Filius
2916 2394 3006 2444 est
3035 2406 3169 2445 cum
3201 2391 3688 2465 cfficientia,quia

2041 2473 2186 2530 nihil
2221 2492 2340 2531 suae
2369 2474 2655 2531 voluntati
2691 2481 2884 2548 potest
2915 2477 3200 2534 resistere.
3233 2479 3357 2546 Vel,
3391 2505 3416 2530 ‹‹
3455 2481 3692 2538 Thabor

2039 2567 2098 2619 et
2128 2565 2375 2618 llermon
2409 2565 2804 2633 exsultabunt,
2845 2590 2870 2613 ››
2906 2567 2960 2621 id
2994 2572 3102 2634 est,
3136 2585 3270 2623 cum
3302 2570 3689 2628 exsultatione

2041 2653 2508 2724 pronuntiabunt
2538 2658 2703 2708 tuum
2728 2655 3054 2724 brachium,
3073 2657 3129 2711 id
3146 2661 3254 2722 est,
3271 2657 3480 2714 Filium
3494 2662 3686 2728 tuum,

2039 2739 2431 2811 intelligentes
2469 2739 2636 2796 illum
2687 2758 2815 2797 esse
2845 2760 2978 2798 cum
3031 2744 3310 2815 potentia,
3351 2751 3410 2801 et
3457 2746 3568 2802 hoc
3615 2749 3688 2804 ad

2040 2829 2272 2885 laudem
2308 2834 2494 2901 tuam,
2526 2829 2751 2886 scilicet
2795 2831 2853 2886 in
2904 2833 3138 2887 nomine
3190 2837 3290 2889 tuo
3317 2833 3690 2892 exsultando.

2041 2919 2276 2974 Thabor
2302 2918 2721 2990 interpretatur
2746 2921 2986 2977 veniens
3018 2922 3238 2987 lumen,
3272 2939 3376 2994 per
3403 2917 3687 2995 quod'Ju-

2041 3008 2147 3064 daei
2197 3006 2628 3080 significantur,
2680 3007 2830 3064 inter
2878 3026 3025 3080 quos
3063 3009 3225 3081 prius
3275 3011 3432 3067 venit
3462 3011 3688 3082 lumen,

2041 3097 2191 3166 quod
2226 3101 2315 3151 est
2345 3095 2632 3152 Christus.
2651 3097 2900 3152 l‘Iermon
2924 3099 3337 3171 interpretatur
3352 3102 3686 3167 anathema,

256 3192 430 3248 enim
465 3190 576 3245 das
607 3187 830 3243 homini
865 3185 1289 3259 plenitudinem
1341 3185 1618 3251 scientize,
1655 3185 1796 3241 facis
1845 3185 1920 3239 si-
1957 3168 2000 3233 Ο
2040 3202 2143 3258 per
2171 3187 2325 3257 quod
2359 3185 2770 3257 intelliguntur
2797 3168 3202 3259 gentiles,qui,
3235 3189 3466 3261 cognito
3493 3189 3685 3246 Chris-

255 3280 473 3337 milem
527 3275 846 3348 seraphim.
898 3274 1199 3343 Similiter,
1250 3293 1350 3347 per
1397 3279 1634 3330 crateras
1681 3275 1927 3330 virtutes

255 3369 372 3425 sibi
413 3369 612 3436 datas,
642 3364 862 3432 caeteris
893 3363 1198 3420 ordinibus
1227 3363 1497 3419 homines
1543 3363 1767 3419 similes
1797 3365 1926 3419 red-

254 3459 440 3522 dunt,
470 3457 534 3511 et
560 3453 688 3509 ideo
719 3477 747 3503 «
785 3454 918 3525 quis
949 3451 1160 3509 similis
1191 3453 1296 3508 tibi
1317 3454 1345 3507 ‘I
1376 3476 1401 3501 ››
1443 3451 1652 3507 Nullus
1685 3452 1924 3524 utique;

252 3552 317 3604 tu
353 3544 531 3601 cnim
564 3567 591 3593 ‹‹
627 3547 832 3615 potens
863 3559 946 3614 es,
981 3542 1246 3611 Domine,
1282 3565 1309 3592 »
1345 3559 1412 3596 ex
1440 3546 1494 3596 te
1527 3540 1672 3606 solo,
1695 3558 1800 3596 nec
1831 3540 1930 3596 ali-

254 3636 400 3710 quis
456 3632 639 3688 habet
684 3632 1028 3704 potentiam,
1083 3630 1193 3684 nisi
1249 3647 1352 3704 per
1401 3634 1474 3685 te.
1533 3653 1558 3679 ‹‹
1605 3631 1673 3684 Et
1714 3630 1929 3685 veritas

254 3729 363 3779 tua
405 3745 436 3771 »τ
469 3725 562 3776 est
593 3743 621 3768 «
654 3721 714 3774 in
745 3719 991 3774 circuitu
1015 3723 1113 3775 tuo
1149 3742 1175 3768 ››
1207 3718 1264 3773 in
1293 3718 1511 3790 quibus
1545 3723 1655 3772 ture
1689 3717 1931 3789 promis-

255 3813 470 3869 siones
525 3807 822 3880 completas
869 3813 1027 3875 sunt,
1081 3812 1322 3880 apparet
1371 3807 1526 3878 quod
1577 3823 1748 3861 verax
1776 3822 1837 3861 es
1869 3807 1927 3862 in

257 3897 611 3974 promissis.
643 3896 766 3962 Ve],
798 3896 1011 3952 veritas
1041 3902 1140 3951 tua
1166 3899 1256 3951 est
1277 3895 1335 3949 in
1368 3894 1613 3950 circuitu
1647 3899 1767 3964 tuo,
1791 3895 1931 3966 quia

251 4005 396 4047 cum
432 4003 554 4042 non
586 3985 808 4041 habeas
863 3985 922 4039 in
971 3983 1220 4040 circuitu
1251 3987 1308 4039 et
1338 3983 1624 4038 famulatu
1659 3987 1777 4049 tuo,
1815 3983 1927 4039 nisi

2036 3279 2116 3340 to,
2150 3274 2463 3329 anathema
2493 3275 2764 3330 dixerunt
2793 3275 3045 3332 diabolo.

2110 3363 2247 3418 Dico
2297 3362 2530 3417 Thabor
2579 3367 2636 3417 et
2683 3365 2930 3419 Hermon
2983 3369 3072 3420 est
3117 3383 3253 3420 cum
3304 3368 3588 3439 potentia,
3628 3372 3689 3424 et

2039 3476 2066 3501 «
2102 3469 2314 3506 manus
2347 3455 2468 3516 tua,
2505 3476 2531 3500 ››
2565 3453 2620 3506 id
2653 3459 2760 3519 est,
2795 3454 3051 3525 operatio
3084 3455 3240 3510 illius
3272 3457 3689 3524 brachii,velut

2039 3541 2098 3595 in
2132 3539 2506 3594 conversione
2539 3539 2825 3595 malorum
2861 3543 2930 3596 ad
2979 3543 3154 3598 fidem
3181 3561 3207 3590 «
3242 3544 3528 3616 firmetur,
3562 3567 3586 3591 η
3623 3550 3688 3600 ut

2039 3646 2138 3685 eos
2162 3629 2216 3683 in
2241 3629 2480 3700 justitia
2507 3630 2734 3700 fideque
2755 3631 3106 3697 corroboret,
3123 3635 3182 3685 et
3213 3651 3235 3674 α
3253 3633 3490 3688 dextera
3511 3637 3632 3700 tua,
3658 3657 3685 3683 ι)

2039 3718 2094 3772 id
2124 3722 2233 3784 est,
2267 3717 2367 3772 illa
2400 3717 2689 3789 potentior
2717 3717 2994 3788 operatio,
3029 3718 3252 3774 scilicet
3291 3719 3351 3774 in
3392 3721 3686 3790 justiﬁca-

2038 3807 2196 3862 tione
2227 3811 2283 3861 et
2311 3804 2661 3877 perfectione
2684 3807 3005 3876 justorum,
3039 3821 3068 3852 α
3099 3805 3408 3875 exaltetur,
3428 3825 3452 3850 η
3485 3807 3542 3862 id
3574 3812 3686 3874 est,

2039 3911 2226 3965 usque
2273 3894 2344 3949 ad
2396 3892 2606 3948 cmlum
2655 3894 2934 3964 perducat
2984 3911 3082 3948 eos
3118 3893 3404 3965 «justitia
3443 3899 3502 3950 et
3522 3895 3686 3967 judi-

2039 3982 2195 4037 cium
2231 3999 2242 4036 :
2278 4002 2304 4033 ο
2337 3981 2578 4046 scilicet,
2603 3997 2737 4036 cum
2783 3981 3048 4036 homines
3092 3982 3374 4038 videbunt
3421 3987 3478 4039 te
3521 3984 3685 4056 juste

247 4095 351 4138 eos
387 4075 499 4148 qui
534 4090 772 4130 veraces
805 4079 965 4144 sunt,
1011 4077 1253 4145 apparet
1301 4077 1358 4128 te
1403 4088 1664 4128 veracem
1715 4087 1862 4139 esse,
1895 4090 1930 4128 a
2029 4071 2317 4142 judicare,
2351 4070 2460 4126 erit
2491 4093 2511 4115 «
2545 4069 2889 4141 praeparatio
2923 4070 3079 4126 sedis
3129 4075 3260 4137 tuae,
3295 4090 3319 4114 ι)
3352 4072 3492 4144 quia
3540 4076 3686 4130 tunc

250 4183 374 4240 quo
408 4167 585 4219 tanta
616 4161 841 4218 familia
868 4161 1173 4218 veritatem
1207 4160 1440 4233 recepit.

325 4255 488 4310 Vere
520 4268 584 4308 es
615 4255 838 4322 potens,
866 4250 1003 4323 quia
1024 4275 1048 4300 ‹‹
1077 4254 1138 4304 tu
1164 4249 1486 4305 dominaris
1509 4249 1783 4320 potestati
1812 4267 1928 4304 ma-

253 4343 361 4409 ris,
403 4344 641 4398 motum
675 4344 868 4396 autem
903 4340 1192 4394 fluctuum
1223 4339 1350 4406 eius
1391 4343 1452 4392 tu
1501 4337 1758 4410 mitigas,
1793 4362 1820 4385 ››
1852 4340 1924 4394 ad

253 4421 575 4495 litteram;
606 4427 692 4483 vel
728 4428 809 4483 ita
854 4429 922 4482 ad
957 4426 1296 4499 allegoriam
1331 4443 1343 4480 :
1401 4451 1425 4474 ‹‹
1463 4427 1551 4481 'l‘u
1603 4427 1926 4483 dominaris

254 4517 551 4593 potestati
583 4518 785 4582 maris,
817 4540 842 4565 »
877 4517 932 4571 id
963 4521 1072 4581 est,
1109 4517 1430 4588 potentiam
1479 4516 1656 4586 hujus
1705 4516 1922 4580 saeculi,
1959 4537 2002 4600 ί)

253 4609 315 4664 in
350 4625 481 4682 quo
511 4605 733 4673 nullus,
769 4604 880 4661 nisi
925 4610 979 4660 te
1029 4606 1422 4678 permittente,
1459 4610 1652 4676 potest
1701 4605 1922 4677 aliquid

253 4696 547 4769 mitigare
577 4718 604 4744 ‹‹
645 4699 872 4751 motum
906 4695 1192 4750 fluctuum
1225 4694 1375 4763 ejus,
1412 4717 1437 4741 »ι
1472 4693 1529 4747 id
1553 4698 1662 4758 est,
1696 4693 1928 4749 seditio-

251 4803 409 4842 num
445 4801 578 4857 quaa
607 4789 914 4840 moventur
939 4784 996 4837 in
1031 4784 1278 4849 mundo;
1304 4805 1330 4832 ‹‹
1368 4788 1428 4836 tu
1455 4781 1711 4853 mitigas,
1741 4804 1767 4831 ››
1794 4782 1928 4837 licet

259 4893 388 4931 non
426 4891 673 4946 prorsus
708 4873 958 4928 auferas.
995 4871 1301 4944 Rcliquisti
1343 4870 1496 4925 enim
1545 4870 1765 4925 sanctis
1811 4871 1927 4925 tuis

261 4962 740 5038 persecutiones,
792 4962 863 5017 ad
913 4978 1112 5017 eorum
1165 4959 1587 5032 probationem.
1639 4960 1720 5014 Ad
1767 4959 1928 5014 litte-

261 5071 400 5109 ram
440 5070 452 5108 :
485 5052 756 5106 Christus
790 5069 946 5106 mare
977 5051 1286 5121 mitigavit,
1307 5050 1560 5121 quando,
1583 5065 1829 5120 surgens
1859 5048 1930 5103 de

261 5141 407 5198 navi
444 5140 505 5194 in
539 5156 656 5212 qua
687 5137 1031 5203 dormiebat,
1066 5137 1373 5210 imperavit
1400 5137 1586 5191 ventis
1607 5142 1666 5191 et
1698 5136 1864 5192 mari.

333 5251 365 5277 «
403 5229 495 5283 Tu
531 5226 876 5283 humiliasti.
914 5248 941 5277 »
978 5226 1081 5282 Per
1101 5226 1208 5281 hoc
1231 5224 1384 5280 enim
1408 5230 1649 5296 apparet
1669 5225 1929 5296 potentia

255 5323 391 5388 tua,
410 5317 592 5384 Deus,
615 5315 752 5388 quia
783 5321 844 5370 tu
878 5314 1200 5370 humiliasti
1234 5313 1558 5384 dejiciendo
1591 5313 1659 5366 de
1693 5313 1834 5367 00:10
1869 5313 1924 5366 in

254 5405 423 5464 hanc
455 5403 793 5461 inferiorem
826 5404 976 5460 aeris
1010 5425 1036 5452 ‹‹
1068 5403 1406 5474 superbum,
1445 5425 1472 5449 »
1504 5401 1558 5456 id
1594 5406 1702 5466 est,
1728 5401 1928 5455 diabo-

257 5492 420 5558 lum,
457 5493 557 5565 qui
588 5492 966 5564 singulariter
1007 5491 1295 5563 superbus
1325 5495 1434 5556 est,
1470 5515 1496 5538 ‹‹
1531 5489 1685 5546 sicut
1726 5489 1928 5545 vulne-

258 5586 496 5638 ratum.
538 5607 564 5629 η
599 5581 951 5638 Vulneratus
982 5583 1091 5636 fuit
1123 5579 1410 5646 diabolus,
1445 5581 1677 5652 quando
1719 5580 1842 5636 luce
1875 5584 1931 5636 et

2037 4161 2390 4229 cognoscent
2420 4158 2477 4211 in
2511 4156 2728 4228 quibus
2749 4157 2854 4212 tibi
2887 4159 3084 4214 sedem
3117 4161 3476 4232 praeparasti.

2110 4246 2192 4301 lbi
2225 4245 2334 4301 erit
2357 4245 2593 4318 justitia
2622 4249 2677 4300 et
2707 4246 3023 4315 judicium,
3052 4249 3288 4303 interim
3313 4255 3508 4306 autem
3535 4271 3557 4294 α
3583 4251 3688 4306 mi-

2036 4335 2354 4390 sericordia
2382 4339 2440 4389 et
2468 4335 2704 4404 veritas,
2732 4355 2754 4378 τι
2789 4335 2844 4389 id
2878 4340 2986 4402 est,
3019 4337 3287 4392 remissio
3311 4344 3682 4410 peccatorum

2035 4429 2092 4480 ct
2118 4423 2231 4479 alia
2250 4424 2646 4494 beneficiaper
2667 4423 3128 4480 misericordiam
3151 4430 3209 4481 et
3230 4427 3679 4497 promissionem

2035 4513 2194 4582 data,
2229 4541 2250 4564 «
2286 4513 2616 4584 prmcedent
2647 4512 2848 4567 faciem
2883 4518 3090 4568 tuam»
3127 4519 3191 4567 ut
3222 4529 3324 4584 per
3352 4513 3474 4569 tunc
3503 4515 3677 4571 bene-

2035 4603 2166 4657 ficia
2199 4601 2610 4674 prmvenientia
2627 4606 2680 4655 te
2701 4601 3234 4672 futurumjudieem
3257 4600 3438 4674 aliqui
3463 4620 3679 4676 praepa-

2037 4696 2260 4760 rentur,
2275 4690 2372 4762 qui
2405 4708 2536 4745 cum
2570 4690 2770 4745 electis
2802 4691 2859 4745 in
2886 4691 3110 4762 judicio
3133 4690 3522 4759 salventur,et
3541 4692 3680 4764 quia

2039 4780 2442 4834 misericordia
2471 4785 2527 4833 et
2558 4780 2770 4834 veritas
2813 4781 3156 4851 prrecedent,
3192 4780 3320 4835 ideo
3352 4803 3376 4826 α
3410 4782 3616 4838 beatus
3651 4806 3672 4832 ιι

2037 4873 2128 4925 est
2161 4898 2183 4920 ‹‹
2219 4868 2469 4940 populus
2500 4867 2599 4939 qui
2647 4868 2757 4922 scit
2788 4885 2812 4913 υ
2848 4869 2996 4924 banc
3049 4890 3071 4913 «
3096 4869 3530 4940 jubilationem,
3565 4892 3588 4916 ι»
3619 4870 3676 4925 id

2039 4962 2148 5024 est,
2183 4957 2280 5028 qui
2316 4955 2605 5011 ineffabile
2635 4958 2918 5028 gaudium
2949 4958 3049 5013 Dei
3089 4957 3360 5030 concipit,
3394 4958 3476 5012 ita
3521 4960 3678 5029 quod

2040 5047 2148 5100 hoc
2180 5045 2354 5101 faciat
2385 5046 2761 5114 conscientia,
2803 5048 3026 5104 scilicet
3074 5049 3306 5104 laudem
3351 5047 3460 5102 sibi
3507 5049 3680 5104 attri-

2037 5136 2247 5200 buens,
2282 5140 2338 5190 et
2371 5135 2715 5191 rationabile
2747 5137 3095 5209 obsequium
3127 5139 3271 5191 bene
3319 5136 3678 5194 discernens.

2111 5225 2261 5279 Bene
2292 5225 2420 5279 dico
2452 5226 2679 5295 beatus,
2716 5226 2875 5297 quia,
2905 5244 2936 5281 ο
2971 5247 2992 5270 α
3028 5226 3289 5296 Domine,
3325 5244 3348 5269 ››
3380 5225 3466 5280 illi
3499 5246 3521 5270 «
3555 5244 3680 5282 am-

2038 5313 2328 5368 bulabunt
2359 5313 2416 5368 in
2447 5313 2672 5368 lumine
2702 5315 2786 5368 tui
2817 5314 3031 5380 vultus,
3065 5334 3091 5363 ››
3124 5314 3180 5369 id
3209 5319 3318 5382 est,
3351 5316 3684 5388 cognitione

2042 5403 2169 5458 Filii
2204 5403 2310 5468 tui,
2341 5403 2437 5474 qui
2463 5409 2597 5458 tuus
2625 5403 2840 5457 dicitur
2868 5402 3236 5476 vultus,quia
3267 5423 3370 5477 per
3397 5424 3532 5461 eum
3558 5405 3684 5480 ipse

2039 5491 2428 5562 cognosceris.
2448 5511 2468 5532 α
2502 5492 2571 5544 Et
2601 5489 2978 5546 exsultalmnt
3001 5497 3122 5548 tota
3152 5494 3265 5558 die,
3284 5524 3306 5547 υ
3329 5495 3385 5548 id
3419 5496 3686 5560 est,assi-

2041 5581 2251 5650 due,ct
2287 5601 2307 5618 ιι
2342 5579 2397 5632 in
2436 5580 2665 5634 nomine
2699 5587 2797 5635 tuo
2835 5601 2855 5622 η
2891 5581 3363 5653 glorificando,et
3390 5603 3412 5627 ν»
3447 5586 3684 5641 tandem
