4080 6180
383 305 501 367 499

805 301 1214 364 HAYMONIS
1245 303 1346 362 HA
1361 283 1786 361 LBERSTA’l‘.
1818 295 2062 357 EPISG.
2097 295 2267 357 opp.
2294 271 2503 356 PARS
2529 294 2578 356 ι.
2613 329 2690 339 -
2719 293 3127 356 COMMENT.
3167 293 3360 354 BIBL.

3665 291 3782 352 500

387 455 418 488 ι(
444 434 860 493 exaltabuntur
885 434 946 489 in
970 433 1206 506 justitia
1237 435 1358 502 tua,
1373 462 1398 486 η
1423 432 1656 506 quando
1679 429 2030 486 obtinebunt
2059 427 2113 496 Α
2213 429 2282 484 Et
2312 445 2413 501 per
2437 429 2558 484 haac
2589 427 2788 484 omnia
2818 455 2842 478 ‹‹
2875 426 3178 484 concidam
3203 425 3476 482 inimicos
3504 425 3685 497 ejus,»
3719 428 3786 481 ut

383 539 631 597 regnum
661 522 892 580 sceleste
921 539 1025 594 per
1045 520 1342 594 justitiam
1375 538 1553 593 quam
1585 525 1646 576 tu
1679 520 1764 576 eis
1793 517 2025 575 dedisti.

455 615 590 670 ideo
619 611 1051 678 exaltabuntur,
1087 634 1108 659 «
1150 611 1428 683 quoniam
1461 614 1523 666 tu
1556 627 1619 666 es
1643 609 1829 683 gioria
1855 608 2032 663 virtu-

328 699 332 704 ’
381 702 458 759 tis
489 717 714 772 eorum,
750 721 775 746 «ι
805 699 865 755 id
896 703 1005 766 est,
1047 699 1176 766 tibi,
1212 717 1327 755 non
1367 699 1500 765 sibi,
1533 699 1810 755 virtutem
1862 714 2030 754 suam

383 790 739 858 attribuunt,
767 791 827 845 et
856 793 933 855 te,
969 806 1085 845 non
1130 806 1212 856 se,
1246 792 1520 860 reputant
1563 787 1884 861 gloriosum
1919 805 1932 842 :
1975 791 2034 843 et

383 877 526 950 quia
553 876 649 934 ille
679 877 780 950 qui
813 876 1074 950 loquitur
1102 876 1378 950 intelligit
1408 894 1470 932 se
1503 877 1573 932 de
1625 894 1867 932 numero
1899 875 2033 932 illo-

385 983 540 1032 rum,
571 966 739 1039 ponit
767 983 830 1023 se
860 965 1014 1022 inter
1042 983 1140 1022 eos
1172 965 1256 1022 sic
1287 965 1522 1022 dicens:
1556 967 1627 1022 Et
1657 966 1782 1022 ideo
1807 984 1829 1007 «
1853 982 2032 1020 cornu

387 1057 679 1122 nostrum,
711 1074 737 1101 ιο
771 1055 829 1110 id
862 1059 972 1121 est,
1007 1053 1288 1110 fortitudo
1315 1058 1516 1109 nostra
1547 1072 1570 1095 «ι
1603 1053 1974 1119 exaltabitur,
2005 1076 2032 1102 ››

387 1145 448 1200 id
477 1147 586 1210 est,
620 1146 914 1200 excrescat
943 1159 968 1186 (ι
998 1143 1058 1198 in
1091 1143 1454 1215 beneplaciio
1485 1146 1605 1207 tuo,
1641 1163 1663 1186 υ
1699 1142 1754 1198 id
1788 1147 1898 1209 est,
1931 1159 2036 1214 per

389 1231 600 1289 Filium
629 1235 822 1298 tuum,
855 1232 914 1286 in
942 1248 1058 1304 quo
1089 1230 1194 1287 tibi
1243 1231 1390 1287 bene
1427 1231 1780 1304 complacuit
1826 1231 2030 1301 (Matth.

387 1323 493 1390 ιιι).

457 1411 649 1467 Cornu
679 1409 808 1466 dico
855 1408 1226 1475 exaltabitur,
1260 1409 1400 1482 quia
1447 1410 1716 1466 Christus
1773 1413 2038 1466 assumat

389 1503 654 1556 nostram
691 1497 1144 1566 humanitatem,
1175 1515 1278 1572 per
1326 1517 1504 1572 quam
1557 1503 1758 1556 nostra
1806 1515 2037 1572 quoque

389 1587 740 1646 exaltabitur
768 1585 1138 1656 humanitas;
1169 1590 1228 1643 et
1255 1587 1366 1644 hoc
1395 1591 1485 1644 est
1515 1605 1529 1644 :
1561 1604 1590 1636 α
1621 1588 1759 1660 quia
1805 1587 2036 1644 Domini

389 1679 481 1733 est
509 1675 838 1748 assumptio
881 1679 1101 1743 nostra,
1132 1695 1155 1722 ο
1191 1675 1250 1732 id
1303 1679 1412 1744 est,
1450 1677 1730 1734 Dominus
1774 1680 2040 1733 assumet

389 1779 628 1822 carnem
654 1768 919 1822 nostram
952 1781 966 1822 :
998 1769 1058 1822 et
1087 1765 1260 1838 cujus
1290 1765 1522 1822 Domini
1555 1765 1922 1838 peterminat,
1949 1764 2036 1820 di-
2066 1802 2115 1867 Β

389 1871 529 1912 cens
563 1871 576 1912 :
613 1875 638 1900 «
668 1857 727 1911 et
757 1854 946 1912 sancti
981 1853 1179 1920 Israel,
1211 1881 1239 1914 ιι
1272 1854 1330 1910 id
1362 1858 1470 1922 est,
1503 1854 1666 1912 illius
1697 1854 1797 1928 qui
1829 1854 2038 1911 sancti-

390 1943 527 2000 ﬁcat
555 1941 754 2010 Israel,
786 1943 896 2000 hoc
925 1947 1036 2011 est,
1068 1941 1304 2011 Christi,
1340 1942 1465 2000 sine
1487 1959 1602 2016 quo
1633 1942 1832 2000 nullus
1862 1961 2036 2000 sanc-

384 2032 646 2090 titicatus
691 2032 888 2098 fuerit,
944 2031 1168 2088 scilicet
1216 2048 1241 2074 (ι
1293 2032 1447 2106 regis
1498 2031 1704 2098 nostri,
1737 2061 1761 2084 ι)
1815 2033 1873 2088 id
1925 2037 2034 2100 est,

389 2119 580 2194 ipsius
611 2119 845 2188 Christi,
880 2119 981 2192 qui
1013 2136 1120 2175 nos
1148 2118 1207 2174 in
1233 2119 1468 2192 justitia
1500 2120 1668 2193 regit.

463 2231 488 2254 «ι
519 2209 684 2265 Tunc
713 2205 967 2264 locutus.
1001 2233 1026 2258 η
1059 2207 1199 2263 Pars
1229 2205 1418 2262 tertia.
1443 2207 1757 2280 Postquam
1783 2211 2039 2266 ostendit

391 2295 718 2370 potentiam
750 2295 900 2363 Filii,
933 2295 1190 2352 ostendit
1216 2294 1634 2369 promissiones
1661 2297 1842 2354 factas
1873 2297 2036 2368 Filio,

392 2402 497 2458 per
523 2401 672 2458 quas
703 2384 1122 2458 comprobatur
1160 2383 1422 2456 potentia
1469 2383 1808 2457 supradicta
1851 2385 2038 2460 ipsius

393 2471 546 2531 Filii.
595 2469 968 2530 Continuatio
1003 2489 1016 2530 :
1059 2473 1150 2528 Tu
1199 2471 1418 2538 dixisti,
1453 2471 1854 2532 misericordia
1893 2475 2037 2530 mihi

396 2559 782 2620 ediﬁcabitur
827 2558 890 2618 in
938 2559 1120 2630 cmlis,
1171 2563 1229 2618 et
1276 2577 1390 2618 non
1443 2565 1607 2619 notat
1651 2567 1906 2638 tempus,
1937 2563 2038 2621 sed

396 2673 420 2703 ι
455 2655 618 2719 tunc,
651 2667 677 2696 η
708 2644 769 2708 id
799 2650 908 2719 est,
941 2647 1233 2718 similiter,
1281 2649 1453 2708 sicuti
1493 2655 1550 2708 et
1579 2649 1724 2708 mihi
1757 2669 1782 2694 α
1808 2650 2038 2710 locutus

391 2756 456 2798 es
486 2760 510 2787 ιι
544 2737 677 2798 aliis
703 2737 972 2797 «sanctis
1001 2738 1120 2797 tuis
1147 2739 1208 2796 in
1239 2739 1519 2809 visione,»
1553 2740 1613 2797 id
1643 2741 1827 2810 est,in
1845 2740 2042 2816 aliqua

391 2827 684 2906 spirituali
719 2827 1087 2896 revelatione,
1123 2860 1146 2884 ει
1179 2828 1396 2896 dixisti,
1425 2850 1448 2874 ιι
1483 2829 1540 2886 id
1569 2833 1678 2898 est,
1710 2847 1814 2904 per
1855 2831 2040 2904 inspi-

389 2921 678 2978 rationem
707 2917 793 2976 eis
826 2917 1127 2988 revelasti;
1164 2918 1274 2976 hoc
1305 2918 1526 2976 scilicet
1559 2935 1572 2975 :
1607 2946 1633 2978 α
1666 2919 1835 2977 Posui
1871 2921 2038 2993 adju-

389 3011 608 3068 torium
637 3023 834 3066 meum
865 3007 924 3063 in
955 3011 1210 3082 potente,
1226 3031 1250 3056 »
1268 3007 1326 3064 id
1359 3007 1524 3065 estin
1548 3007 1902 3081 Filio,quem
1921 3009 2040 3066 tuis

392 3099 669 3156 ﬁdelibus
701 3097 1029 3169 adjutorem
1060 3095 1442 3166 constituisti,
1468 3117 1492 3143 α
1520 3099 1578 3152 et
1603 3122 1628 3148 η
1664 3097 1860 3170 ipsum
1887 3129 1911 3154 ιι
1933 3098 2044 3155 ele-

2139 517 2237 588 qui
2263 517 2426 590 prius
2447 522 2614 574 erant
2645 515 2889 584 inimici,
2911 515 3030 572 sint
3060 513 3280 572 concisi
3307 519 3365 571 et
3395 515 3674 572 destructi
3711 515 3784 571 ab

2137 605 2465 673 inimicitia,
2497 611 2554 662 et
2595 606 2701 662 hoc
2751 629 2774 653 (ι
2807 623 2841 662 a
2890 605 3034 660 facie
3091 603 3358 678 ipsius,»
3417 604 3473 660 id
3525 608 3634 676 est,
3687 622 3788 677 per

2140 695 2532 768 cognitionem
2555 693 2742 767 ipsius
2761 713 2774 762 ;
2791 693 3336 766 italoquitur,quasi
3349 693 3420 749 de
3447 693 3645 766 aliquo
3677 695 3787 749 im-

2141 788 2407 856 peratore
2445 801 2480 838 a
2527 785 2701 856 cujus
2756 783 2900 839 facie
2961 782 3184 838 inimici
3243 782 3642 855 dissipantur;
3676 800 3704 830 α
3733 787 3791 840 et

2141 874 2404 931 odicntes
2420 891 2553 930 cum
2575 874 2635 930 in
2660 875 2857 946 fugam
2889 877 3289 941 convertam,»
3322 873 3378 928 id
3411 877 3519 938 est,
3553 877 3620 928 ut
3649 873 3789 929 vitia

2142 981 2269 1036 quae
2301 963 2463 1036 prius
2493 963 2998 1036 amplectebantur
3009 963 3136 1035 jam
3171 961 3608 1036 fugiant,etipsi
3633 962 3790 1018 Chri-

2143 1058 2300 1110 stum
2334 1057 2675 1125 sequantur.

2215 1143 2284 1197 Et
2311 1141 2522 1198 veritas
2565 1158 2714 1206 mea,
2749 1145 2806 1196 et
2848 1139 3250 1196 misericordia
3307 1158 3438 1196 mea
3493 1140 3604 1196 erit
3655 1158 3788 1196 cum

2143 1233 2292 1304 ipso,
2327 1261 2350 1284 ι(
2381 1229 2522 1302 quia
2567 1231 2626 1285 in
2679 1231 2805 1303 ipso
2835 1234 2894 1286 et
2940 1229 3356 1286 misericordia:
3387 1230 3706 1295 dabuntur,
3737 1233 3792 1286 et

2143 1319 2562 1392 promissiones
2594 1319 2690 1375 Dei
2724 1336 2928 1375 omnes
2959 1317 3435 1390 complebuntur,
3465 1335 3494 1367 α
3523 1324 3582 1376 et
3612 1337 3792 1376 cornu

2144 1409 2336 1480 ejus,»
2363 1409 2422 1462 id
2451 1412 2561 1474 est,
2578 1407 2856 1464 fortitudo
2887 1407 3203 1476 Christi,et
3230 1407 3587 1477 sublimitas,
3605 1427 3631 1452 ι
3649 1409 3797 1464 exal-

2144 1497 2389 1564 tabitur,
2424 1517 2448 1542 ιι
2503 1496 2560 1552 id
2611 1501 2722 1568 est,
2757 1500 2979 1553 crescet
3027 1512 3259 1569 semper
3305 1496 3364 1552 in
3417 1496 3652 1568 majus:
3686 1496 3796 1565 vel,

2146 1609 2174 1637 ‹‹
2207 1585 2574 1642 exaltabitur.
2611 1618 2634 1642 ι)
2670 1585 2728 1642 id
2777 1590 2886 1654 est,
2939 1584 3414 1642 manifestabitur
3456 1602 3562 1658 per
3607 1589 3799 1643 totum

2146 1675 2460 1741 mundum,
2495 1679 2552 1732 et
2581 1676 2690 1732 hoc
2725 1699 2748 1724 ‹‹
2779 1674 2838 1730 in
2871 1673 3108 1731 nomine
3137 1689 3266 1730 meo
3297 1693 3322 1718 η
3355 1675 3720 1748 amplianda.

2221 1791 2245 1815 ‹‹
2277 1766 2347 1821 Et
2377 1781 2614 1838 ponam.
2637 1793 2664 1822 ››
2688 1764 2826 1820 Aliae
2847 1762 3268 1836 promissiones
3289 1763 3390 1820 Dei
3413 1763 3486 1820 de
3508 1763 3654 1821 Filio
3667 1783 3800 1822 suo.

2144 1853 2336 1910 Cornu
2367 1855 2496 1925 ejus
2519 1853 2889 1920 exaltabitur,
2916 1881 2940 1906 (ι
2963 1857 3020 1908 et
3040 1871 3065 1896 η
3091 1852 3330 1926 insuper
3351 1871 3374 1898 «ι
3397 1867 3667 1922 manum,
3691 1872 3719 1898 ιι
3741 1853 3801 1910 id

2144 1945 2253 2010 est,
2283 1942 2682 2015 operationem
2717 1960 2739 1986 «
2772 1942 2900 2013 ejus
2923 1956 3136 2013 ponam
3167 1940 3228 1996 in
3259 1940 3472 2007 mari,»
3498 1941 3558 1997 id
3591 1946 3706 2015 est,
3743 1941 3804 1998 in

2145 2031 2606 2088 amaricantibus
2627 2029 2904 2086 fluctibus
2920 2029 3106 2100 hujus
3122 2028 3342 2098 saeculi,
3357 2026 3421 2086 ut
3435 2046 3538 2103 per
3548 2047 3805 2088 manum

2146 2119 2336 2192 ipsius
2367 2123 2782 2176 convertantur
2809 2117 2907 2175 isti
2939 2134 2972 2174 a
3003 2135 3112 2174 sua
3141 2118 3554 2187 amaritudine,
3593 2138 3620 2164 ιι
3648 2123 3712 2176 et
3741 2120 3805 2176 in

2147 2207 2513 2274 ﬂuminibus,
2533 2238 2557 2265 ι»
2592 2207 2648 2263 id
2682 2207 2867 2274 est,in
2898 2207 3067 2280 aquis
3089 2207 3363 2280 baptismi
3382 2224 3598 2282 ponam
3620 2231 3643 2256 α
3669 2210 3810 2266 dex-

2145 2301 2331 2352 teram
2359 2299 2554 2370 ejus,»
2589 2295 2644 2350 id
2679 2299 2788 2364 est,
2809 2295 3261 2368 propitationem
3293 2295 3501 2370 ipsius,
3529 2300 3587 2353 et
3603 2299 3808 2371 potio-

2147 2399 2270 2440 rem
2301 2385 2720 2458 operationem,
2755 2383 2893 2456 quia
2923 2383 3005 2439 ibi
3045 2383 3244 2440 omnia
3291 2389 3529 2458 peccata
3574 2388 3806 2446 condo-

2148 2478 2384 2530 nantur.
2423 2472 2550 2540 Vel,
2583 2473 2641 2530 in
2693 2472 3058 2538 fluminibus,
3091 2471 3150 2530 id
3190 2478 3280 2538 est
3308 2473 3370 2531 in
3401 2473 3805 2549 principibus,

2147 2578 2398 2638 quorum
2421 2579 2562 2619 cura
2575 2561 2706 2618 fluit
2723 2562 2780 2618 in
2795 2560 3078 2636 populum
3093 2559 3245 2619 sicut
3267 2560 3512 2620 flumina
3530 2565 3590 2621 in
3611 2579 3803 2634 mare,

2147 2650 2392 2720 scilicet,
2427 2667 2540 2708 non
2575 2655 2806 2708 tantum
2840 2653 3136 2709 convertet
3164 2651 3419 2725 Operatio
3441 2651 3656 2712 Christi
3687 2657 3806 2712 mi-

2147 2755 2320 2798 nores
2347 2739 2530 2814 hujus
2548 2739 2776 2810 mundi,
2796 2740 2897 2796 sed
2910 2739 3087 2796 etiam
3110 2737 3337 2814 aliquos
3355 2741 3425 2799 de
3445 2742 3801 2816 majoribus.

2221 2829 2348 2902 Ipse
2378 2828 2684 2885 invocavit.
2701 2831 2770 2885 Et
2801 2827 3008 2885 merito
3040 2829 3125 2906 sic
3147 2828 3431 2899 exaltabo,
3453 2835 3511 2888 et
3539 2832 3804 2906 ampliﬁ-

2147 2920 2290 2976 cabo
2315 2918 2791 2990 Cbristum,quia
2821 2935 2844 2960 ιε
2878 2917 3166 2974 invocavit
3197 2935 3290 2974 me
3321 2945 3344 2968 »
3378 2919 3608 2978 dicens:
3640 2922 3804 2979 «Pa-

2146 3012 2236 3064 ter
2265 3024 2430 3064 meus
2461 3025 2523 3064 es
2553 3012 2638 3073 tu,
2672 3007 2825 3064 Deus
2857 3023 3044 3073 meus,
3081 3033 3104 3057 ››
3135 3007 3193 3062 id
3224 3013 3332 3076 est,
3358 3013 3583 3066 creator
3625 3028 3804 3070 meus

2148 3097 2471 3153 secundum
2510 3095 2960 3163 humanitatem,
2995 3118 3018 3142 ι‹
3069 3101 3127 3152 et
3173 3101 3480 3170 susceptor
3524 3122 3550 3148 ιι
3603 3116 3804 3168 meus,

393 3191 554 3244 ctum
585 3185 657 3241 de
679 3183 847 3256 plebe
877 3201 1026 3250 mea,
1058 3210 1086 3242 ι)
1109 3183 1249 3256 quia
1277 3183 1429 3240 inter
1449 3201 1653 3242 omnes
1673 3169 1820 3242 alios
1839 3186 2036 3243 fideles
2067 3169 2111 3236 Ο
2148 3184 2288 3258 quia
2318 3203 2457 3241 mem
2490 3184 2839 3240 humanitati
2870 3184 3127 3240 Verbum
3157 3169 3418 3252 univisti,
3453 3191 3511 3242 et
3533 3203 3638 3259 per
3686 3189 3806 3245 hoc

393 3275 520 3348 ipse
549 3273 761 3331 melior
788 3272 920 3344 fuit,
954 3272 1095 3344 quia
1122 3271 1182 3327 in
1213 3289 1280 3328 eo
1315 3277 1616 3344 peccatum
1647 3275 1887 3332 omnino
1921 3294 2037 3333 non

392 3362 525 3430 fuit,
561 3385 582 3412 ι
617 3359 882 3428 exaltavi,
915 3381 940 3406 »
968 3359 1025 3416 id
1057 3363 1164 3426 est,
1187 3359 1450 3418 excitabo
1494 3361 1565 3417 de
1603 3363 1814 3419 virtute
1843 3365 1904 3420 in
1934 3365 2040 3420 vir-

389 3455 599 3520 tutam,
631 3452 689 3506 et
717 3464 906 3521 usque
935 3449 1007 3504 ad
1040 3448 1332 3505 dexteram
1354 3467 1544 3506 meam
1577 3451 1965 3524 perducendo.

469 3541 588 3597 Hoc
627 3536 871 3595 dixisti:
909 3536 1158 3594 «inveni
1218 3537 1418 3605 David,
1477 3539 1534 3595 id
1594 3543 1684 3596 est
1739 3540 2034 3598 Christum

390 3631 612 3704 ipsum,
649 3647 674 3672 ιι
705 3642 939 3684 servum
968 3642 1166 3683 meum
1201 3657 1224 3682 η
1257 3627 1508 3697 ﬁdelem,
1528 3627 1630 3702 qui
1659 3629 1718 3684 in
1753 3630 1913 3688 nullo
1944 3649 2038 3688 me

391 3719 645 3777 oil'endet
675 3732 690 3773 :
723 3718 781 3774 et
810 3735 834 3762 α
865 3731 1001 3774 eum
1035 3736 1060 3764 »
1105 3715 1406 3773 inventum
1469 3736 1494 3760 «
1527 3718 1666 3774 unxi
1724 3719 1849 3776 oleo
1907 3738 2035 3778 meo

393 3811 619 3877 sancto,
654 3826 678 3852 υ
703 3806 763 3864 id
793 3810 902 3874 est,
936 3805 1157 3880 Spiritu
1188 3809 1413 3863 sancto.

457 3898 602 3954 Vere
622 3895 761 3954 unxi
795 3895 941 3964 oleo,
961 3895 1116 3968 quod
1137 3899 1380 3968 apparet
1409 3910 1512 3970 per
1541 3897 1698 3952 hunc
1725 3897 1991 3954 effectum
2019 3925 2033 3970 ;

387 4010 417 4036 «
443 4001 660 4042 manus
691 3983 848 4040 enim
880 3999 1062 4050 mea,»
1095 3983 1154 4038 id
1185 3989 1276 4040 est
1303 4001 1478 4058 opera
1508 4002 1657 4052 mea,
1683 4016 1706 4040 ι(
1728 3987 2032 4044 auxiliabi-

386 4080 485 4132 tur
513 4073 565 4130 ei
587 4097 612 4124 ιι
645 4072 718 4128 ad
747 4073 1130 4143 operandum,
1163 4094 1187 4118 «
1220 4077 1278 4128 et
1305 4073 1609 4130 brachium
1671 4093 1890 4142 meum,
1924 4102 1948 4126 υ
1973 4078 2032 4133 id

387 4161 769 4229 est,Verbum
800 4159 912 4231 ipsi
941 4159 1296 4216 humanitati
1330 4163 1585 4229 unitum,
1617 4191 1640 4215 α
1666 4166 2037 4222 confirmabit

387 4268 545 4318 eum,
575 4267 604 4299 ιι
636 4251 704 4305 ut
744 4245 892 4303 nulli
950 4247 1342 4320 pcrsecutioni
1396 4251 1582 4319 cedat,
1617 4251 1715 4307 sed
1749 4253 1942 4326 potius
1973 4253 2033 4309 in

386 4339 600 4398 virtute
630 4339 874 4394 crescat.

455 4428 594 4486 Alite
627 4425 1046 4501 promissiones
1103 4425 1205 4481 Dei
1261 4427 1333 4482 de
1393 4425 1535 4482 Filio
1566 4443 1694 4492 suo,
1726 4429 2030 4485 brachium

2147 3291 2328 3330 causa
2359 3293 2382 3320 τε
2415 3273 2626 3330 salutis
2655 3291 2818 3340 mezr,
2851 3301 2878 3332 ιι
2909 3273 3133 3330 scilicet
3170 3273 3563 3332 immunitatis
3595 3293 3631 3332 a
3660 3294 3804 3350 pec-

2145 3367 2297 3430 cato,
2331 3361 2796 3429 resurrectionis,
2833 3379 2898 3418 ac
2931 3362 3110 3418 totius
3131 3362 3398 3434 justitizs.

2219 3453 2350 3524 Ipse
2395 3452 2480 3507 sic
2527 3451 2834 3519 invocavit,
2868 3481 2893 3505 ‹‹
2925 3456 2983 3508 et
3031 3468 3135 3525 ego
3186 3450 3645 3527 Primogenitum
3687 3471 3802 3528 po-

2146 3543 2361 3606 nam,'»
2395 3540 2451 3595 id
2483 3543 2590 3604 est,
2615 3543 2748 3596 ante
2779 3557 2984 3596 omnes
3013 3539 3158 3597 alios
3189 3540 3262 3597 ad
3293 3541 3803 3601 immortalitatem

2145 3629 2598 3696 resuscitabo,et
2626 3646 2840 3701 ponam
2872 3659 2894 3682 «
2929 3629 3096 3685 illum
3126 3629 3433 3687 Excelsum
3464 3649 3488 3676 η
3521 3631 3803 3692 donando

2145 3719 2216 3774 ad
2267 3717 2714 3788 confessionem,
2751 3747 2773 3770 ‹‹
2808 3735 2924 3791 pra:
2971 3718 3207 3791 regibus
3255 3722 3421 3775 terrae
3448 3739 3473 3764 υ
3523 3720 3596 3776 ad
3640 3719 3801 3779 litte-

2143 3825 2292 3876 ram,
2322 3807 2411 3864 vel
2443 3806 2806 3881 allegoriam.

2214 3897 2284 3952 Et
2312 3913 2428 3952 non
2459 3900 2686 3952 tantum
2718 3894 2946 3952 Christo
2977 3897 3300 3953 secundum
3333 3898 3629 3970 propriam
3659 3916 3802 3972 per-
3831 3925 3834 3928 ~

2143 4003 2349 4042 sonam
2381 3985 2588 4040 faciem
2621 3984 2750 4052 hoc,
2783 3985 2882 4040 sed
2917 4001 2940 4025 α
2967 3985 3208 4040 servabo
3238 3983 3322 4040 illi
3353 4016 3376 4039 υ
3407 3985 3467 4041 in
3490 3986 3617 4044 suis
3640 4018 3664 4043 ιι
3685 3991 3805 4046 mi-

2143 4075 2519 4130 sericordiam
2570 4090 2784 4142 meam,
2831 4101 2856 4124 η
2905 4073 3125 4130 ducens
3174 4092 3274 4131 eos
3323 4093 3426 4147 per
3467 4075 3806 4136 misericor-

2141 4163 2322 4232 diam,
2359 4191 2382 4215 ι(
2413 4163 2473 4218 in
2505 4166 2808 4230 aeternum,
2843 4167 2898 4218 et
2947 4167 3368 4220 testamentum
3417 4182 3637 4233 meum,
3670 4189 3694 4214 ιι
3735 4168 3800 4226 id

2142 4257 2250 4318 est,
2311 4245 2550 4326 pactum
2601 4269 2818 4321 meum,
2873 4256 2931 4308 et
2984 4253 3406 4325 promissiones
3465 4272 3628 4322 meae,
3679 4259 3805 4314 erit

2142 4365 2170 4392 ‹‹
2205 4340 2374 4396 fidele
2417 4339 2550 4414 ipsi,
2579 4366 2606 4396 ι)
2652 4339 2994 4414 complendo
3039 4340 3098 4396 in
3148 4340 3273 4398 suis
3317 4343 3472 4414 quod
3523 4345 3594 4400 de
3641 4343 3804 4418 ipsis

2141 4430 2499 4503 promissum
2529 4434 2636 4486 est.

385 4523 554 4575 tuum
586 4513 960 4574 confirmabit
988 4532 1148 4582 eum,
1181 4518 1238 4571 et
1265 4513 1394 4570 ideo
1424 4536 1446 4561 (ι
1479 4513 1808 4584 inimicus,»
1832 4519 1888 4573 id
1921 4524 2030 4586 est,
2061 4539 2108 4604 Β
2212 4518 2371 4586 Dico,
2407 4538 2430 4562 ‹‹
2463 4519 2704 4575 servabo
2749 4517 2833 4573 illi
2885 4517 3370 4588 misericordiam,
3403 4541 3430 4572 ιι
3482 4538 3506 4564 ‹ι
3537 4525 3597 4577 et
3627 4545 3652 4570 ιο
3689 4541 3801 4598 ρει-

385 4605 680 4675 diabolus,
711 4625 735 4648 «
757 4603 907 4660 nihil
965 4603 1229 4678 proﬁciet
1284 4603 1344 4660 in
1397 4621 1464 4660 eo
1498 4626 1521 4651 »
1557 4608 1620 4659 ut
1659 4621 1792 4660 cum
1848 4611 2033 4665 tentet
2061 4603 2095 4604 ί
2140 4609 2293 4664 hanc
2325 4607 2784 4665 misericordiam
2819 4631 2844 4661 ι
2868 4623 3082 4680 ponam
3116 4623 3314 4672 semen
3346 4609 3496 4681 ejus,
3527 4625 3552 4652 ιι

383 4712 542 4762 eum,
575 4691 751 4749 faciat
777 4709 912 4748 eum
943 4711 1061 4749 suae
1093 4691 1457 4766 persuasioni
1503 4693 1834 4750 consentire
1867 4712 1878 4751 :
1917 4713 1944 4744 «
1973 4701 2033 4754 et

383 4782 546 4841 illius
574 4780 928 4853 iniquitatis,
963 4812 988 4835 ι»
1021 4782 1078 4836 id
1109 4785 1218 4852 est,
1253 4781 1377 4854 ipse
1403 4781 1694 4849 diabolus,
1727 4783 1827 4855 qui
1851 4801 2028 4858 appo-

383 4873 504 4932 suit
531 4876 598 4928 ut
625 4873 895 4936 tentaret,
929 4895 954 4919 «
986 4889 1102 4926 non
1160 4875 1410 4944 apponet
1467 4889 1674 4929 nocere
1723 4891 1877 4940 eum,
1913 4896 1938 4916 ι»
1970 4875 2026 4933 id

381 4965 492 5031 est,
525 4966 593 5018 ut
649 4959 826 5016 faciat
871 4975 1004 5014 eum
1066 4963 1391 5028 nocentem,
1424 4961 1644 5018 sciliCet
1674 4967 1739 5019 ut
1783 4966 2028 5022 tentatio

383 5051 572 5123 ipsius
601 5049 661 5104 in
693 5047 926 5106 Christo
956 5049 1227 5104 effectum
1259 5049 1498 5118 habeat;
1531 5049 1616 5106 vel
1648 5050 1836 5120 aliter,
1871 5053 2026 5108 ﬁlius

383 5137 838 5212 iniquitatis,qui
859 5135 1042 5194 voluit
1058 5154 1262 5194 nocere
1281 5137 1531 5208 Christo,
1559 5139 1875 5210 aliquando
1909 5159 2023 5197 non

381 5232 636 5301 apponet
663 5245 798 5284 cum
829 5227 961 5283 aliis
989 5227 1412 5283 tentationibus
1429 5245 1576 5300 quas
1593 5229 1642 5283 ei
1658 5230 1887 5295 fecerat,
1923 5248 2022 5285 no-

379 5333 508 5373 cere
537 5332 694 5382 eum,
727 5316 785 5370 id
817 5319 926 5387 est,
961 5333 1066 5372 nec
1097 5316 1337 5373 audebit
1378 5321 1599 5372 tentare
1657 5334 1813 5384 eum,
1845 5316 2022 5373 veluti

377 5407 512 5476 post
541 5404 1023 5460 resurrectionem
1069 5421 1428 5476 cognoscens
1477 5422 1610 5460 cum
1642 5422 1774 5461 vere
1808 5405 2020 5460 Filium

377 5489 504 5560 Dei,
537 5491 698 5547 nullo
731 5493 902 5548 modo
935 5509 1114 5548 ausus
1145 5494 1253 5548 fuit
1283 5511 1634 5566 praesumere
1665 5497 1728 5548 ut.
1773 5497 2022 5548 tentaret

377 5595 536 5637 eum.

3589 4609 3650 4666 id
3680 4618 3796 4678 est,

2140 4697 2462 4754 imitatores
2495 4696 2700 4768 ipsius,
2735 4697 3122 4769 perdurantes
3151 4695 3208 4750 in
3231 4696 3514 4753 szeculum
3546 4700 3795 4756 saeculi:

2141 4810 2170 4836 «
2206 4791 2264 4843 et
2295 4787 2571 4841 thronum
2621 4786 2768 4856 ejus,
2807 4808 2830 4832 »
2862 4785 2921 4840 id
2970 4787 3078 4853 est,
3113 4801 3360 4857 regnum
3408 4785 3616 4858 ipsius,
3655 4787 3798 4845 illos

2141 4874 2359 4945 scilicet
2391 4875 2447 4928 in
2481 4873 2698 4946 quibus
2721 4873 2999 4944 judicans
3046 4873 3291 4940 sedebit,
3324 4891 3537 4946 ponam
3574 4903 3598 4928 ι
3629 4873 3796 4933 sicut

2137 4964 2260 5019 dies
2293 4962 2442 5026 coeli,
2476 4985 2498 5008 «
2529 4961 2585 5016 id
2618 4965 2725 5028 est,
2757 4960 3136 5033 clarissimos,
3168 4965 3371 5034 utpote
3420 4962 3798 5021 immortales

2135 5055 2192 5106 et
2221 5049 2634 5120 impassibilcs.

2206 5156 2233 5185 α
2264 5139 2322 5194 Si
2375 5141 2591 5192 autem.
2625 5167 2648 5192 »ι
2679 5137 2836 5203 Dico,
2883 5139 3234 5206 custodiam,
3269 5143 3326 5194 et
3363 5156 3580 5212 ponam
3629 5140 3800 5199 sicut

2133 5229 2258 5284 dies
2309 5225 2458 5294 cwll,
2507 5243 2612 5281 nec
2659 5231 2889 5282 tantum
2940 5245 3042 5299 pro
3093 5228 3298 5284 merito
3350 5229 3646 5301 perfectis,
3682 5233 3795 5286 sed

2132 5317 2308 5372 etiam
2351 5321 2658 5388 peccantes
2703 5315 3160 5372 misericorditer
3209 5317 3531 5374 revocabo:
3567 5322 3626 5374 et
3675 5319 3796 5376 hoc

2131 5404 2287 5460 dico:
2320 5404 2436 5461 «-Si
2466 5409 2658 5460 autem
2693 5423 2716 5447 ι)
2747 5403 2967 5474 illi,qui
3001 5405 3213 5470 debent
3243 5421 3371 5461 esse
3404 5424 3428 5450 ει
3458 5405 3744 5479 filiiejus,
3766 5429 3794 5456 η

2133 5493 2187 5548 id
2219 5500 2324 5560 est,
2359 5494 2596 5563 Christi,
2629 5518 2655 5548 α
2689 5493 3126 5566 dereliquerint,
3161 5520 3183 5540 ι»
3212 5494 3270 5550 id
3322 5499 3432 5562 est,
3467 5496 3632 5552 nulla
3683 5515 3790 5553 ra-

2129 5582 2282 5638 tione
2311 5583 2600 5639 voluerint
2631 5583 2882 5654 recipere
2915 5601 2942 5632 α
2972 5583 3160 5640 lchem
3193 5589 3404 5651 meam,
3439 5590 3493 5642 et
3533 5606 3557 5629 ι’
3601 5585 3651 5644 si
3693 5585 3791 5642 illi
