4080 6180
228 359 338 423 505

1396 357 1891 419 EXPLANATIO
1934 357 2012 427 ΙΝ
2056 357 2440 423 PSALMOS.

3502 362 3620 426 506

295 516 323 544 α
353 492 434 549 Ne
462 492 712 548 avertas.
745 513 774 543 ››
809 490 948 548 Pars
974 492 1251 548 secunda.
1285 494 1419 558 Quae
1450 491 1592 548 dicit
1615 509 1627 547 :
1654 489 1866 562 Quia,o
1895 488 1949 561 Α
1978 495 2235 563 peccata,
2257 492 2340 547 ita
2369 491 2583 548 dicitur
2601 491 2880 565 aspicere,
2904 493 3139 566 quando
3160 493 3329 566 punit
3348 499 3620 568 peccata:

226 582 486 650 Domine,
521 580 658 637 talis
688 599 772 650 es,
808 581 938 637 ideo
970 605 998 631 «
1036 598 1107 636 ne
1150 586 1377 637 avertas
1410 604 1437 631 ››
1473 599 1506 637 a
1533 585 1609 649 te,
1645 584 1712 636 ut
1740 597 1869 652 per-

220 673 417 729 mittas
448 671 700 727 terrenis
730 670 1025 727 adhaerere
1049 693 1076 721 ‹‹
1098 670 1398 726 hominem
1425 693 1452 719 ››
1476 669 1733 743 positum
1756 692 1785 719 «
1810 669 1869 725 in

220 760 572 828 humilitate,
600 782 621 810 ι
653 759 713 816 id
743 764 851 828 est,
876 759 935 813 in
968 761 1291 832 dejectione
1319 764 1376 815 et
1406 760 1660 816 miseriis
1690 759 1870 831 hujus

217 852 341 907 vitae
365 867 379 905 :
404 849 495 906 vel
517 850 853 906 tendentem
884 848 942 904 in
969 848 1523 917 humilitatem,haee
1543 848 1796 905 humilia
1815 854 1872 904 et

218 941 436 996 caduca
461 938 810 1013 appetendo,
843 938 983 1010 quia
1012 937 1343 993 humilitate
1386 942 1477 994 est
1520 938 1715 1007 homo,
1753 955 1870 993 non

219 1029 388 1085 debes
421 1031 705 1097 avertere,
739 1049 770 1079 ‹‹
801 1031 860 1083 et
890 1048 917 1077 »
950 1027 1090 1083 item
1120 1026 1249 1083 ideo
1280 1026 1420 1098 quia
1443 1049 1470 1078 «
1493 1027 1692 1083 dixisti
1719 1050 1746 1077 ››
1771 1045 1873 1100 per

218 1116 433 1177 multos
468 1116 914 1189 Prophetarum,
938 1119 995 1171 et
1016 1115 1065 1171 si
1090 1115 1244 1172 alius
1266 1133 1380 1171 non
1402 1115 1871 1183 dixisset,tamen

219 1207 435 1275 sufﬁcit
464 1206 636 1263 nobis
658 1207 814 1279 quod
839 1205 1126 1278 Propheta
1146 1205 1258 1262 iste
1278 1204 1423 1261 dixit
1445 1204 1613 1261 nobis
1639 1222 1651 1260 :
1677 1229 1705 1255 «
1730 1206 1875 1262 Con-

218 1296 533 1367 vertimini,
581 1296 686 1355 filii
735 1295 1045 1353 hominum
1071 1317 1100 1345 »
1134 1294 1274 1361 quia
1323 1294 1373 1351 si
1403 1317 1431 1345 «
1464 1295 1870 1351 convertimini

218 1386 285 1443 ad
316 1402 435 1453 me,
472 1389 533 1441 et
559 1388 866 1441 convertar
894 1385 966 1441 ad
998 1401 1120 1439 vos.
1153 1406 1181 1433 ››

284 1498 312 1524 «ι
340 1474 640 1541 Quoniam
664 1472 1084 1531 misericordia.
1104 1496 1132 1522 »
1146 1472 1415 1528 Ostendit
1432 1474 1563 1529 mod
1573 1490 1672 1528 um
1687 1473 1874 1529 humi-

214 1563 392 1631 litatis
423 1565 490 1619 et
517 1562 863 1636 dejectionis
895 1561 1174 1629 hominis,
1208 1563 1281 1618 ad
1312 1563 1422 1618 hoc
1451 1562 1831 1619 continuatur
1858 1580 1869 1618 :

217 1651 368 1725 Opus
396 1655 499 1708 est
524 1665 598 1707 ne
629 1655 878 1719 avertas,
902 1674 931 1702 «
955 1653 1233 1724 quoniam
1260 1674 1287 1701 ››
1309 1651 1465 1707 inter
1492 1654 1698 1707 ezetera
1718 1650 1876 1708 mala

217 1756 335 1815 qua:
362 1740 633 1801 sustinet
660 1739 858 1808 homo,
882 1739 1060 1799 habet
1084 1741 1240 1813 quod
1263 1739 1380 1796 vita
1401 1756 1528 1808 sua,
1558 1743 1872 1812 quantum-

217 1844 445 1902 cunque
470 1828 713 1901 prolixa,
730 1828 875 1885 nihil
900 1830 1205 1902 reputatur
1219 1845 1232 1885 :
1248 1832 1305 1885 et
1320 1827 1430 1884 hoc
1443 1852 1470 1880 (ι
1492 1827 1652 1885 mille
1672 1828 1868 1897 anni,»

216 1919 270 1985 id
288 1921 399 1986 est,
412 1917 544 1977 vita
562 1916 823 1975 hominis
843 1922 1371 1991 quantumcunque
1393 1916 1878 1990 prolixa,compa-

218 2009 338 2077 rata
362 2005 508 2063 vitae
538 2022 667 2078 qua
688 2008 779 2063 est
796 2027 824 2056 «
851 2008 987 2062 ante
1007 2004 1209 2063 oculos
1231 2008 1421 2073 tuos,»
1447 2004 1505 2060 id
1529 2006 1878 2073 est,a3terni-

216 2095 334 2164 tati,
354 2099 457 2152 est
481 2118 512 2145 ‹‹
536 2099 819 2169 tanquam
842 2093 967 2151 dies
987 2094 1263 2151 hesterna
1286 2111 1298 2151 :
1328 2116 1356 2143 ››
1379 2098 1435 2150 et
1461 2093 1523 2150 in
1546 2093 1741 2167 aliquo
1763 2111 1878 2151 non

216 2187 600 2258 comparatur
626 2183 911 2241 hesternas
943 2182 1078 2250 diei,
1103 2182 1218 2240 nisi
1241 2183 1569 2241 secundum
1592 2182 1703 2239 hoc
1723 2185 1878 2256 quod

216 2272 548 2346 pmterita;
582 2276 642 2330 et
668 2273 780 2329 hoc
808 2276 899 2328 est
927 2273 1083 2345 quod
1115 2271 1257 2328 dicit
1280 2286 1295 2327 :
1323 2292 1352 2322 κ
1378 2287 1507 2343 quae
1534 2272 1831 2344 prasteriit,
1852 2294 1879 2323 η

216 2361 272 2429 id
300 2365 409 2430 est,
436 2361 602 2419 sicut
621 2361 747 2418 dies
767 2360 1062 2433 praeterita
1083 2359 1230 2417 nihil
1253 2359 1671 2431 reputatur,sic
1693 2376 1881 2432 quan-

216 2454 591 2523 tumcunque
610 2448 728 2506 vita
746 2448 1004 2506 hominis
1027 2446 1277 2521 prolixa:
1301 2463 1408 2504 nec
1429 2445 1647 2520 legitur
1665 2448 1882 2522 aliquis

219 2538 430 2595 vixisse
463 2536 632 2594 mille
660 2553 868 2606 annos,
892 2537 994 2594 sed
1018 2534 1251 2593 etiamsi
1271 2539 1503 2593 tantum
1524 2535 1884 2606 viveret,vita

223 2627 319 2684 illa
347 2642 459 2700 pro
485 2624 674 2683 nihilo
704 2624 1030 2699 reputanda
1056 2628 1231 2682 esset.

288 2716 433 2777 Dico
462 2714 633 2774 mille
682 2714 822 2775 anni
872 2719 1013 2772 sunt
1058 2717 1342 2789 tanquam
1390 2713 1516 2773 dies
1566 2714 1880 2788 praeterita,

222 2829 250 2863 α
281 2810 339 2862 et
370 2830 400 2857 κ
433 2809 729 2878 tanquam
765 2828 794 2857 «
826 2804 1092 2865 custodia
1119 2804 1180 2860 in
1214 2808 1401 2874 nocte,
1436 2827 1465 2855 »
1496 2804 1556 2860 id
1585 2808 1692 2873 est,
1718 2808 1885 2862 actus

222 2895 278 2957 in
306 2894 521 2960 labore
548 2899 611 2953 et
639 2895 913 2953 caecitate.
947 2893 1225 2952 Custodia
1253 2893 1410 2950 enim
1442 2910 1674 2967 semper
1693 2893 1753 2949 in
1776 2892 1886 2949 sol-

222 2982 536 3040 licitudine
564 2987 673 3041 est.
708 2983 814 3039 Per
844 2986 1075 3039 noctem
1106 2981 1493 3056 intelligimus
1539 2981 1882 3051 caecitatem,

220 3072 276 3129 in
306 3089 430 3146 qua
463 3072 573 3131 filii
597 3071 792 3131 saeculi
816 3072 1180 3131 detinentur:
1196 3075 1255 3128 et
1275 3075 1342 3128 ut
1361 3070 1495 3144 plus
1516 3070 1765 3139 dieam,«
1782 3088 1885 3126 an-

218 3161 271 3231 ni
296 3184 325 3211 ιο
346 3160 677 3219 hominum
708 3182 736 3212 «
760 3176 965 3217 eorum
987 3166 1178 3229 erunt,
1193 3183 1220 3212 ››
1247 3160 1304 3216 id
1324 3160 1511 3229 est,de
1534 3175 1777 3215 numero
1798 3176 1888 3215 ea-

1978 585 2036 637 et
2066 582 2241 637 etiam
2278 604 2304 632 «
2335 581 2615 637 saeculum
2647 586 2936 649 nostrum,
2962 604 2989 633 »
3023 583 3078 638 id
3101 587 3211 652 est,
3236 588 3420 641 totam
3442 586 3623 645 vitam

1980 674 2243 725 nostram
2276 670 2521 743 posuisti
2549 694 2575 722 ‹‹
2602 671 2662 725 in
2693 670 3126 727 illuminatione
3153 672 3350 729 vultus
3380 673 3487 742 tui,
3514 696 3543 724 »
3563 673 3623 733 id

1979 764 2087 827 est,
2120 759 2445 816 clarissime
2473 759 2691 828 vidisti,
2725 762 2797 817 ad
2832 765 3069 833 peccata
3098 760 3336 834 singula
3377 762 3625 835 punien-

1980 848 2091 902 da:
2118 848 2255 921 quia
2286 866 2390 904 nee
2419 850 2593 905 etiam
2627 849 2899 922 cogitatio
2930 849 3136 906 latebit
3162 850 3391 908 vultum
3432 852 3623 908 tnum.

2052 960 2079 987 «
2115 937 2422 1003 Quoniam.
2461 961 2487 987 υ
2520 939 2671 993 Bene
2702 938 2831 994 dico
2860 939 3016 1010 quod
3046 938 3386 1011 iniquitates
3412 940 3471 997 in
3494 958 3630 997 eon-

1979 1030 2181 1098 spectu
2214 1026 2483 1098 posuisti,
2517 1028 2672 1099 quod
2705 1031 2944 1099 apparet
2966 1028 3024 1082 in
3046 1029 3275 1096 ell‘eetu,
3295 1053 3323 1080 ‹‹
3347 1031 3628 1102 quoniam

1978 1131 2187 1171 omnes
2216 1115 2342 1170 dies
2371 1116 2556 1171 nostri
2590 1116 2947 1183 defecerunt,
2972 1137 3001 1165 ››
3025 1115 3084 1171 id
3106 1120 3214 1184 est,
3228 1117 3346 1173 vita
3370 1118 3631 1177 humana

1981 1204 2174 1260 brevis
2206 1205 2359 1260 facta
2389 1208 2499 1274 est,
2530 1209 2590 1261 et
2621 1206 2763 1260 dum
2801 1205 3071 1273 vivimus,
3104 1205 3162 1261 in
3194 1206 3433 1265 miseria
3459 1211 3516 1263 et
3545 1207 3629 1264 la-

1981 1294 2119 1350 bore
2147 1294 2419 1361 vivimus,
2451 1299 2508 1350 et
2537 1294 2646 1349 hoc
2677 1297 2768 1350 est
2799 1316 2827 1345 (ι
2858 1297 2916 1348 et
2943 1294 3004 1348 in
3026 1293 3114 1348 ira
3132 1298 3233 1350 tua
3252 1295 3629 1352 defecimus.»

2053 1408 2081 1433 ‹‹
2106 1384 2253 1439 Anni
2288 1384 2494 1439 nostri.
2519 1407 2546 1434 »
2573 1385 2717 1439 Ecce
2746 1384 3040 1456 quomodo
3062 1383 3636 1452 defecimus,seilicet

1984 1496 2010 1522 ί(
2047 1473 2185 1527 anni
2221 1473 2401 1528 nostri
2451 1472 2915 1540 meditabantur,
2954 1495 2980 1521 ››
3010 1471 3068 1528 id
3098 1476 3206 1541 est,
3234 1489 3342 1529 nos
3371 1472 3432 1530 in
3462 1474 3636 1530 annis

1983 1561 2201 1617 nostris
2233 1561 2690 1618 meditabimur:
2718 1561 2987 1617 meditari
3021 1561 3182 1633 dicit,
3215 1560 3354 1634 quia
3376 1560 3553 1618 homo
3573 1561 3634 1619 in

1983 1650 2324 1722 hujusmodi
2356 1650 2631 1722 operibus
2662 1666 2966 1722 nunquam
2997 1650 3069 1707 ad
3100 1650 3514 1722 perfectionem
3548 1667 3639 1711 ve-

1985 1739 2104 1809 nit;
2128 1762 2157 1790 «
2182 1740 2335 1796 sicut
2364 1755 2596 1806 aranea,
2632 1761 2658 1789 »
2691 1755 2819 1811 qua;
2850 1739 3024 1795 inane
3052 1742 3109 1795 et
3137 1739 3251 1796 vile
3294 1739 3434 1797 facit
3459 1756 3630 1813 opus,

1985 1833 2050 1886 ut
2076 1828 2249 1886 vilem
2280 1828 2473 1901 capiat
2501 1828 2781 1900 praedam,
2814 1826 3039 1884 scilicet
3066 1843 3325 1900 muscas,
3343 1833 3402 1886 et
3432 1829 3493 1885 in
3524 1828 3635 1886 hoc

1987 1922 2173 1975 totam
2196 1918 2565 1974 seeviscerat.
2581 1915 2864 1974 Similiter
2883 1915 3152 1973 homines
3171 1915 3371 1974 inania
3390 1917 3634 1987 faciunt,

1986 2012 2046 2064 et
2064 2023 2311 2081 magnos
2341 2005 2568 2065 labores
2598 2009 2975 2075 consumunt,
2999 2005 3070 2062 ad
3093 2005 3204 2063 hoc
3224 2009 3290 2062 ut
3308 2005 3636 2079 adipiscan-

1988 2102 2087 2155 tur
2116 2114 2244 2170 quae
2273 2096 2413 2153 vilia
2432 2099 2574 2153 sunt
2602 2098 2661 2151 et
2690 2095 2945 2163 caduca;
2979 2098 3037 2150 et
3059 2093 3120 2150 in
3151 2093 3261 2151 hoc
3292 2112 3400 2153 sua
3413 2094 3639 2155 viscera

1989 2189 2363 2253 consumunt,
2397 2185 2539 2258 quia
2566 2201 2779 2257 corpus
2810 2187 2867 2239 et
2900 2182 3161 2240 animam
3210 2182 3481 2241 similiter
3507 2202 3637 2257 per-

1990 2276 2171 2344 dunt;
2204 2279 2262 2332 et
2290 2274 2428 2348 quia
2458 2274 2517 2330 in
2549 2272 2721 2331 annis
2752 2272 3069 2345 aliquando
3118 2273 3289 2341 bene,
3320 2270 3637 2344 aliquando

1990 2364 2162 2433 male,
2197 2380 2506 2437 possemus
2558 2361 2850 2429 meditari,
2882 2361 3047 2418 addit
3079 2377 3093 2421 :
3127 2384 3157 2411 «
3190 2360 3315 2418 dies
3345 2378 3635 2423 annorum

1991 2457 2324 2510 nostrorum
2356 2476 2384 2505 »
2419 2452 2863 2509 meditabuntur
2911 2451 3063 2508 sicut
3101 2467 3332 2519 aranea,
3366 2450 3506 2524 quia
3535 2468 3639 2509 nec

1991 2559 2111 2599 una
2141 2541 2233 2598 die
2263 2558 2566 2598 cessamus
2587 2542 2659 2598 ab
2684 2540 2845 2597 inani
2870 2538 3282 2608 meditatione;
3306 2539 3461 2597 unde
3482 2539 3637 2597 Salo-

1992 2646 2130 2686 mon
2154 2630 2213 2685 in
2232 2629 2640 2686 Ecelesiastico
2659 2645 2673 2684 :
2694 2629 2842 2696 Quid
2867 2627 3355 2700 superbis,pulvis
3376 2631 3435 2686 et
3453 2628 3642 2689 cinis?

1992 2719 2056 2777 In
2086 2717 2204 2774 vita
2234 2723 2339 2775 tua
2367 2716 2605 2791 projieis
2633 2716 2845 2773 intima
2874 2721 2995 2773 tua.
3019 2717 3090 2773 Et
3109 2717 3256 2772 bene
3285 2715 3438 2784 dico,
3464 2739 3492 2768 ‹‹
3515 2718 3641 2777 dies

1992 2808 2178 2865 nostri
2214 2807 2570 2877 defecerunt,
2595 2828 2624 2855 ››
2647 2805 2788 2878 quia
2807 2828 2834 2856 «
2859 2804 2920 2860 in
2941 2803 3138 2878 ipsis»
3162 2804 3370 2860 diebus
3400 2804 3637 2875 nostris,

1993 2900 2059 2954 ut
2079 2896 2333 2953 multum
2346 2894 2893 2962 dicam,secundum
2915 2896 3145 2949 aetatem
3167 2891 3474 2949 hominum
3498 2897 3642 2950 sunt

1994 3008 2022 3041 ι(
2055 2985 2428 3058 septuaginta
2456 2983 2619 3050 anni,
2649 3005 2677 3034 »
2712 2984 2771 3038 id
2801 2986 2909 3051 est,
2943 2981 2993 3037 si
3025 2980 3240 3053 aliquis
3270 2980 3524 3038 multum
3555 2981 3637 3039 vi-

1992 3075 2095 3142 vit,
2110 3072 2481 3146 septuaginta
2496 3072 2668 3128 annis
2685 3070 2952 3128 vivit.Vel
2972 3069 3188 3144 legant,
3215 3091 3244 3122 «
3266 3070 3639 3128 meditabun-

1994 3167 2092 3221 tur
2124 3187 2151 3213 ››
2182 3163 2432 3235 passive,
2466 3161 2571 3231 sic,
2605 3160 2745 3217 anni
2777 3159 2981 3229 nostri,
3006 3159 3065 3216 id
3086 3164 3200 3227 est,
3222 3162 3346 3216 tota
3364 3158 3484 3217 vita
3504 3178 3639 3216 nos,

215 3265 340 3315 rum
370 3266 588 3311 rerum
614 3273 643 3301 κ
676 3266 805 3323 qua)
835 3266 939 3323 pro
970 3246 1154 3306 nihilo
1199 3249 1512 3319 habentur,
1549 3270 1578 3299 ››
1609 3247 1786 3305 veluti
1817 3266 1885 3304 ea
1915 3234 1961 3303 Ι)
1990 3256 2104 3317 tra,
2136 3234 2594 3319 meditabantur,
2627 3250 2685 3306 id
2716 3254 2826 3319 est,
2861 3249 3291 3322 reputabuntur
3310 3247 3637 3321 asapienti-

213 3356 334 3412 quaa
366 3342 620 3407 tantum
654 3356 757 3412 per
785 3338 1085 3395 somnium
1115 3337 1509 3410 possidentur.

278 3453 308 3479 α
338 3430 553 3491 Mane.
571 3429 935 3491 nEnumerat
955 3427 1101 3483 alios
1122 3426 1381 3482 hominis
1402 3427 1665 3484 defectus
1689 3443 1702 3482 :
1728 3427 1879 3497 dico,

1989 3341 2101 3398 bus
2127 3340 2281 3399 sicut
2308 3356 2541 3396 aranea.

2062 3454 2089 3480 τι
2116 3430 2177 3486 Si
2218 3433 2438 3485 autem.
2474 3451 2502 3479 ››
2536 3429 2675 3485 Dico
2720 3428 2979 3484 hominis
3028 3427 3402 3501 septuaginta
3449 3426 3585 3485 anni
3622 3444 3636 3482 :

210 3534 309 3590 pro
340 3516 549 3573 nihilo
581 3515 721 3572 anni
751 3516 1138 3583 habentur,et
1158 3515 1240 3572 ita
1264 3514 1663 3584 ﬁat,Domine;
1685 3520 1744 3572 et
1773 3516 1883 3571 hoc

209 3609 330 3662 est:
355 3627 385 3656 ‹‹
411 3620 605 3661 mane
623 3624 653 3656 »
678 3603 955 3674 hominis,
978 3604 1038 3659 id
1061 3607 1171 3671 est,
1195 3602 1445 3659 infantia
1473 3626 1500 3653 α
1536 3608 1816 3672 transeat,
1854 3626 1881 3653 ››

205 3693 261 3751 id
290 3698 406 3766 est,
459 3692 574 3749 cito
605 3698 831 3766 pereat,
863 3716 891 3744 ‹‹
927 3692 1080 3749 sicut
1107 3691 1289 3747 herba
1324 3714 1351 3741 ι)
1383 3709 1509 3764 quae
1541 3691 1743 3748 leviter
1760 3710 1884 3766 perL

207 3783 253 3839 it
283 3800 297 3840 :
331 3806 362 3834 α
399 3795 616 3851 mane,
652 3803 681 3831 ιι
712 3780 772 3837 id
801 3786 913 3851 est,
938 3781 1241 3852 juventus,
1277 3796 1402 3852 qua:
1451 3780 1668 3837 dicitur
1710 3799 1883 3839 mane

206 3873 347 3946 quia
372 3870 592 3931 adhuc
623 3869 836 3928 crescit
866 3870 1044 3926 homo
1069 3885 1082 3924 :
1109 3891 1137 3921 «
1163 3869 1385 3939 ﬂoreat,
1413 3891 1440 3921 υ
1472 3868 1530 3925 id
1561 3874 1671 3938 est,
1694 3871 1886 3943 vigeat

211 3959 571 4021 fortitudine
582 3959 867 4034 corporis,
881 3957 1147 4026 scientia,
1163 3956 1412 4030 aliisque
1433 3957 1886 4032 quibuscunque

211 4049 404 4111 modis
431 4065 447 4105 :
474 4069 510 4099 α
535 4051 597 4113 et
626 4051 890 4105 transeat
915 4062 1174 4121 vespere,
1210 4067 1239 4096 »
1272 4045 1331 4101 id
1362 4049 1471 4115 est,
1496 4046 1751 4116 senium,
1774 4047 1886 4103 hoe

212 4139 318 4205 est,
350 4137 546 4194 homo
578 4135 635 4193 in
672 4134 971 4208 decrepita
999 4138 1191 4201 tetate,
1224 4157 1252 4185 ‹‹
1282 4133 1510 4190 decidat
1542 4156 1569 4184 ››
1601 4135 1673 4191 ab
1723 4136 1883 4191 omni

209 4224 407 4299 vigore
439 4224 736 4299 corporis,
761 4227 1151 4297 consumptus
1180 4222 1379 4279 labore
1409 4227 1468 4278 et
1489 4222 1685 4279 dolore
1705 4241 1718 4293 ;
1741 4247 1768 4275 «
1795 4223 1884 4280 in-

212 4313 381 4373 duret
422 4338 455 4367 υ
477 4315 545 4373 in
579 4313 849 4380 cadaver,
882 4335 909 4362 ‹‹
938 4316 997 4367 et
1025 4314 1301 4369 arescat»
1333 4311 1393 4366 in
1426 4310 1719 4383 pulverem
1751 4315 1886 4369 red-

210 4407 401 4461 actus.
437 4402 649 4458 Potest
677 4404 735 4457 et
765 4401 848 4457 ita
874 4396 1206 4457 continuari
1243 4399 1491 4455 :Precor
1537 4417 1609 4455 ne
1658 4407 1886 4458 avertas

209 4490 549 4558 hominem,
585 4490 697 4549 hoc
724 4494 923 4546 tamen
957 4506 1073 4546 non
1104 4506 1205 4545 oro
1235 4488 1378 4563 quin
1410 4488 1761 4562 temporales
1782 4490 1885 4545 do-
1997 4496 2104 4552 Per
2131 4493 2425 4567 octoginta
2443 4493 2844 4566 intelligamus
2864 4495 3088 4549 Novum
3111 4492 3643 4564 Testamentum,in

206 4579 401 4638 factus
431 4584 498 4636 et
520 4595 759 4653 pmnam
794 4577 1086 4634 sustineat
1116 4575 1360 4649 peccati.

2001 4602 2116 4657 quo
2150 4582 2490 4656 postpositis
2522 4582 2963 4655 temporalibus,
2998 4580 3124 4637 sola
3169 4579 3429 4637 cmlestia
3474 4580 3642 4636 doce-

274 4669 418 4726 Ideo
450 4667 718 4726 concedo
748 4666 1042 4735 decidant,
1077 4668 1403 4735 transeant,
1425 4668 1481 4721 et
1503 4666 1890 4741 similia,quia
1929 4666 1960 4671 ﬁ
2001 4690 2137 4728 mur
2155 4676 2445 4744 appetere,
2464 4670 2603 4743 quia
2617 4670 2877 4743 requiem
2895 4673 3171 4725 aeternam
3187 4673 3462 4741 appetere
3481 4669 3647 4724 doce-

205 4756 373 4813 video
406 4756 594 4813 aliter
623 4772 755 4812 esse
785 4773 899 4813 non
943 4771 1137 4828 posse,
1171 4779 1198 4805 ‹‹
1235 4755 1375 4827 quia
1408 4777 1435 4804 ››
1468 4771 1575 4811 nos
1606 4778 1634 4805 «
1669 4757 1883 4814 defeei-
1995 4778 2150 4829 mur,
2175 4778 2303 4833 qua:
2324 4759 2555 4832 requies
2576 4758 2841 4815 succedit
2859 4758 3043 4815 finitis
3063 4762 3287 4831 septem
3311 4757 3520 4815 diebus
3538 4757 3645 4814 hu-

205 4861 363 4915 mus,
398 4867 432 4897 »
474 4846 538 4902 id
573 4849 664 4902 est
694 4843 912 4901 multos
943 4845 1207 4901 defectus
1238 4843 1521 4915 patimur,
1553 4848 1611 4901 et
1640 4844 1750 4901 hoc
1772 4870 1799 4896 ‹‹
1825 4847 1884 4902 in
1985 4852 2089 4924 jus
2119 4848 2267 4917 vitae,
2299 4865 2477 4920 quam
2508 4847 2767 4920 requiem
2791 4848 2917 4919 jam
2949 4847 3172 4920 accepit
3200 4852 3404 4905 nostra
3432 4852 3645 4903 natura

202 4931 289 4989 ira
317 4938 455 5002 tua,
497 4956 527 4985 ››
560 4933 622 4989 id
653 4937 766 5004 est,
798 4933 858 4987 in
904 4932 1162 4989 vindicta
1209 4949 1386 5005 quam
1428 4936 1493 4987 tu
1543 4933 1731 4989 sumis
1781 4952 1884 5008 pro
1993 4941 2053 4996 in
2084 4938 2313 4995 Christo
2334 4937 2395 4992 in
2417 4937 2858 5006 resurrectione,
2883 4937 3031 4994 facta
3054 4937 3115 4993 in
3138 4940 3339 4993 octava
3358 4935 3451 4992 die
3470 4935 3642 5005 cujus

200 5026 456 5092 peccato
492 5020 673 5094 primi
723 5020 1018 5094 parentis;
1053 5024 1111 5077 et
1141 5024 1352 5093 printer
1383 5019 1540 5077 mala
1587 5038 1714 5094 quae
1755 5024 1883 5096 jam
1995 5026 2212 5099 requiei
2245 5025 2482 5099 signum
2507 5029 2649 5094 erat,
2675 5026 2907 5098 requies
2936 5042 3117 5098 quam
3145 5023 3435 5080 faciebant
3452 5019 3642 5077 Judaei

201 5109 849 5179 sustinemus,etiam«
874 5109 1094 5166 turbati
1118 5126 1328 5165 sumus
1352 5132 1379 5158 »
1402 5109 1665 5166 interiori
1688 5117 1885 5170 nostro
1994 5118 2053 5172 in
2077 5115 2327 5189 septima
2345 5115 2802 5171 die.Secundum
2817 5103 2967 5170 hanc
2978 5112 3327 5170 sententiam
3349 5108 3545 5165 littera
3556 5109 3642 5166 sic

198 5221 227 5253 κ
260 5198 325 5256 in
353 5200 574 5256 furore
607 5202 730 5269 tuo,
762 5220 790 5248 »
822 5197 881 5253 id
913 5202 1022 5268 est,
1056 5198 1116 5253 in
1160 5198 1629 5254 consideratione
1652 5203 1883 5258 venturi
1991 5205 2257 5279 legatur:
2281 5227 2309 5255 ι(
2332 5204 2483 5259 Anni
2507 5203 2690 5260 nostri
2710 5202 2865 5260 sicut
2892 5218 3105 5258 aranea
3133 5194 3647 5258 meditabuntur.»

190 5286 416 5357 iudicii
451 5286 524 5347 in
556 5303 674 5361 quo
706 5286 960 5343 furorem
990 5291 1160 5343 tuum
1190 5285 1505 5342 exercebis.
1993 5299 2059 5351 ut
2086 5311 2285 5367 supra,
2318 5293 2420 5348 sed
2462 5297 2657 5347 tamen
2708 5295 2883 5346 erunt
2929 5289 3074 5357 dies,
3106 5288 3163 5344 id
3193 5290 3302 5356 est,
3334 5285 3640 5343 illumina-

1993 5384 2182 5441 tiones
2217 5397 2504 5438 annorum
2537 5383 2894 5444 nostrorum,
2927 5382 2985 5434 et
3012 5377 3073 5432 in
3121 5376 3267 5448 ipsis
3316 5373 3544 5442 diebus,
3577 5374 3635 5431 id

1991 5478 2101 5541 est,
2133 5467 2684 5534 illuminationibus,
2717 5471 2889 5522 erunt
2918 5489 2946 5517 ‹‹
2979 5464 3353 5538 septuaginta
3382 5464 3572 5521 anni»
3604 5481 3640 5521 a

1990 5563 2130 5629 vita,
2147 5564 2276 5616 acta
2295 5556 2619 5612 secundum
2642 5554 2820 5610 Vetus
2843 5553 3503 5613 Testamentum.Habet
3521 5551 3639 5608 alia

1991 5647 2319 5715 translatio,
2356 5666 2383 5695 (ι
2416 5644 2789 5719 septuaginta
2818 5644 3008 5714 annis,
3038 5667 3065 5694 »
3086 5644 3241 5723 quod
3265 5642 3349 5700 sie
3374 5641 3587 5715 legitur
3619 5657 3636 5704 :

1992 3543 2021 3569 ι(
2056 3519 2105 3575 si
2137 3524 2333 3575 autem
2369 3541 2396 3567 ››
2428 3521 2518 3573 est
2549 3539 2577 3568 «
2608 3517 2668 3573 in
2700 3516 3119 3589 potentatibus,
3154 3538 3182 3568 »
3215 3515 3438 3575 scilicet
3483 3518 3641 3589 quod

1991 3608 2168 3664 homo
2198 3608 2353 3663 vivat
2383 3608 2441 3662 in
2474 3607 2813 3662 fortitudine
2857 3606 3139 3677 corporis,
3171 3610 3236 3661 ut
3275 3605 3472 3677 plures
3521 3605 3643 3666 sint

1993 3720 2023 3749 κ
2054 3697 2349 3770 octoginta
2378 3695 2537 3763 anni,
2566 3699 2625 3750 et
2652 3694 2907 3767 amplius
2937 3711 3160 3762 eorum,
3186 3714 3214 3745 »
3237 3693 3296 3748 id
3326 3693 3495 3762 est,si
3515 3711 3640 3748 am-

1992 3786 2149 3859 plius
2176 3785 2389 3852 vivant,
2413 3785 2529 3840 vita
2561 3799 2762 3840 eorum
2795 3786 2885 3838 est
2901 3805 2927 3833 ‹‹
2953 3781 3119 3838 labor
3137 3803 3165 3833 »
3188 3781 3275 3837 eis
3295 3781 3353 3836 in
3376 3797 3638 3853 corpore,

1995 3897 2024 3926 α
2054 3879 2113 3931 et
2141 3874 2305 3930 dolor
2326 3894 2354 3924 »
2376 3874 2436 3929 in
2459 3876 2673 3929 mente.
2687 3871 2787 3927 Vel
2811 3886 3129 3944 possumus
3150 3887 3252 3942 per
3268 3868 3644 3942 septuaginta

1992 3968 2052 4020 et
2080 3962 2376 4036 octoginta
2404 3960 2741 4034 allegoriam
2785 3958 3130 4032 intelligere,
3163 3961 3229 4014 ut
3255 3975 3359 4031 per
3404 3962 3638 4031 septua-

1992 4052 2156 4126 ginta
2185 4049 2584 4123 intelligamus
2612 4048 2796 4105 Vetus
2817 4049 3280 4115 Testamentum,
3308 4046 3466 4119 quod
3489 4049 3550 4103 et
3568 4047 3642 4105 de

1993 4138 2416 4213 temporalibus
2436 4137 2805 4210 loquebatur,
2819 4141 2879 4195 et
2897 4136 3024 4193 sola
3039 4134 3387 4210 temporalia
3404 4136 3648 4208 promit-

1994 4231 2174 4301 tebat,
2190 4227 2345 4284 sicut
2364 4226 2443 4282 ibi
2462 4226 2703 4300 legitur:
2724 4226 2785 4284 Si
2804 4225 3107 4283 volueritis
3123 4229 3181 4283 et
3201 4225 3504 4283 audieritis
3525 4243 3640 4295 me,

1995 4319 2149 4375 bona
2178 4322 2343 4374 terrae
2373 4316 2711 4373 comedetis.
2735 4316 2843 4372 Per
2861 4320 3085 4389 septem
3115 4316 3242 4372 dies
3269 4315 3448 4372 etiam
3470 4314 3645 4371 volvi-

1994 4412 2094 4467 tur
2108 4407 2228 4462 haec
2243 4404 2576 4476 totavita,in
2600 4404 2816 4477 quibus
2837 4406 3062 4461 utimur
3083 4404 3178 4461 his
3198 4403 3640 4476 temporalibus.

266 5376 418 5433 Ideo
446 5375 588 5433 dico
612 5392 722 5432 nos
744 5375 806 5430 in
824 5375 914 5431 ira
934 5374 1346 5447 deiicere,quia
1364 5375 1667 5445 tu,Deus,«
1692 5380 1886 5449 posui-

198 5464 275 5518 sti
306 5462 677 5541 iniquitates
719 5468 948 5520 nostras
999 5464 1056 5519 in
1107 5466 1422 5535 conspectu
1472 5468 1592 5531 tuo,
1626 5488 1654 5516 ››
1686 5466 1742 5521 id
1773 5471 1881 5535 est,

193 5567 451 5625 prauam
476 5551 694 5607 dedisti
718 5569 822 5625 pro
846 5552 1101 5625 peccatis
1125 5551 1538 5608 nostris.Sieut
1558 5554 1715 5609 enim
1739 5557 1880 5612 dici-

192 5645 293 5697 tur
325 5642 516 5697 Deus
546 5644 782 5711 peccata
825 5658 939 5696 non
987 5639 1267 5712 aspicere,
1306 5640 1541 5712 quando
1592 5644 1885 5703 condonet
