4048 6180
502 341 618 404 50⁸7
927 345 1338 408 HAYMONIS
1371 342 1911 407 IlALBERSTAT.
1947 341 2190 406 EPISC.
2225 342 2395 407 OPP.
2428 344 2626 407 PARS
2657 347 2704 408 Ι.
2734 379 2812 390 -—
2841 344 3238 408 COMMENT.
3271 347 3454 410 BlBL.
3718 355 3814 418 508

505 501 534 530 ‹‹
565 477 716 535 Anni
748 476 929 534 nostri
961 475 1114 533 sicut
1142 493 1355 533 aranea
1381 475 1876 545 meditabuntur,»
1900 476 2002 534 sed
2024 475 2149 533 dies
2261 479 2490 548 cordiae,
2515 503 2543 530 «
2576 483 2634 536 et
2663 502 2692 530 »
2723 479 2899 536 etiam
2925 479 3233 536 «delectati
3263 497 3459 538 sumus
3477 504 3503 533 η
3523 481 3654 541 inter
3671 487 3819 546 multa

505 585 794 626 annorum
827 570 1185 634 nostrorum,
1207 565 1264 622 id
1289 570 1398 634 est,
1433 565 1896 622 illuminatioues
1924 583 2071 638 quas
2092 565 2150 622 in
2261 569 2419 625 mali
2447 569 2626 641 hujus
2651 569 2783 624 vitae
2815 587 2826 625 :
2862 573 2920 624 et
2949 569 3060 624 hoc
3090 573 3196 637 est,
3233 591 3260 619 «
3289 569 3346 625 in
3378 571 3625 630 omnibus
3650 575 3820 634 diebus

504 659 675 716 annis
707 656 922 714 nostris
951 656 1260 723 habemus,
1295 661 1434 712 sunt
1463 655 1522 710 in
1555 654 1929 728 septuaginta
1958 654 2150 712 annis.
2263 659 2479 715 nostris
2513 681 2540 708 »
2573 660 2644 714 de
2674 657 2889 730 quibus
2915 662 3163 727 constat,
3186 658 3284 731 qui
3305 677 3585 732 nunquam
3612 669 3820 736 aguntur

505 769 534 798 «
567 746 718 820 Ipsis
751 769 778 795 ››
814 762 930 800 non
961 748 1049 802 est
1087 744 1414 812 relativum,
1448 745 1550 800 sed
1600 743 2148 800 demonstrativum.
2261 748 2390 803 sine
2419 747 2672 804 miseria.

499 835 652 893 Anni
685 835 922 907 quidem
959 835 1073 890 acti
1105 835 1429 890 secundum
1461 833 1642 889 Vetus
1687 835 2148 900 Testamentum,
2334 860 2360 887 «
2389 838 2458 892 Et
2487 854 2603 896 non
2641 841 2870 892 tantum
2922 835 3098 891 lzetati
3145 852 3348 892 sumus
3391 837 3534 892 inter
3572 839 3720 906 mala,
3747 843 3822 898 sed

501 943 618 982 non
649 928 816 981 erant
843 925 900 980 in
932 923 1356 996 potentatibus,
1389 921 1529 994 quia
1560 921 1758 978 nullus
1801 923 1912 977 sub
1957 922 2150 979 Veteri
2261 927 2436 982 etiam
2472 927 2599 998 ipsa
2629 926 2783 982 mala
2813 925 3033 981 faciunt
3065 943 3167 980 nos
3195 925 3453 993 lasiari,et
3479 925 3579 982 hoc
3597 932 3692 998 est,
3717 929 3824 984 «ls-

501 1015 878 1071 Testamento
902 1018 1426 1086 quantumcunque
1450 1010 1829 1083 sanctus,qui
1854 1015 2046 1066 tamen
2072 1010 2153 1066 di-
2261 1015 2365 1070 tati
2399 1032 2608 1070 sumus
2637 1033 2740 1088 pro
2772 1016 3000 1080 diebus,
3033 1013 3248 1086 quibus
3277 1031 3383 1070 nos
3410 1014 3720 1083 humiliasti,
3745 1022 3826 1074 net

499 1107 717 1160 cuntur
745 1103 1016 1159 homines
1047 1103 1185 1156 Novi
1220 1099 1599 1168 Testamenti,
1633 1099 1825 1172 potuit
1856 1099 2152 1171 pervenire
2259 1121 2373 1160 non
2397 1107 2626 1158 tantum
2651 1103 2778 1160 dico
2801 1121 2902 1176 pro
2926 1103 3152 1172 diebus,
3180 1103 3282 1160 sed
3302 1103 3469 1158 etiam
3491 1121 3586 1176 pro
3607 1125 3632 1154 «
3650 1107 3822 1160 annis»

499 1197 638 1249 ante
684 1195 932 1248 mortem
981 1189 1196 1247 Christi
1229 1191 1302 1246 ad
1333 1194 1601 1245 octavum
1634 1188 1810 1254 diem,
1845 1188 1901 1242 id
1933 1191 2041 1254 est,
2075 1189 2148 1243 ad
2257 1191 2317 1247 in
2353 1215 2382 1242 ‹‹
2415 1192 2631 1265 quibus
2664 1213 2692 1242 »
2725 1191 3168 1265 multipliciores
3193 1197 3437 1263 possunt
3462 1208 3582 1248 esse
3608 1191 3831 1261 miseria;

500 1281 760 1354 requiem
791 1281 1180 1354 signiﬁcatam
1206 1296 1310 1352 per
1327 1278 1586 1350 requiem
1614 1277 1961 1332 celebratam
1985 1275 2042 1330 in
2066 1293 2150 1332 se—
2259 1298 2436 1354 quam
2467 1281 2528 1336 in
2560 1281 2790 1352 diebus,
2823 1281 3041 1352 quibus
3071 1280 3242 1335 annis
3277 1301 3304 1329 «
3331 1278 3575 1336 vidimus
3601 1302 3627 1329 »
3657 1281 3707 1334 in
3731 1279 3827 1353 ipsa

499 1372 685 1444 ptima
711 1370 825 1438 die,
859 1373 918 1425 et
945 1369 1313 1440 designatam
1345 1385 1448 1440 per
1471 1370 1733 1422 octavam
1765 1365 1942 1421 diem.
1963 1364 2022 1421 Si
2045 1381 2147 1420 au-
2257 1371 2611 1442 experientia
2638 1394 2663 1420 ‹‹
2700 1369 2874 1437 mala,
2915 1393 2934 1418 ι
2967 1369 3026 1424 id
3075 1372 3183 1436 est,
3211 1368 3396 1424 multa
3442 1369 3662 1424 adversa
3698 1371 3828 1426 nobis

497 1464 617 1518 tem
639 1483 666 1510 ‹‹
693 1459 752 1514 in
786 1457 1185 1531 potentatibus
1219 1481 1246 1508 »
1279 1461 1419 1512 sunt
1447 1457 1572 1511 dies
1603 1455 1807 1520 nostri,
1839 1459 1980 1508 tunc
2009 1458 2150 1510 sunt
2257 1458 2419 1515 illata
2444 1477 2456 1515 :
2482 1459 2918 1515 considerantes
2937 1458 3095 1513 enim
3116 1457 3239 1512 haec
3261 1457 3415 1512 mala
3433 1457 3590 1512 nobis
3610 1459 3828 1529 prodesse

497 1547 796 1621 octoginta
823 1546 983 1614 anni,
1016 1546 1074 1602 id
1105 1550 1214 1612 est,
1248 1545 1369 1600 vita
1396 1547 1526 1600 acta
1563 1543 1888 1600 secundum
1923 1543 2146 1598 Novum
2257 1549 2328 1603 ad
2359 1550 2538 1604 vitam
2564 1552 2861 1616 aeternam,
2883 1563 2987 1620 Spe
3017 1545 3179 1602 illius
3207 1545 3411 1602 vitazin
3435 1545 3592 1602 nobis
3609 1562 3827 1618 magnam

497 1639 962 1704 Testamentum,
997 1653 1122 1708 quae
1154 1633 1372 1690 dicitur
1395 1649 1524 1690 esse
1546 1657 1572 1683 ‹‹
1600 1633 1659 1688 in
1691 1631 2146 1706 potentatibus,»
2257 1637 2516 1694 laetitiam
2545 1641 2847 1710 generant.

497 1727 636 1801 quia
664 1724 868 1782 fideles
897 1724 1038 1781 Novi
1061 1721 1420 1780 Testamenti
1443 1727 1576 1796 post
1596 1725 1843 1777 mortem
1865 1720 2065 1776 statim
2087 1721 2146 1776 in
2327 1751 2355 1777 ‹‹
2389 1726 2733 1784 Convertere
2767 1749 2794 1776 »
2825 1725 2975 1794 dico,
3009 1730 3068 1782 et
3096 1749 3124 1776 ‹‹
3161 1725 3386 1799 respice
3415 1745 3444 1776 ιι
3471 1723 3624 1780 oculo
3647 1722 3827 1780 miseri-

495 1815 755 1890 requiem
790 1814 1214 1888 perducuntur.
1245 1813 1317 1868 Et
1344 1811 1600 1884 amplius
1645 1826 1848 1868 eorum
1897 1809 2062 1866 labor
2089 1813 2148 1866 et
2173 1842 2223 1908 Β
2255 1815 2463 1904 cordia;
2494 1839 2521 1866 ‹‹
2557 1815 2616 1871 in
2647 1833 2846 1872 servos
2895 1819 3049 1883 tuos,
3083 1818 3142 1870 et
3169 1814 3230 1870 in
3262 1831 3435 1887 opera
3461 1817 3575 1882 tua,
3605 1835 3630 1865 »ι
3655 1812 3828 1868 scilicet

497 1905 747 1976 dolor,id
767 1901 1182 1976 est,quidquid
1209 1905 1372 1958 extra
1397 1900 1580 1958 Vetus
1609 1905 1668 1957 et
1688 1900 1911 1955 Novum
1935 1899 2142 1954 Tcsta-
2173 1894 2222 1908 ⁵’
2252 1894 2384 1961 tum
2411 1905 2551 1978 quia
2579 1903 2727 1961 servi
2759 1903 2846 1960 tui
2876 1908 3038 1972 sunt,
3069 1907 3197 1959 tum
3232 1904 3370 1976 quia
3397 1919 3492 1960 eos
3521 1901 3715 1958 fecisti:
3742 1921 3766 1951 (ί
3787 1903 3828 1956 et

493 1998 759 2052 mentum
791 1991 1003 2066 agitur,
1037 1990 1202 2048 labor
1230 1995 1288 2047 et
1316 1988 1481 2046 dolor
1496 1994 1606 2060 est,
1629 1987 1768 2062 quia
1789 1987 1836 2045 si
1865 1988 1996 2060 quis
2018 1987 2091 2042 sit

2252 1994 2440 2068 dirige
2467 1993 2619 2050 ﬁlios
2649 2009 2852 2050 eorum
2885 2015 2912 2042 n
2942 1993 3001 2048 in
3033 1993 3424 2050 constantiam
3459 2008 3473 2048 :
3503 1990 3658 2059 ﬁlios,
3678 1990 3726 2046 id
3747 1993 3825 2056 est,

492 2082 624 2140 istis
653 2081 814 2150 vivit,
847 2080 1077 2138 labores
1115 2083 1173 2137 et
1219 2079 1448 2137 dolores
1497 2079 1557 2134 in
1609 2076 1841 2134 aeternis
1889 2075 2144 2133 miseriis
2252 2082 2597 2138 imitatores.

493 2173 904 2244 consequetur.
2323 2170 2463 2227 Dico
2493 2193 2522 2221 «
2555 2169 2800 2242 respice,
2825 2192 2853 2220 ››
2890 2187 2912 2218 ι
2936 2173 3043 2225 et»
3074 2169 3160 2226 sic
3189 2192 3223 2220 ‹‹
3259 2169 3336 2226 sit
3365 2168 3625 2242 splendor
3649 2165 3827 2224 Domini

565 2283 594 2311 ‹‹
628 2257 936 2328 Quoniam.
969 2281 998 2311 »
1034 2260 1170 2314 Ideo
1201 2258 1356 2314 Deus
1375 2257 1556 2313 vitam
1579 2255 2144 2313 abreviavitetlaho-
2253 2259 2354 2316 Dei
2385 2257 2590 2326 nostri,
2616 2281 2644 2308 »
2675 2257 2734 2314 id
2765 2261 2873 2326 est,
2898 2255 3259 2314 illuminatio
3275 2257 3524 2332 Spiritus
3541 2257 3828 2314 sancticrsu-

489 2365 586 2407 res
613 2353 672 2406 et
699 2347 930 2405 dolores
961 2347 1231 2413 contulit,
1256 2369 1285 2398 «
1317 2347 1595 2418 quoniam
1629 2343 2145 2418 supervenit'man-
2253 2365 2356 2422 per
2383 2365 2513 2404 nos.
2531 2369 2560 2400 ››
2583 2346 2708 2419 Vel,
2733 2345 3030 2420 splendor,
3053 2347 3112 2403 id
3133 2351 3249 2416 est,
3273 2365 3414 2404 crux
3439 2345 3829 2416 Christi,scilicet

490 2440 763 2507 suetudo,
793 2459 822 2488 »
852 2437 908 2492 id
941 2440 1050 2506 est,
1082 2435 1487 2492 misericordia
1517 2435 1617 2490 Dei
1659 2431 1992 2505 supervenit
2020 2431 2139 2502 ira),
2252 2442 2319 2494 ut
2347 2435 2747 2510 intelligamus
2775 2435 3078 2492 victoriam
3109 2435 3332 2492 Christi
3378 2437 3579 2494 factam
3607 2435 3657 2491 in
3682 2451 3827 2502 cruce,

497 2533 557 2586 et
584 2527 776 2601 ipsam
807 2525 954 2582 iram
975 2525 1541 2598 contemperavit,ut
1561 2523 1648 2580 ira
1665 2523 1763 2578 Dei
1780 2523 1905 2594 jam
1929 2539 2044 2576 non
2067 2521 2145 2576 sit
2250 2527 2308 2582 in
2341 2543 2459 2599 qua
2486 2524 2788 2582 diabolum
2820 2529 3109 2597 potestate
3136 2524 3410 2598 privavit,
3441 2529 3498 2584 et
3522 2523 3673 2582 nobis
3694 2523 3828 2580 vitam

492 2615 663 2674 nobis
691 2614 764 2673 ad
797 2607 1369 2681 damnationem,sed
1403 2615 1475 2669 ad
1507 2611 1937 2686 purgationem,
1961 2631 1989 2660 «
2023 2615 2083 2665 et
2112 2632 2140 2660 ››
2251 2615 2543 2672 restituit:
2571 2636 2599 2666 «
2619 2619 2677 2671 et
2701 2637 2729 2663 »
2751 2629 2855 2686 per
2873 2612 3041 2669 illum
3065 2612 3443 2686 splendorem
3461 2638 3489 2664 «
3509 2613 3674 2687 dirige
3697 2629 3828 2686 opera

489 2721 594 2780 per
638 2704 802 2762 illam
851 2703 956 2762 Dei
1005 2703 1521 2760 mansuetudinem
1555 2723 1583 2753 ‹‹
1615 2697 2000 2774 corripiemur
2031 2721 2058 2749 »
2109 2716 2144 2755 a
2251 2719 2536 2760 manuum
2567 2706 2925 2772 nostrarum,
2963 2725 2991 2752 »
3021 2701 3253 2760 scilicet
3289 2717 3632 2776 quaecunque
3669 2717 3826 2774 opera;

494 2793 751 2869 peccatis
781 2794 1022 2851 nostris.
2251 2799 2308 2852 et
2337 2795 2416 2852 sit
2443 2793 2620 2850 etiam
2667 2791 2942 2866 splendor
2970 2791 3072 2849 Dei
3100 2815 3130 2844 α
3163 2809 3352 2867 super
3396 2808 3518 2862 nos,
3548 2816 3575 2843 »
3601 2791 3652 2848 id
3678 2795 3764 2858 est,
3784 2789 3826 2844 in

560 2908 589 2936 (ί
621 2884 784 2951 Ωιιίεο
822 2906 851 2934 ³)
883 2883 1367 2956 Quandoquidem
1398 2883 1554 2940 D6118
1584 2883 1730 2938 iram
1757 2895 1926 2936 suam
1967 2894 2140 2933 man-
2251 2884 2449 2941 anima
2476 2887 2699 2950 nostra,
2733 2898 2858 2954 quae
2889 2885 2980 2938 est
3008 2897 3146 2954 pars
3177 2883 3486 2955 superior:
3513 2902 3540 2933 α
3567 2884 3618 2938 et
3638 2902 3662 2931 ››
3691 2893 3771 2953 per
3785 2875 3829 2933 il-

493 2977 723 3030 suetam
739 2972 1020 3042 facit,non
1039 2976 1236 3028 tamen
1255 2975 1322 3028 ut
1343 2989 1450 3028 nos
1469 2988 1584 3027 non
1607 2968 1941 3043 puniat,sed
1961 2965 2139 3022 etiam
2249 2975 2373 3030 lum
2391 2973 2760 3046 splendorem
2778 2993 2806 3023 «
2820 2970 3006 3045 dirige
3020 2988 3169 3045 opus
3185 2987 3478 3028 manuum
3495 2973 3824 3032 nostrarum,»

493 3066 560 3118 ut
579 3079 686 3117 nos
708 3059 1122 3132 corrigat,ergo
1147 3081 1174 3110 «
1195 3059 1329 3132 quis
1347 3060 1506 3114 novit
1526 3061 1931 3131 potestatem,»
1947 3055 2004 3111 id
2026 3059 2138 3126 est,
2247 3062 2472 3120 scilicet
2499 3060 2867 3126 charitatem,‘
2899 3075 3025 3132 qua:
3065 3063 3156 3116 est
3199 3057 3458 3133 speciale
3485 3073 3638 3132 opus.
3662 3051 3747 3110 Val
3768 3051 3828 3107 ita

493 3147 818 3204 efﬁcaciam
852 3168 881 3198 ‹‹
912 3147 1010 3203 irae
1039 3152 1174 3214 tuae,
1202 3169 1230 3196 ››
1260 3148 1318 3202 id
1341 3151 1450 3215 est,
1475 3146 1609 3218 quis
1639 3145 1970 3202 considerat
1989 3143 2091 3199 ira:

2248 3151 2358 3208 sub
2377 3168 2496 3206 una
2517 3148 2890 3206 distinctione
2902 3148 3169 3205 dicamus
3185 3164 3199 3203 :
3215 3147 3825 3223 Dirigeoperamanuum

374 3219 386 3225 ’δ
487 3240 653 3292 tuam
684 3251 813 3291 esse
845 3235 1042 3290 datam
1067 3236 1138 3291 ad
1161 3212 1620 3290 correctionem?
1639 3255 1664 3284 ‹‹
1692 3238 1749 3290 et
1771 3257 1797 3282 ››
1820 3233 1954 3304 quis
1979 3231 2135 3288 novit
2167 3212 2211 3280 (ἶ
2249 3245 2582 3296 nostrarum
2615 3255 2792 3312 super
2819 3255 2947 3305 nos,
2981 3237 3036 3293 id
3070 3241 3178 3306 est,
3210 3242 3287 3294 ut
3315 3212 3443 3312 ipsa
3465 3212 3628 3310 opera
3661 3231 3827 3289 ducant

491 3347 521 3374 «
555 3323 930 3378 dinumerare
957 3321 1104 3378 iram
1135 3326 1320 3390 tuam,
1353 3343 1381 3372 »
1420 3322 1643 3378 scilicet
1673 3327 1738 3377 ut
1767 3323 1849 3376 ita
1867 3321 2134 3376 conside-
2243 3347 2351 3388 nos
2363 3330 2434 3385 ad
2459 3329 2740 3400 majorem
2763 3327 3138 3384 altitudinem
3162 3345 3350 3400 quam
3375 3345 3477 3384 nos
3497 3326 3668 3383 simus
3685 3318 3824 3393 digni.

487 3415 577 3468 ret
607 3411 667 3466 in
695 3410 959 3467 vindicta
983 3415 1088 3468 tua
1108 3427 1238 3467 esse
1260 3411 1864 3482 prosperitates,sicut
1885 3413 2022 3466 sunt
2041 3410 2136 3465 ad-
2241 3417 2365 3486 vel,
2398 3433 2576 3488 super
2605 3433 2732 3484 nos,
2767 3417 2824 3472 id
2856 3421 2965 3484 est,
2996 3433 3100 3488 pro
3131 3417 3433 3490 supernis,
3465 3432 3574 3472 non
3601 3427 3692 3487 pro
3715 3412 3825 3465 tem-

485 3500 838 3558 versitates?
867 3499 1018 3556 Iram
1049 3499 1180 3555 dico
1217 3499 1442 3556 illatam
1467 3523 1494 3550 ‹‹
1531 3517 1648 3572 prze
1695 3499 1904 3555 timore
1951 3502 2072 3570 tuo,
2103 3519 2130 3549 »
2243 3505 2566 3580 poralibus,
2599 3505 2745 3562 bene
2776 3521 3104 3578 operemur.

485 3589 545 3646 id
576 3593 684 3686 est,
719 3592 785 3686 ut
812 3588 987 3645 homo
1012 3591 1078 3686 te
1101 3587 1355 3686 timeat.”
1469 3678 1507 3686 ⁵
1622 3678 1633 3686 _
1819 3677 1832 3686 .
1919 3680 1928 3686 _
1987 3678 1997 3686 _
2760 3629 2833 3684 ΙΝ
2875 3627 3225 3686 pSALMUM
3271 3629 3360 3686 xc

557 3703 586 3731 «
614 3679 944 3736 Dexteram.
975 3699 1007 3730 n
1039 3677 1180 3734 Pars
1225 3677 1416 3734 tertia.
1469 3678 1734 3749 Domine,
1787 3677 1939 3734 sicut
1984 3678 2132 3732 iram
2541 3738 2587 3749 __
2760 3670 2829 3684 “’
2865 3670 3232 3749 ξ”““““ίξ’ἶ
3271 3670 3382 3749 iw:

485 3767 811 3836 contulisti,
845 3790 874 3819 «
909 3767 1014 3836 sic,
1040 3789 1070 3818 ››
1104 3766 1370 3835 Domine,
1399 3789 1428 3816 ‹‹
1461 3767 1757 3823 dexteram
1795 3769 1980 3834 tuam,
2012 3789 2040 3818 »
2073 3766 2132 3821 id

482 3861 590 3926 est,
617 3856 829 3914 Filium
849 3860 1162 3928 tuum,per
1180 3871 1357 3929 quem
1378 3855 1786 3912 liberationem
1816 3855 1998 3912 facias
2018 3855 2133 3912 hu-
2317 3887 2344 3912 ‹‹
2375 3861 2483 3930 Qui
2515 3861 2761 3918 habitat.
2794 3881 2822 3912 υ
2858 3859 3128 3916 Psalmus
3160 3859 3277 3918 iste
3317 3860 3602 3918 canticum
3645 3851 3828 3913 dicitur,

485 3946 646 4002 mani
675 3945 928 4018 generis,
961 3968 991 3996 «
1023 3945 1112 4001 fac
1143 3948 1366 4015 notam,
1399 3966 1428 3996 »
1461 3943 1686 4002 scilicet
1714 3949 1782 4000 ut
1809 3945 1924 4002 ﬁde
1951 3949 2012 4002 et
2044 3945 2132 4001 di-
2242 3952 2383 4025 quia
2411 3967 2533 4010 rem
2553 3949 2723 4006 nobis
2745 3948 3040 4022 proponit,
3059 3950 3215 4006 unde
3239 3949 3414 4007 nobis
3435 3947 3668 4006 maxime
3683 3936 3830 3998 exsul-

482 4033 732 4089 lectione
759 4031 1118 4104 recipiamus
1146 4047 1282 4088 eum
1308 4048 1321 4087 :
1347 4056 1377 4082 «
1409 4035 1468 4088 et
1497 4054 1526 4082 ››
1557 4032 1648 4088 tae
1679 4048 1786 4088 nos
1815 4053 1844 4082 «
1875 4031 2132 4089 eruditos
2240 4039 2488 4096 tandum
2519 4041 2640 4105 est;
2673 4037 2933 4094 ostendit
2960 4037 3140 4094 etiam
3179 4039 3357 4095 nobis
3405 4034 3676 4112 quomodo
3715 4029 3832 4086 Deus

464 4120 658 4176 'OOPde
686 4141 714 4171 ’δ
748 4136 866 4174 non
896 4119 958 4174 in
989 4119 1348 4188 carnalibus.
1379 4121 1479 4176 Sed
1506 4144 1534 4170 α
1555 4120 1615 4176 in
1639 4121 1948 4194 sapientia,
1978 4144 2005 4171 »
2028 4122 2135 4178 SCi-
2241 4143 2446 4184 omnes
2475 4125 2678 4182 ﬁdeles
2717 4141 2856 4182 suos
2887 4143 2921 4182 a
2950 4125 3211 4198 quolibet
3259 4143 3472 4202 genere
3511 4119 3830 4181 tentationem

483 4207 621 4264 licet
650 4211 717 4263 ut
743 4206 803 4261 in
835 4205 963 4279 ipso
995 4205 1225 4262 Christo
1257 4210 1420 4263 tuam
1453 4208 1800 4280 dignitatem
1840 4208 2130 4282 intelliga-
2239 4215 2471 4288 eripiat,
2517 4215 2578 4270 in
2630 4231 2744 4288 quo
2799 4213 2924 4288 ipse
2967 4213 3246 4271 liberator
3295 4211 3603 4272 laudabilis
3644 4203 3834 4282 apparet

487 4313 641 4352 mus.
673 4293 799 4365 Vel,
834 4295 918 4350 ita
947 4294 1157 4350 dedisti
1190 4295 1360 4361 iram,
1392 4299 1452 4352 et
1482 4295 1586 4364 sic,
1613 4295 1673 4351 id
1705 4301 1812 4363 est,
1838 4314 1941 4369 per
1970 4297 2130 4355 illam
2240 4304 2517 4362 omnibus
2543 4320 2556 4360 :
2579 4309 2640 4361 et
2668 4304 2796 4360 ideo
2845 4304 3262 4361 convenienter
3291 4304 3507 4361 dicitur
3534 4323 3562 4354 ‹‹
3590 4300 3704 4356 laus
3729 4307 3831 4350 can-

2541 3738 2820 3793 Trruws.
2855 3736 2998 3792 Laus
3026 3737 3232 3792 cantici
3267 3739 3380 3810 ipsi
3406 3734 3590 3792 David.

483 4385 654 4452 iram,
691 4385 779 4442 fac
825 4383 1367 4440 notam-dexteram
1415 4387 1601 4453 tuam,
1651 4384 1707 4439 id
1757 4389 1866 4454 est,
1919 4386 2129 4444 Filium
2239 4393 2360 4462 tici,
2395 4416 2422 4443 »
2455 4395 2626 4466 quasi
2655 4391 2952 4450 laudabile
2993 4393 3318 4462 canticum,
3353 4392 3508 4466 quod
3552 4381 3836 4447 attribuitur

483 4477 675 4542 tuum,
699 4478 765 4530 ut
793 4474 1164 4530 attendentes
1186 4471 1454 4529 miserias
1476 4473 1646 4529 nobis
1665 4473 1858 4530 illatas
1881 4493 1984 4547 pro
2006 4494 2132 4548 pec-
2240 4481 2418 4538 David
2455 4481 2773 4554 Prophetas,
2807 4480 2908 4553 qui
2939 4480 3220 4553 loquitur.
3257 4481 3502 4538 Materia
3537 4481 3620 4535 est
3661 4466 3834 4542 ereptio

484 4563 652 4631 catis,
678 4562 976 4620 Christum
998 4567 1267 4618 nostrum
1289 4561 1661 4619 liberatorem
1683 4580 2127 4638 cognoscamus.
2162 4587 2210 4652 Ι)
2242 4571 2551 4642 Dei,quam
2576 4553 2722 4628 i‘acit
2749 4570 3021 4627 universo
3045 4570 3350 4642 jnstorum
3381 4566 3604 4642 corpori
3627 4565 3692 4622 ab
3710 4553 3832 4618 omni

556 4675 586 4702 «
619 4652 925 4708 Dexteram
954 4654 1120 4708 tuam
1152 4655 1351 4733 notam
1381 4651 1492 4720 fac,
1515 4672 1544 4702 »
1569 4655 1628 4707 et
1651 4669 1756 4725 per
1784 4652 1974 4726 ipsam
1997 4655 2133 4712 dex-
2168 4651 2171 4652 ⁷
2243 4659 2635 4716 tentationum
2665 4675 2876 4732 genere
2909 4675 2924 4715 :
2957 4663 3016 4716 et
3043 4676 3147 4732 per
3183 4660 3544 4732 oppositum,
3575 4655 3702 4727 ipsae
3740 4653 3836 4704 ten-

486 4744 672 4797 teram
695 4762 722 4789 ‹‹
747 4743 1078 4796 convertere
1103 4762 1130 4790 »
1153 4740 1225 4795 ad
1256 4757 1384 4808 nos,
1412 4763 1441 4791 «
1463 4739 1728 4809 Domine,
1764 4764 1793 4790 ››
1825 4759 2134 4802 conversos
2243 4749 2494 4805 tationes
2524 4766 2560 4804 a
2589 4747 2804 4821 quibus
2825 4747 2976 4820 justi
3002 4747 3351 4805 liberantur.
3379 4746 3551 4804 Modu
3576 4761 3587 4801 :
3611 4739 3669 4800 In
3686 4735 3838 4811 prima

487 4852 516 4882 «
547 4843 874 4901 usquequo,
908 4849 936 4877 »
971 4828 1030 4883 id
1061 4832 1171 4896 est,
1207 4845 1396 4900 usque
1426 4830 1498 4884 ad
1529 4828 1707 4885 aliam
1738 4834 1964 4902 partem
1993 4850 2131 4890 con-
2241 4841 2429 4910 parte,
2451 4837 2784 4894 ostenditur
2813 4836 3008 4909 qualis
3039 4836 3115 4906 sit
3142 4835 3240 4893 ille
3271 4837 3374 4909 qui
3398 4837 3564 4893 aDeo
3584 4827 3834 4910 liberatur.

481 4917 788 4985 versionis,
813 4914 1038 4972 scilicet
1067 4920 1134 4970 ut
1160 4921 1397 4988 peccata
1426 4917 1711 4974 dimittas.
1736 4918 1864 4974 Alia
1882 4922 2130 4978 transla-
2240 4907 2466 4982 scilicet
2495 4943 2739 4998 sperans
2769 4907 3008 4982 omnino
3047 4927 3108 4982 in
3158 4907 3430 4982 Domino.
3463 4915 3770 4980 Ostenditur
3790 4907 3835 4998 in

484 5007 564 5064 tio
595 5006 792 5077 habet,
827 5028 854 5056 «
889 5003 1346 5077 aliquantulum,
1379 5027 1408 5055 »
1446 5026 1474 5054 ‹‹
1503 5009 1562 5060 et
1589 5004 1976 5078 deprecabilis
2004 5016 2129 5069 esto
2238 5016 2442 5071 eadem
2473 4997 2639 5088 parte
2669 5014 2861 5086 qualis
2891 5016 2971 5072 sit
3017 5016 3299 5088 protectio
3349 5013 3475 5081 Dei,
3505 5015 3561 5068 et
3588 5026 3620 5065 a
3646 4997 3839 5088 quantis

485 5113 664 5168 super
691 5112 888 5152 εοννοε
917 5097 1072 5150 ῖυοεο
1107 5114 1136 5142 ”
2237 5086 2538 5176 periculis,
2570 5107 2629 5158 et
2657 5119 2834 5174 quam
2870 5086 3118 5162 infinitis
3150 5105 3253 5160 ﬁat
3297 5101 3404 5159 illa
3451 5100 3546 5157 Dei
3579 5086 3834 5170 protectio-

556 5209 583 5234 ‹‹
617 5185 749 5240 Jam
797 5189 930 5255 peto
961 5187 1027 5240 ut
1056 5177 1433 5250 converteris,
1473 5187 1538 5238 ut
1586 5181 1670 5238 sis
1719 5185 2128 5258 deprecabilis,
2240 5193 2304 5247 ln
2355 5191 2616 5247 secunda
2663 5196 2846 5265 parte,
2891 5211 3020 5265 quae
3067 5191 3309 5266 incipit:
3336 5217 3364 5241 ‹‹
3399 5189 3612 5248 Cadent
3639 5181 3838 5266 alat?“

486 5271 626 5343 quia
645 5275 794 5343 jam,
817 5274 1082 5342 Domine,
1109 5295 1137 5325 «
1161 5271 1362 5344 repleti
1389 5289 1597 5328 sumus
1619 5289 1790 5328 mane
1811 5272 2134 5334 misericor—
2240 5285 2362 5348 tuo,
2397 5301 2425 5330 »
2458 5263 2717 5336 ostendit
2747 5263 3207 5352 quodiChristus
3253 5281 3462 5346 malos,
3496 5275 3591 5349 qui
3621 5285 3742 5328 suos
3763 5263 3837 5319 hic

487 5361 586 5416 dia
636 5366 754 5429 tua,
788 5383 816 5413 ››
851 5381 954 5435 spe
993 5379 1096 5434 per
1140 5361 1626 5419 resurrectionem
1675 5362 1912 5432 Christi,
1953 5383 2131 5438 quam
2241 5368 2443 5425 multis
2473 5369 2896 5427 tentationibus
2916 5374 3370 5444 persequuntur,
3385 5368 3616 5426 tandem
3636 5362 3838 5444 damm-

488 5447 782 5506 credimus
812 5451 1070 5507 futuram
1101 5451 1162 5506 in
1194 5468 1366 5507 mane
1396 5467 1499 5524 per
1519 5449 2006 5510 illuminationem
2027 5455 2135 5510 vir-
2241 5457 2348 5526 bit,
2379 5461 2437 5514 et
2468 5474 2607 5514 suos
2637 5441 3054 5517 remunerabit.
3089 5441 3154 5516 in
3197 5459 3372 5517 tertia
3419 5458 3598 5531 parte,
3624 5463 3737 5522 (Ῑιιω
3763 5441 3838 5496 in"

488 5537 719 5603 tutum;
744 5542 804 5592 et
832 5556 946 5593 non
980 5542 1211 5594 tantum
1244 5538 1444 5612 repleti
1475 5557 1684 5598 sumus
1712 5541 2130 5610 misericordia,
2242 5546 2419 5618 cipit:
2456 5570 2484 5596 ‹‹
2517 5547 2801 5613 Quoniam
2824 5547 2882 5603 in
2907 5567 3000 5606 me
3017 5551 3326 5622 speravit,»
3351 5542 3576 5602 inducit
3596 5531 3840 5622 PI'Obe’ia

489 5622 592 5678 sed
614 5623 790 5678 etiam
818 5647 844 5674 (ι
867 5625 1307 5695 exsultavimus,
1329 5650 1353 5675 ››
1369 5628 1588 5686 scilicet
1611 5649 1712 5704 spe
1731 5631 1891 5690 illius
1913 5633 2132 5690 miseri-
2242 5634 2425 5690 Deum
2457 5635 2894 5708 promittentem
2915 5618 3196 5696 membris
3217 5618 3453 5703 Christi,
3479 5636 3534 5688 et
3554 5630 3609 5684 in
3630 5626 3727 5681 hac
3743 5618 3839 5673 vim

3959 1229 3961 1244 ι

3959 1347 3961 1394 1

3959 1455 3961 1484 Δ

3959 1505 3961 1556 1

3960 1653 3961 1670 ι
