4048 6180
181 329 285 391 509

1327 328 1826 391 EXPLANATIO
1869 327 1948 389 IN
1991 329 2371 394 PSALMOS.

3453 335 3573 398 510

177 461 687 535 protectionem,et
707 463 840 534 post
861 461 1011 518 hanc
1032 478 1094 517 se
1112 461 1387 518 daturum
1410 462 1816 518 aeternitatem.
1848 460 1905 528 Α
1934 460 1991 516 id
2024 464 2133 531 est,
2166 479 2200 518 a
2229 462 2337 519 levi
2368 464 2685 522 tentatione
2713 468 2771 522 et
2800 464 3131 536 manifecta,
3163 472 3221 525 et
3249 468 3424 526 etiam
3458 488 3574 528 non

176 550 417 607 Intentio
449 553 538 606 est
569 566 678 606 nos
708 550 998 605 instruere
1027 554 1232 606 contra
1263 551 1636 618 tentationcs,
1662 550 1816 605 scili-

174 644 255 696 cet
270 642 335 695 ut
353 643 635 712 putemus
656 655 959 710 nunquam
978 656 1081 710 per
1102 644 1332 695 nostras
1348 640 1499 695 vires
1520 657 1627 694 nos
1648 654 1818 711 posse

173 727 594 784 tentationibus
628 726 921 794 resistere,
954 728 1054 783 sed
1089 745 1319 800 semper
1349 729 1420 783 ad
1458 729 1641 783 Deum
1675 728 1821 782 refu-

174 818 424 892 giamus,
449 820 504 872 et
533 816 608 871 ab
639 816 768 888 ipso
798 815 1032 871 liberari
1066 821 1489 888 exspectemus.

235 932 260 956 ‹‹
284 906 367 961 Ac
401 905 450 959 si
475 905 557 959 ita
578 904 797 960 diceret
819 905 1104 977 Propheta
1128 906 1274 961 :Vos
1289 906 1434 978 justi
1460 907 1816 979 quicunque,

174 1013 275 1052 non
313 992 688 1068 prmsumetis
720 993 790 1048 de
819 993 1003 1062 vobis,
1029 996 1130 1049 sed
1162 995 1493 1051 universam
1525 1013 1688 1067 spem
1722 1014 1819 1051 ve-

172 1089 347 1141 stram
378 1081 646 1156 projicite
682 1082 739 1138 in
762 1083 1029 1151 Domino,
1055 1084 1332 1156 quoniam
1355 1110 1381 1135 «
1409 1085 1507 1157 qui
1539 1084 1819 1151 habitat,»

169 1175 220 1229 id
241 1177 353 1241 est,
381 1175 733 1245 perseverat,
750 1196 776 1222 ‹‹
806 1171 865 1226 in
897 1173 1209 1245 adjutorio,
1228 1197 1253 1223 ››
1278 1175 1333 1230 id
1361 1178 1467 1241 est,
1494 1178 1559 1229 ut
1587 1174 1822 1229 aliunde

166 1263 396 1319 nullum
431 1266 598 1334 putet
648 1261 760 1317 sibi
792 1279 921 1317 esse
955 1261 1234 1318 auxilium
1270 1263 1325 1318 in
1362 1281 1475 1335 quo
1524 1264 1670 1319 bene
1718 1263 1820 1318 ha-

162 1352 477 1408 bitandum
536 1354 647 1418 est,
674 1350 953 1422 quoniam
1016 1351 1141 1424 ipse
1191 1351 1529 1407 Altissimus
1565 1370 1577 1408 :
1611 1357 1668 1409 et
1714 1352 1824 1408 hoc

159 1447 264 1510 est,
306 1464 327 1490 ι
354 1438 644 1496 Altissimi
671 1457 721 1495 »ε
748 1440 849 1512 qui
880 1439 961 1495 ita
983 1440 1261 1508 habitat,«
1285 1441 1743 1505 commorabitur
1764 1442 1823 1497 in

158 1529 526 1603 protectione
555 1528 679 1597 Dei,
709 1552 736 1578 »
752 1528 815 1584 id
847 1532 955 1597 est,
989 1529 1225 1585 assidue
1270 1531 1595 1604 protegitur
1623 1549 1658 1586 a
1690 1536 1823 1600 Deo,

158 1619 258 1676 Dei
289 1618 429 1673 dico
456 1640 485 1668 ‹‹
520 1616 647 1673 coeli
676 1640 703 1666 »
737 1618 795 1673 in
843 1634 957 1690 quo
988 1618 1144 1690 quod
1175 1618 1367 1675 valida
1407 1623 1463 1675 et
1511 1636 1725 1692 magna
1750 1620 1828 1676 sit

160 1706 452 1781 protectio
480 1707 611 1779 ejus
642 1706 971 1763 denotatur.
1006 1707 1070 1763 In
1102 1706 1212 1763 hoc
1239 1706 1427 1780 primo
1452 1725 1644 1776 versu,
1668 1712 1827 1764 nota-

1926 551 2163 607 timebis
2198 576 2218 602 α
2256 570 2289 608 a
2319 554 2547 626 negotio
2582 556 3024 628 perambulante
3070 557 3129 613 in
3162 560 3481 627 tenebris,»
3516 561 3573 617 id

1928 644 2034 707 est,
2063 642 2135 696 ab
2167 640 2364 713 aliqua
2390 643 2545 714 gravi
2570 644 2891 700 tentatione
2913 648 2969 700 et
2989 646 3236 716 occulta,
3253 649 3577 720 qualisfuit

1929 728 2160 784 Christo
2193 732 2546 787 machinatio
2578 734 2805 801 mortis,
2835 751 3009 806 quam
3041 734 3093 791 ei
3123 735 3373 792 latenter
3401 755 3575 810 para-

1927 822 2137 873 verunt
2157 819 2363 875 Judaei.
2384 820 2489 875 Per
2512 822 2829 894 negotium,
2854 823 3175 895 accipimus
3193 842 3576 898 quoscunque

1931 907 2307 977 gravissimos
2339 913 2504 965 actus
2534 911 2603 965 ad
2637 910 2889 977 alicujus
2921 912 3340 981 seductionem,
3366 919 3432 971 ut
3459 915 3575 971 hi8-

1932 995 2092 1051 retici
2112 996 2364 1067 graviter
2383 998 2653 1054 laborant
2669 1003 2732 1054 ut
2748 999 3001 1071 aliquem
3012 1001 3242 1072 justum
3262 1004 3575 1076 decipiant.

1931 1088 2093 1153 Quod
2116 1087 2274 1155 dicit,
2292 1110 2317 1137 «
2345 1088 2810 1160 parambulante,
2832 1113 2858 1139 ››
2885 1090 3171 1146 habemus
3203 1109 3579 1163 perseveran-

1931 1176 2073 1230 tiam
2108 1175 2167 1230 in
2201 1176 2317 1231 illis
2350 1176 2609 1245 actibus;
2642 1195 2745 1248 per
2773 1178 2884 1233 hoc
2915 1179 3067 1250 quod
3101 1178 3295 1247 dicit,«
3331 1180 3390 1236 in
3422 1185 3580 1237 tene-

1933 1263 2113 1330 bris,»
2138 1262 2425 1318 habemus
2446 1262 2734 1319 occultam
2758 1264 3162 1320 tentationem.
3181 1267 3251 1321 Et
3270 1266 3444 1321 etiam
3467 1286 3583 1324 non

1934 1351 2170 1407 timebis
2191 1375 2215 1399 ‹‹
2244 1352 2317 1406 ab
2342 1352 2579 1408 incursu
2602 1357 2659 1408 et
2680 1353 2964 1410 daemonio
2988 1354 3312 1410 meridiano
3339 1379 3364 1403 ››
3387 1356 3447 1411 id
3474 1362 3584 1423 est,

1933 1441 2007 1496 ab
2039 1440 2283 1496 incursu
2314 1441 2586 1496 daemonii
2620 1442 2948 1512 meridiani,
2982 1443 3038 1497 id
3072 1447 3182 1514 est,
3217 1462 3332 1499 non
3363 1444 3589 1501 timebi-

1935 1546 2068 1585 mus
2099 1546 2132 1583 a
2164 1529 2512 1601 gravissima
2567 1531 2974 1603 persecutione
3033 1532 3363 1602 manifesta,
3397 1533 3587 1607 qualis

1933 1622 2089 1674 esset
2118 1618 2464 1688 persecutio,
2489 1617 2538 1673 si
2561 1616 2775 1691 aliquis
2797 1620 3085 1676 nefandus
3105 1620 3416 1694 episcOpus
3447 1641 3587 1695 prae-

1934 1705 2157 1761 dicaret
2184 1710 2242 1762 et
2283 1707 2620 1779 praeciperet
2650 1707 3090 1764 fornicationem
3121 1707 3211 1764 vel
3243 1708 3584 1783 simoniam,

158 1802 259 1853 tur
287 1800 414 1853 tota
445 1811 683 1851 summa
712 1793 883 1867 hejus
915 1796 1115 1868 primae
1136 1793 1626 1869 partis,quamvis
1648 1796 1828 1853 brevi-
1858 1829 1905 1895 Β
1936 1795 2089 1851 sicut
2118 1795 2435 1852 Guibertus
2478 1796 2741 1852 demens.
2777 1796 2884 1851 Per
2912 1796 3021 1853 hoc
3061 1797 3217 1869 quod
3248 1797 3408 1867 dicit,
3437 1820 3466 1849 ‹‹
3498 1798 3585 1853 in-

162 1891 253 1943 ter
280 1884 641 1952 continetur,
667 1884 765 1940 ubi
794 1883 952 1940 enim
975 1883 1140 1952 dicit,
1162 1909 1188 1935 ‹‹
1215 1885 1313 1957 qui
1348 1884 1632 1954 habitat,»
1664 1886 1829 1958 ponit
1860 1883 1904 1895 "
1936 1901 2170 1951 cursu,»
2194 1883 2481 1940 habemus
2510 1884 2936 1954 vehementem,
2960 1889 3017 1942 et
3045 1885 3439 1959 impetuosam
3468 1891 3589 1943 ten-

168 1974 335 2031 illum
368 1972 472 2047 qui
515 1973 813 2029 liberetur.
837 1970 982 2028 Cum
1015 1972 1158 2029 dicit
1203 1974 1262 2029 in
1312 1975 1671 2047 protectione
1702 1973 1827 2044 Dei,

178 2064 334 2137 ponit
365 2066 776 2135 protectorem,
812 2065 870 2117 et
898 2061 997 2117 dat
1035 2061 1392 2119 intellectum
1424 2062 1594 2119 nobis
1624 2079 1826 2119 eorum

183 2171 214 2208 a
238 2152 453 2225 quibus
482 2151 561 2206 sit
591 2148 690 2206 illa
718 2150 1018 2223 protectio,
1044 2151 1267 2207 scilicet
1311 2168 1345 2207 a
1384 2152 1826 2207 tentationibus.

251 2267 273 2290 α
305 2240 486 2296 Dicet.
515 2263 542 2289 υ
566 2237 833 2294 Ostendit
872 2238 1065 2311 qualis
1114 2238 1190 2294 sit
1234 2238 1332 2295 ille
1363 2240 1461 2311 qui
1510 2239 1739 2296 habitat
1770 2240 1828 2294 in

190 2329 487 2402 adjutorio,
523 2327 747 2384 scilicet
793 2327 891 2383 ille
921 2351 947 2378 ‹‹
985 2327 1138 2383 dicet
1184 2327 1431 2384 Domino
1465 2346 1477 2384 :
1518 2330 1832 2402 Susceptor

194 2436 345 2474 meus
366 2436 425 2475 es
448 2422 572 2485 tu,»
598 2416 737 2489 quia
767 2432 836 2472 ex
863 2415 1086 2473 vilitate
1120 2416 1340 2489 peccati
1366 2417 1437 2473 ad
1460 2417 1831 2473 altitudinem

191 2506 417 2578 justitize
441 2522 535 2562 me
556 2503 889 2578 suscepisti,
907 2505 979 2560 ad
1002 2520 1179 2578 quam
1202 2523 1304 2579 per
1324 2523 1484 2563 meas
1500 2506 1651 2563 vires
1673 2504 1833 2563 nullo

199 2596 358 2652 modo
381 2599 644 2670 poteram
674 2593 996 2668 pervenire,
1016 2596 1073 2652 in
1097 2611 1210 2668 quo
1242 2595 1491 2669 positus,
1516 2612 1651 2652 cum
1681 2595 1833 2669 peri-

195 2684 316 2741 cula
336 2682 731 2753 imminerent,
747 2699 860 2739 non
886 2682 1115 2746 conﬁdo
1136 2683 1195 2739 in
1219 2682 1365 2740 meis
1384 2683 1627 2753 viribus,
1649 2686 1749 2741 sed
1768 2688 1834 2740 tu

198 2790 275 2844 es,
303 2774 470 2842 Deus,
499 2797 528 2824 ‹‹
563 2771 857 2847 refugium
890 2790 1089 2829 meum
1123 2797 1150 2823 ››
1175 2774 1247 2829 ad
1280 2790 1453 2847 quem
1503 2772 1750 2847 refugio,
1771 2777 1838 2829 ut

199 2864 406 2937 possim
436 2862 675 2920 liberari
717 2863 788 2919 ab
835 2863 995 2919 omni
1046 2863 1325 2920 instantia
1346 2863 1759 2937 periculorum,
1783 2865 1840 2919 et

201 2970 437 3025 semper,
459 2953 603 3026 quia
627 2976 653 3003 «
688 2952 843 3009 Deus
876 2967 1041 3008 meus
1089 2956 1197 3024 est,
1219 2952 1466 3026 sperabo
1516 2951 1575 3006 in
1626 2967 1783 3022 eum,
1809 2973 1837 2999 η

207 3041 336 3113 quia
377 3056 684 3115 nunquam
713 3042 784 3097 dc
832 3057 924 3097 me
972 3041 1030 3096 in
1082 3041 1276 3114 aliquo
1335 3040 1836 3113 prazsumam,sed

208 3146 425 3203 semper
451 3130 524 3186 ad
557 3146 692 3187 eum
722 3129 783 3186 in
814 3130 972 3186 omni
1004 3130 1349 3187 necessitate
1377 3146 1693 3185 recurram.

1935 1973 2249 2043 tationem;
2273 1990 2375 2045 per
2394 1973 2502 2029 hoc
2526 1974 2679 2046 quod
2703 1973 2862 2038 dicit,
2887 1990 2920 2029 a
2939 1996 2967 2023 «
2985 1973 3319 2031 daemonio»
3341 1974 3584 2046 illatam,

1937 2061 2226 2119 habemus
2255 2061 2671 2135 gravissimum
2713 2066 2769 2117 et
2797 2061 3227 2137 infatigabilem
3258 2054 3589 2136 persecuto-

1940 2152 2285 2223 rem;-quod
2328 2151 2489 2219 dicit,
2517 2174 2545 2201 «ε
2588 2151 2935 2223 meridiano,
2962 2175 2982 2200 ι»
3018 2151 3306 2209 habemus
3340 2153 3590 2210 manife-

1940 2244 2121 2296 stum.
2139 2240 2526 2314 Hieronymus
2549 2241 2607 2296 in
2630 2239 2929 2314 Originem
2951 2241 3304 2297 daamonium
3328 2241 3593 2298 meridia-

1941 2347 2083 2385 num
2118 2329 2372 2401 appellat
2420 2328 2708 2386 haereseos
2738 2328 3195 2402 protervitatcm.
3239 2329 3342 2386 llic
3374 2331 3594 2388 notavit

1943 2423 2194 2492 quatuor
2239 2434 2453 2491 genera
2507 2419 2895 2475 tentationum
2931 2434 2944 2473 :
2980 2418 3128 2475 duas
3186 2417 3360 2488 leves,
3413 2437 3591 2476 unam

1942 2507 2254 2579 occultam,
2286 2525 2390 2581 per
2438 2508 2709 2563 timorem
2758 2511 3145 2577 nocturnum;
3179 2506 3353 2564 aliam
3403 2509 3591 2565 mani-

1944 2596 2173 2666 festam,
2208 2614 2311 2669 per
2341 2597 2613 2671 sagittam
2645 2590 2935 2654 volantem
2967 2597 3028 2653 in
3060 2598 3171 2654 die.
3195 2598 3411 2654 Iterum
3444 2599 3592 2655 duas

1943 2700 2146 2758 graves
2179 2704 2192 2742 :
2227 2704 2405 2743 unam
2455 2685 2766 2751 occultam,
2800 2701 2902 2758 per
2930 2685 3229 2759 negotium
3277 2686 3591 2743 ambulans

1942 2773 2003 2830 in
2036 2775 2312 2842 tenebris,
2335 2776 2511 2831 aliam
2560 2774 2953 2845 manifestam,
2986 2789 3088 2846 per
3133 2773 3436 2831 incursum
3469 2775 3589 2830 dae—

1944 2863 2124 2919 monii
2158 2864 2486 2919 meridiani.

2021 2975 2049 3003 ‹‹
2070 2953 2291 3009 Cadent
2320 2970 2353 3007 a
2379 2952 2580 3008 latere.
2606 2975 2633 3003 »
2660 2953 2797 3008 Pars
2828 2951 3103 3007 secunda.
3131 2950 3290 3019 Dico,
3314 2955 3399 3019 tu,
3422 2950 3590 3007 Chri-

1947 3046 2202 3109 ste,cum
2226 3041 2343 3097 tuis
2361 3059 2475 3097 non
2495 3041 2730 3097 timebis
2749 3041 2822 3095 ab
2840 3038 3036 3112 aliquo
3057 3039 3263 3095 timore
3284 3043 3588 3109 nocturno,

1946 3129 2033 3187 vel
2055 3131 2128 3186 ab
2152 3129 2346 3202 aliquo
2369 3147 2577 3204 genere
2599 3129 3009 3196 tent‘ationum,
3024 3128 3125 3184 sed
3147 3128 3344 3201 potius
3359 3127 3598 3184 damna-

268 3197 462 3275 Merito
506 3219 777 3292 sperabo,
803 3244 829 3269 «
862 3220 1141 3292 quoniam
1183 3219 1308 3293 ipse
1345 3218 1616 3275 liberabit
1647 3235 1737 3274 me
1768 3218 1838 3273 de
1869 3197 1912 3266 (ἶ
1949 3220 2040 3277 bis
2071 3197 2266 3276 malos
2288 3197 2418 3276 illas
2439 3220 2538 3292 qui
2569 3218 2830 3275 inferunt
2860 3197 3211 3274 tentationes
3240 3216 3344 3274 tibi
3367 3222 3425 3274 et
3447 3218 3595 3286 tuis;

205 3306 396 3380 laqueo
422 3332 449 3357 »
477 3307 537 3363 id
571 3312 681 3376 est,
715 3310 785 3364 de
814 3307 1139 3365 malefactis
1163 3330 1191 3358 «
1220 3309 1579 3374 venantium,
1607 3330 1635 3357 ››
1657 3307 1713 3361 id
1747 3310 1839 3362 est

208 3397 520 3453 damonum
541 3400 601 3454 et
620 3396 909 3453 malorum
939 3397 1268 3465 hominum,
1293 3397 1391 3470 qui
1416 3400 1705 3453 venantur
1733 3396 1837 3451 ho-

208 3484 380 3542 mines
407 3487 563 3543 sicut
591 3489 896 3542 venatores
927 3487 1131 3554 feram,
1155 3504 1189 3542 a
1220 3503 1468 3559 quorum
1505 3485 1671 3541 factis
1702 3485 1841 3540 libe-

211 3578 383 3630 ratum
415 3592 475 3632 se
504 3574 650 3631 dicit
685 3575 890 3647 justus
927 3574 1058 3646 iste,
1083 3575 1222 3648 quia
1264 3573 1441 3631 nullis
1475 3574 1639 3630 factis
1669 3574 1838 3629 illum

210 3667 439 3734 possunt
474 3663 588 3719 sibi
629 3662 1014 3734 conformare,
1042 3686 1068 3713 ‹‹
1092 3667 1149 3719 et
1174 3686 1199 3712 ››
1223 3664 1397 3719 etiam
1449 3663 1716 3721 liberavit
1746 3680 1839 3719 me

212 3774 235 3800 σε
255 3753 464 3809 averbo
487 3769 719 3826 aspero.
744 3774 771 3802 »
791 3752 1046 3808 Verbum
1069 3770 1343 3827 asperum
1366 3757 1595 3825 reputat
1613 3754 1836 3823 justus,

210 3840 288 3894 vel
306 3843 528 3914 quando
550 3840 924 3898 contumeliis
955 3842 1319 3910 afﬁcitur,vel
1343 3843 1576 3915 quando
1609 3842 1839 3898 blandis

212 3930 381 3987 verbis
409 3932 586 3988 etiam
621 3932 693 3987 ad
727 3930 1135 4004 decipiendum
1170 3934 1445 3987 tentatur.

278 4042 302 4067 α
333 4020 614 4093 Scapulis.
640 4042 668 4070 »
702 4019 948 4076 Ostenso
981 4018 1173 4092 qualis
1205 4020 1282 4076 sit
1324 4019 1422 4076 ille
1451 4021 1549 4093 qui
1594 4020 1842 4077 liberan-

218 4106 315 4163 dus
340 4113 441 4178 est,
465 4109 723 4166 ostendit
742 4108 934 4182 qualis
960 4109 1037 4164 sit
1065 4108 1749 4166 liberatio.Continuatio.
1771 4111 1842 4165 Et

218 4198 472 4255 convertit
503 4214 565 4255 se
597 4198 884 4270 Propheta
924 4198 996 4254 ad
1028 4213 1162 4254 eum
1194 4199 1296 4270 qui
1334 4198 1673 4255 liberandus
1704 4203 1793 4254 est
1825 4216 1836 4255 :

221 4283 295 4339 'l‘u
316 4285 504 4356 dicis,«
521 4287 781 4360 Sperabo
803 4287 862 4342 in
884 4303 1076 4359 eum,»
1096 4292 1152 4342 et
1172 4288 1297 4360 ipse
1318 4288 1472 4344 Deus
1485 4312 1510 4337 ‹‹
1533 4288 1842 4344 obumbra-

221 4372 295 4428 bit
321 4374 437 4445 tibi,
465 4399 491 4426 ››
513 4375 741 4432 scilicet
796 4376 880 4433 sic
936 4379 992 4432 te
1049 4381 1329 4450 proteget,
1364 4382 1430 4433 ut
1459 4381 1665 4433 testam
1724 4394 1840 4434 non

223 4462 432 4535 sentias,
460 4487 487 4515 ‹‹
510 4462 772 4537 scapulis
794 4465 940 4534 suis,
970 4488 995 4514 ››
1018 4465 1076 4520 id
1107 4469 1215 4534 est,
1240 4466 1499 4538 potentia
1524 4471 1581 4523 et
1612 4466 1841 4522 fortitu-

224 4549 337 4607 dine
354 4570 619 4626 sua,quze
643 4570 746 4626 per
774 4553 1044 4626 scapulas
1076 4554 1438 4628 intelligitur,
1454 4555 1592 4628 quia
1612 4556 1733 4612 haec
1754 4560 1843 4612 est
1874 4567 1924 4633 D
2026 4557 2185 4626 Dico,
2212 4577 2239 4606 α
2290 4572 2405 4610 non
2456 4546 2969 4624 appropinquabit,
2995 4568 3022 4595 »
3061 4568 3088 4594 «

225 4637 402 4697 fortior
423 4660 561 4714 pars
583 4643 641 4698 in
668 4641 779 4699 alis
798 4642 992 4698 avium
1017 4660 1028 4699 :
1058 4666 1084 4693 α
1106 4648 1164 4698 et
1193 4642 1302 4699 sub
1332 4644 1539 4717 pennis
1571 4646 1700 4718 ejus
1721 4668 1748 4695 »
1782 4646 1841 4702 id

224 4732 312 4797 est,
346 4732 449 4787 sub
494 4731 899 4788 misericordia
927 4732 1078 4803 ejus,
1104 4731 1191 4787 vel
1223 4732 1525 4805 praeceptis
1557 4734 1686 4806 ejus
1715 4734 1840 4802 Dei,

226 4816 409 4886 quibus
438 4820 709 4875 homines
738 4821 809 4875 ad
841 4818 1049 4876 ccelum
1079 4820 1295 4889 volant,
1323 4844 1348 4872 ‹‹
1382 4822 1666 4894 sperabis.
1700 4844 1721 4873 ι

284 4909 341 4961 Et
369 4909 415 4964 si
461 4908 791 4982 periculum
836 4908 1157 4978 immineat,
1183 4932 1209 4958 ‹‹
1242 4914 1406 4965 scuto
1454 4911 1844 4967 circumdabit

226 4995 269 5049 te
287 5019 310 5043 »
334 5014 397 5053 ne
425 4997 659 5071 possint
688 5003 744 5054 te
773 4996 995 5052 inimici
1025 4997 1252 5064 laedere,
1280 5021 1307 5048 «
1331 4999 1542 5056 veritas
1573 5001 1701 5073 ejus
1723 5022 1751 5052 ››
1783 5001 1841 5057 id

226 5087 316 5154 est,
336 5086 473 5159 ipse,
500 5092 567 5142 ut
595 5104 700 5159 per
728 5086 839 5142 hoc
867 5104 1037 5142 verax
1067 5091 1364 5159 appareat.
1389 5089 1511 5145 Nisi
1532 5091 1689 5145 enim
1718 5109 1841 5162 pro-

226 5174 414 5244 tegeret
443 5193 605 5244 suos,
639 5175 866 5231 falleret
908 5175 964 5229 in
1010 5176 1339 5247 promissis,
1372 5182 1430 5231 et
1459 5196 1590 5233 ecce
1619 5181 1783 5250 ponit
1813 5198 1847 5235 a

225 5265 431 5332 quantis
474 5264 899 5320 tentationibus
955 5264 1164 5321 liberet
1218 5265 1371 5320 Deus
1433 5266 1847 5327 hominem.Et

223 5352 339 5421 quia
372 5354 767 5409 circumdabit
812 5358 889 5421 te,
924 5353 1051 5409 ideo
1086 5376 1113 5404 ‹‹
1145 5371 1262 5408 non
1308 5354 1543 5412 timebis
1574 5374 1607 5411 a
1639 5358 1846 5413 timore

220 5446 501 5510 nocturno,
528 5464 556 5493 ››
579 5460 613 5497 ο
644 5442 891 5511 Christe,
921 5459 1055 5497 cum
1086 5442 1360 5500 omnibus
1392 5445 1673 5500 membris
1705 5447 1845 5519 tuis,

216 5528 415 5587 scilicet
443 5549 477 5587 a
504 5531 615 5587 levi
650 5536 707 5587 et
737 5531 963 5588 occulta
997 5532 1332 5587 tentatione.

269 5619 337 5675 Et
364 5621 543 5678 etiam
577 5638 691 5677 non
725 5620 960 5678 timebis
983 5644 1009 5671 ‹‹
1045 5639 1078 5677 a
1108 5620 1318 5694 sagitta
1338 5621 1563 5679 volante
1595 5623 1651 5679 in
1687 5626 1841 5695 die,»

1945 3309 2100 3364 unde
2116 3307 2259 3363 dicit
2277 3308 2350 3364 :0
2366 3307 2649 3375 Christe,«
2666 3305 2881 3374 mille,»
2902 3305 2961 3361 id
2979 3308 3086 3374 est,
3102 3304 3318 3361 infiniti
3335 3305 3433 3377 qui
3458 3322 3598 3377 prte-

1947 3401 2193 3453 sumunt
2223 3414 2285 3453 se
2317 3398 2545 3452 futuros
2575 3395 2635 3451 in
2660 3395 2841 3451 latere
2863 3399 2983 3462 tuo,
3009 3398 3067 3449 et
3086 3398 3277 3450 tecum
3298 3394 3597 3464 judicatu-

1948 3504 2072 3554 ros;
2101 3508 2128 3536 ‹‹
2151 3488 2361 3542 cadent
2390 3504 2424 3542 a
2452 3486 2632 3541 latere
2664 3489 2785 3554 tuo,
2810 3506 2838 3534 ››
2864 3483 2922 3538 id
2953 3487 3061 3550 est,
3088 3500 3204 3538 non
3237 3484 3594 3554 reputabun-

1948 3580 2045 3631 tur
2072 3592 2206 3630 cum
2237 3574 2353 3630 illis
2377 3573 2474 3646 qui
2506 3573 2819 3629 consiliarii
2843 3577 2900 3627 et
2920 3572 3154 3643 judices
3177 3575 3369 3627 tecum
3391 3574 3591 3640 erunt;

1949 3686 1978 3714 «
2010 3667 2066 3719 et
2096 3666 2295 3719 decem
2342 3663 2527 3719 millia
2548 3686 2577 3711 ››
2608 3663 2667 3717 id
2698 3666 2807 3729 est,
2830 3660 3047 3715 infiniti
3079 3659 3179 3731 qui
3228 3663 3595 3730 praesumunt

1948 3771 2010 3810 se
2039 3753 2341 3826 ponendos
2370 3752 2431 3807 in
2454 3750 2725 3817 dexteris,
2745 3749 2802 3803 id
2831 3752 2936 3815 est,
2962 3748 3115 3802 inter
3144 3747 3473 3814 salvandos,
3497 3763 3593 3801 ca-

1949 3844 2088 3898 dent
2121 3865 2148 3893 ‹‹
2179 3858 2213 3897 a
2245 3841 2496 3917 degeris
2539 3839 2677 3907 tuis,
2706 3862 2732 3887 »
2757 3835 2894 3910 quia
2923 3853 2957 3892 a
2985 3835 3242 3892 sinistris
3279 3838 3587 3907 ponentur.

1948 3931 2106 3988 Mille
2163 3929 2306 3985 dicit
2336 3945 2370 3984 a
2414 3928 2594 3985 latere
2648 3927 2874 3994 cadere,
2908 3928 2966 3980 et
3020 3921 3217 3997 plures
3247 3940 3281 3979 a
3318 3923 3592 3991 dexteris,

1948 4019 2089 4094 quia
2118 4018 2318 4091 plures
2349 4021 2488 4073 sunt
2535 4015 2619 4072 illi
2649 4016 2749 4088 qui
2780 4014 3149 4086 przesumunt
3184 4029 3248 4068 se
3285 4010 3595 4068 salvandos

1948 4125 2126 4183 quam
2158 4108 2257 4180 qui
2290 4109 2654 4180 praesumunt
2678 4119 2739 4159 se
2770 4119 2904 4159 cum
2935 4100 3165 4157 Christo
3185 4100 3593 4173 judicaturos:

1949 4198 2031 4255 illi
2065 4197 2295 4265 cadent,
2323 4218 2350 4246 ‹‹
2382 4195 2452 4249 ad
2500 4199 2556 4249 te
2604 4196 2800 4248 autem
2852 4188 3051 4245 nullus
3083 4210 3111 4240 »
3146 4187 3357 4244 talium
3401 4187 3596 4261 aliquo

1950 4290 2123 4346 modo
2149 4310 2175 4339 «
2204 4282 2715 4358 appropinquabit,
2742 4303 2763 4330 υ
2790 4281 2891 4335 sed
2923 4279 3119 4351 potius
3148 4277 3597 4350 praecipitaban-

1948 4384 2046 4435 tur
2075 4377 2134 4432 in
2164 4376 2482 4442 infernum,
2507 4389 2640 4428 cum
2691 4370 2850 4426 dices
2897 4369 2982 4424 eis
3014 4386 3027 4423 :
3052 4389 3080 4418 «
3102 4368 3389 4423 Discedite
3415 4384 3451 4422 a
3480 4383 3595 4433 me,

1950 4466 2268 4534 maledicti,
2300 4465 2359 4520 in
2393 4464 2586 4537 ignem
2618 4464 2920 4516 mternum.
2950 4480 2977 4508 ››

3130 4544 3533 4599 verumtamen
3570 4564 3597 4591 »

1952 4648 2150 4722 potius
2180 4643 2513 4718 oppositum
2547 4641 2645 4695 fiet
2677 4657 2689 4693 :
2724 4636 2864 4710 quia
2892 4640 2978 4703 tu,
3011 4633 3256 4700 Christe,
3282 4654 3309 4682 «
3341 4631 3601 4722 conside-

1952 4720 2129 4804 rabis,
2163 4758 2186 4783 ι)
2218 4733 2435 4800 omnia,
2469 4729 2691 4786 scilicet
2719 4731 2956 4799 peccata
2993 4722 3320 4790 hominum,
3357 4742 3385 4772 ‹‹
3415 4720 3600 4776 oculis

1951 4827 2092 4893 tuis,
2122 4847 2149 4874 ››
2175 4839 2322 4896 quos
2356 4836 2460 4875 nec
2491 4815 2954 4890 profundissima
2982 4810 3257 4885 cogitatio
3290 4810 3467 4866 latere
3495 4826 3601 4880 po-

1952 4919 2065 4971 test
2098 4931 2111 4967 :
2140 4936 2167 4962 «
2198 4916 2256 4967 et
2280 4934 2307 4961 »
2332 4913 2471 4964 tunc
2507 4931 2527 4957 οι
2557 4904 2805 4974 videbis,
2827 4926 2854 4954 »
2889 4903 2948 4958 id
2979 4906 3088 4970 est,
3122 4900 3305 4956 videri
3338 4898 3512 4953 facies
3543 4899 3601 4951 et

1952 5008 2151 5059 notam
2193 4999 2471 5055 omnibus
2501 5019 2527 5045 «
2562 4993 3078 5062 retributionem,»
3112 4989 3171 5044 id
3221 4992 3329 5057 est,
3369 4987 3599 5057 justam

1951 5090 2388 5149 damnationem
2421 5112 2447 5137 ‹‹
2484 5088 2876 5158 peccatorum.
2904 5104 2931 5129 ››

2027 5206 2053 5231 ‹‹
2087 5179 2451 5247 Quoniam.»
2484 5176 2635 5231 Bene
2682 5173 2833 5239 dico,
2885 5170 3214 5242 peccatores
3273 5161 3597 5230 damnabit,

1955 5270 2233 5345 quoniam
2264 5284 2358 5323 me
2387 5270 2443 5321 et
2474 5264 2620 5320 alios
2642 5262 2863 5334 justus,
2884 5262 2940 5314 et
2970 5256 3078 5311 hoc
3109 5253 3297 5309 dicitu
3322 5251 3600 5324 quoniam

1954 5341 2014 5417 tu
2048 5378 2130 5427 es,
2160 5357 2401 5414 Domine
2436 5378 2461 5402 ››
2484 5352 2710 5408 Christe
2736 5374 2756 5399 α
2793 5364 2926 5420 spes
2971 5360 3121 5411 mea,
3152 5366 3171 5392 υ
3200 5342 3259 5398 in
3293 5359 3408 5415 quo
3456 5341 3603 5396 bene

1956 5450 2137 5508 debeo
2173 5461 2428 5519 sperare,
2452 5441 2592 5513 quia
2632 5444 2693 5494 tu
2719 5461 2744 5488 ‹‹
2779 5433 3025 5509 posuisti
3063 5430 3454 5498 Altissimum,
3478 5449 3508 5481 »
3540 5427 3601 5485 id

1955 5545 2064 5607 est,
2101 5539 2305 5599 Deum,
2335 5556 2355 5581 α
2394 5529 2685 5603 refugium
2719 5532 2908 5594 tuum,
2938 5547 2964 5575 »
3001 5520 3223 5579 scilicet
3254 5519 3478 5576 nullam
3510 5533 3606 5575 se-

1955 5628 2263 5685 curitatem
2320 5618 2567 5695 posuisti
2600 5616 2705 5672 tibi
2754 5615 2815 5673 in
2862 5612 3119 5680 homine,
3146 5609 3234 5667 vel
3292 5609 3351 5665 in
3409 5607 3606 5684 aliqua
