4080 6180
368 306 481 380 511

805 302 1216 366 HAYMONIS
1247 294 1786 362 HALBEBSTAT.
1820 287 2067 356 EPISC.
2101 289 2274 354 OPP.
2311 295 2512 360 PARS
2543 299 2590 360 Ι.
2733 299 3136 363 COMMENT.
3171 301 3368 363 BIBL.

3656 300 3772 380 δη

371 439 672 504 mundana
701 455 782 506 re,
805 436 906 494 sed
935 435 992 492 in
1027 435 1150 491 solo
1181 434 1319 499 Deo,
1352 432 1406 487 in
1433 448 1548 505 quo
1579 427 1701 486 solo
1731 423 2015 483 securitas
2041 421 2100 500 Α,
2200 427 2286 484 Ita
2315 429 2537 487 scilicet
2580 431 2918 506 glorificabo
2947 451 3112 503 eum,
3136 433 3278 508 quia
3295 456 3324 484 ‹‹
3355 431 3594 507 replebo
3639 449 3778 497 eum

371 530 564 604 potest
590 525 856 593 inveniri,
891 523 1031 597 quia
1057 523 1183 595 ipse
1211 521 1552 590 Altissimus
1581 523 1692 575 est.

441 617 512 673 Et
540 614 680 690 quia
707 614 766 670 in
796 615 912 670 Deo
945 611 1194 686 posuisti
1229 611 1330 667 tibi
1364 609 1676 682 refugium,
1702 608 1830 663 ideo
1857 626 1883 654 ‹‹
1906 620 2020 659 non

372 704 607 760 accedet
638 702 708 758 ad
743 705 801 757 te
831 700 1114 767 malum,»
1139 699 1399 772 aliquod,
1425 697 1648 755 scilicet
1678 700 1980 770 peccatum
2007 701 2020 740 ε

369 790 654 848 immunis
694 791 852 846 enim
884 790 1154 846 Christus
1200 787 1421 846 exstitit
1467 789 1538 844 ab
1571 787 1730 844 omni
1765 789 2019 860 peccato,

369 904 398 931 «
423 885 480 936 et
508 880 865 954 flagellum,»
891 879 949 935 id
971 883 1078 947 est,
1104 879 1382 935 correctio
1401 877 1486 934 vel
1516 877 1741 950 punitio
1763 893 1866 948 pro
1898 893 2022 947 pec-

369 973 519 1040 cato,
546 991 574 1020 «
597 986 712 1025 non
736 966 1230 1040 appropinquabit
1247 965 1623 1022 tabernaculo
1647 969 1794 1020 tuo»
1819 964 1878 1019 in
1903 981 2020 1036 quo

368 1060 438 1116 ad
472 1062 708 1130 tempus
730 1055 996 1112 militasti
1029 1056 1166 1111 Deo.
1190 1055 1336 1110 Cum
1359 1054 1498 1109 dicit
1519 1053 1818 1109 Christum
1839 1053 2021 1109 salva-

367 1151 515 1214 tum,
541 1145 680 1218 quia
709 1146 894 1200 Deum
926 1144 1060 1200 fecit
1089 1143 1199 1198 sibi
1242 1143 1556 1216 refugium,
1590 1143 1786 1198 innuit
1827 1141 2018 1198 salva—
2082 1151 2099 1161 ‘

367 1236 584 1292 tionem
617 1233 865 1290 aliorum
890 1233 1213 1305 justorum,
1244 1231 1380 1305 quia
1417 1231 1528 1305 ipsi
1561 1249 1725 1305 spem
1757 1249 1923 1288 suam
1957 1231 2015 1287 in

367 1325 482 1381 Deo
514 1323 902 1379 constituunt.

441 1413 574 1468 Ideo
610 1435 638 1462 «
669 1429 784 1468 non
817 1411 1054 1468 accedet
1104 1413 1174 1467 ad
1226 1415 1281 1466 te
1331 1411 1573 1479 malum,
1598 1411 1874 1483 quoniam
1909 1429 2016 1466 an-

367 1498 512 1574 gelis
543 1499 667 1555 suis
698 1493 996 1554 mandavit
1025 1499 1096 1554 de
1129 1503 1204 1564 te,
1229 1519 1256 1549 »
1285 1499 1342 1552 id
1375 1503 1482 1566 est,
1508 1501 1850 1554 mandatum
1885 1497 2020 1554 fecit

365 1589 437 1644 de
467 1592 543 1657 te,
567 1587 814 1656 Christe,
833 1609 860 1637 ‹‹
884 1590 950 1642 ut
970 1609 998 1636 ››
1027 1609 1052 1636 ‹‹
1076 1586 1187 1659 ipsi
1210 1588 1544 1643 custodiant
1571 1587 1710 1643 tein
1741 1587 2017 1644 omnibus

363 1675 474 1734 viis
503 1675 642 1742 tuis,
665 1699 693 1726 ››
716 1675 774 1732 id
804 1678 912 1742 est,
947 1676 1003 1730 in
1037 1675 1312 1732 omnibus
1359 1675 1636 1748 operibus
1683 1675 1820 1748 tuis,
1846 1677 2018 1748 juxta

365 1765 523 1840 quod
555 1763 770 1860 dicitur
801 1781 852 1820 :«
883 1766 954 1822 Et
983 1767 1356 1822 accesserunt
1386 1764 1576 1838 angeli
1617 1769 1674 1822 et
1717 1764 2014 1822 ministra-
2043 1793 2093 1860 Β

363 1855 508 1912 bant
536 1853 610 1910 ei.
643 1876 670 1904 η

439 1966 468 1996 α
500 1944 560 2001 In
597 1942 892 2000 manibus.
919 1966 947 1993 »
969 1942 1108 2000 Dico
1141 1967 1169 1995 «
1203 1943 1428 2016 angelis
1477 1943 1603 2000 suis
1652 1943 1952 2000 mandavit
1983 1965 2012 1994 η

363 2037 424 2091 et
448 2032 561 2106 ipsi
583 2031 774 2106 angeli
799 2053 828 2084 ‹‹
851 2033 1168 2104 portabunt
1188 2035 1265 2099 te,
1292 2055 1320 2082 ››
1341 2032 1400 2088 id
1420 2035 1529 2099 est,
1555 2033 1917 2106 adjuvabunt
1937 2035 2013 2101 te,

365 2146 394 2175 κ
417 2123 480 2178 in
509 2121 844 2190 manibus,»
864 2120 921 2176 id
947 2125 1057 2190 est,
1081 2121 1142 2178 in
1163 2121 1440 2194 operibus
1459 2121 1605 2190 suis,
1631 2121 2016 2178 ministrando

363 2215 422 2270 et
451 2209 868 2268 subscrviendo
913 2210 1020 2267 tibi
1055 2227 1068 2266 :
1101 2209 1230 2268 ideo
1278 2212 1599 2284 portabunt
1625 2233 1654 2262 ‹‹
1687 2225 1760 2266 ne
1806 2195 1954 2267 forte
1983 2232 2012 2262 η

363 2304 429 2370 tu
463 2321 492 2352 κ
533 2299 794 2356 offendas
843 2299 1052 2372 pedem
1111 2303 1304 2368 tuum,
1331 2322 1360 2350 ››
1381 2299 1438 2356 id
1489 2303 1598 2366 est,
1650 2298 2014 2356 ali'ectionem

366 2392 554 2456 tuam,
580 2410 610 2440 ‹‹
641 2387 713 2445 ad
747 2387 1024 2460 lapidem,
1044 2409 1072 2439 »δ
1097 2387 1154 2443 id
1189 2391 1298 2455 est,
1321 2387 1396 2444 ad
1425 2387 1634 2460 legem,
1660 2405 1788 2460 qum
1810 2404 1913 2460 per
1929 2385 2015 2443 la-

365 2477 562 2552 pidem
593 2476 980 2551 significatur,
1005 2474 1145 2549 quia
1165 2475 1384 2549 scripta
1406 2476 1514 2532 fuit
1542 2475 1602 2532 in
1631 2475 1848 2533 tabulis
1876 2475 2018 2548 lapi-

365 2565 490 2624 deis
515 2584 529 2622 :
554 2563 897 2622 oti‘endisset
919 2564 1190 2622 Christus
1220 2565 1280 2620 in
1313 2564 1438 2639 lege
1467 2563 1518 2621 si
1547 2582 1676 2623 eam
1709 2565 2018 2622 carnaliter

366 2653 729 2728 implendam
788 2652 1190 2711 intellexisset.
1227 2654 1364 2724 Vel,
1417 2653 1552 2729 angi
1600 2655 1920 2728 portabunt
1960 2657 2016 2710 te

368 2744 430 2800 in
461 2743 756 2811 manibus,
780 2743 1281 2816 quemadmodum
1312 2744 1372 2800 in
1404 2743 1765 2802 ascensione.

371 2889 376 2896 ,
439 2832 645 2908 Angeli
677 2831 1055 2890 subserviunt
1094 2833 1221 2902 tibi,
1243 2837 1300 2890 et
1327 2838 1390 2890 tu
1425 2855 1448 2886 ι
1481 2833 1812 2893 ambulabis
1842 2851 2020 2907 super

371 2922 633 2997 aspidem
681 2925 740 2980 et
782 2921 1147 2991 basiliscum,
1181 2927 1239 2981 et
1269 2924 1640 2980 conculcabis
1685 2923 1910 2980 leonem
1961 2927 2020 2980 et

368 3012 702 3069 draconem.
729 3034 758 3061 »
780 3012 886 3068 Per
911 3013 1034 3068 haac
1065 3016 1315 3086 quatuor
1344 3012 1612 3070 diabolus
1645 3011 2014 3085 intelligitur,

369 3101 474 3158 sed
505 3099 750 3156 diversis
780 3101 852 3155 de
880 3101 1096 3156 causis.
1126 3102 1232 3157 Per
1259 3102 1524 3172 aspidem
1556 3117 1810 3173 namque
1841 3101 2019 3174 signi-

367 3189 580 3245 ﬁcatur
607 3186 898 3258 diabolus,
925 3188 1064 3260 quia
1093 3188 1247 3244 sicut
1275 3189 1434 3260 aspis
1463 3189 1688 3245 occulte
1717 3189 1900 3244 mittit
1928 3206 2013 3244 ve-

368 3292 611 3346 nenum,
628 3273 711 3329 ita
730 3273 1001 3330 diabolus
1021 3274 1280 3331 occultas
1301 3275 1482 3332 mittit
1501 3277 1874 3345 tentationes,
1895 3276 2019 3350 qui-

365 3365 478 3420 bus
509 3361 822 3418 interﬁciat
849 3361 1080 3419 animas
1111 3363 1407 3432 ﬁdelium;
1440 3381 1618 3438 super
1645 3382 1820 3437 quem
1853 3365 2016 3422 Chri-

365 3455 496 3510 stus
516 3450 858 3519 ambulavit,
875 3451 1016 3524 quia
1034 3450 1196 3508 nulla
1219 3451 1445 3508 occulta
1463 3453 1782 3509 tentatione
1801 3453 2018 3510 diaboli

365 3539 559 3615 potuit
586 3537 887 3612 impediri;
921 3556 1025 3611 per
1043 3538 1408 3608 hasiliscum,
1432 3540 1532 3613 qui
1555 3540 1860 3599 manifeste
1881 3543 2016 3598 mit-

363 3629 438 3686 tit
453 3645 764 3697 venenum,
781 3628 1130 3703 intelligitur
1147 3629 1437 3698 diabolus,
1451 3629 1550 3703 qui
1572 3631 1878 3688 manifeste
1901 3636 2016 3688 ten-

364 3721 452 3776 tat
482 3716 716 3788 fideles;
745 3735 922 3792 super
941 3735 1117 3790 quem
1149 3717 1470 3774 ambulavit
1490 3717 2014 3793 Christus,quando

362 3807 436 3864 ab
467 3807 595 3880 ipso
623 3806 853 3864 diabolo
895 3805 1204 3862 manifeste
1241 3809 1502 3863 tentatus
1532 3805 1592 3862 in
1624 3811 1832 3875 morte,
1855 3805 2015 3863 nullo

361 3897 537 3952 modo
559 3896 632 3952 ab
660 3895 808 3968 ipsis
827 3893 1256 3952 tentationibus
1285 3899 1376 3950 est
1399 3896 1740 3968 superatis;
1773 3913 1876 3968 per
1905 3894 2016 3952 leo-

361 4001 497 4040 nem
529 3983 800 4040 diabolus
841 3982 1210 4056 intelligitur,
1235 3983 1559 4040 secundum
1601 3985 1758 4056 quod
1795 3983 2013 4040 violen-

361 4075 453 4128 ter
481 4071 622 4144 agit,
647 4069 828 4127 veluti
851 4072 1007 4143 quod
1041 4089 1224 4128 ausus
1255 4071 1368 4130 fuit
1388 4071 1445 4127 in
1469 4071 1767 4128 Christum
1790 4089 2012 4128 nanum

363 4159 615 4227 mittere,
648 4162 706 4214 et
732 4175 867 4216 eum
908 4159 1082 4214 morti
1111 4161 1278 4229 dare;
1320 4177 1424 4233 per
1459 4161 1770 4216 draconem
1803 4161 2013 4218 intelli-

363 4247 523 4321 gitur
550 4245 842 4314 diabolus,
875 4248 1200 4302 secundum
1243 4247 1353 4303 hoc
1384 4249 1540 4319 quod
1572 4249 1810 4304 devorat
1838 4255 1896 4306 et
1924 4251 2011 4306 in-

363 4339 634 4408 corporat
664 4334 775 4390 sibi
816 4351 1200 4408 quoscunque
1229 4339 1388 4408 potet
1416 4353 1430 4390 :
1464 4353 1642 4408 super
1683 4353 1858 4409 quem
1888 4357 2013 4394 am-

363 4424 588 4482 bulavit
616 4424 885 4482 Christus
913 4424 1055 4480 dum
1087 4429 1271 4480 morte
1301 4442 1408 4480 sua
1437 4425 1566 4495 ejus
1595 4426 1882 4483 destruxit
1911 4446 2011 4502 po-

365 4512 634 4572 tentiam.

2131 513 2498 590 longitudine
2545 521 2792 591 dierum,
2821 545 2846 572 »
2869 523 2926 579 id
2976 527 3084 590 est,
3124 523 3465 580 aeternitate.
3501 545 3530 573 «
3570 523 3784 579 Osten-

2130 604 2266 660 dam
2301 629 2328 655 »
2360 607 2590 666 Christo
2625 634 2652 661 «
2693 611 2776 666 illi
2811 634 2836 661 ››
2869 612 2929 667 in
2974 611 3254 668 membris
3303 611 3428 668 suis
3460 633 3486 661 ‹‹
3520 609 3786 668 salutem

2130 710 2349 762 meum,
2375 719 2402 746 »
2429 698 2488 753 id
2522 703 2628 769 est,
2655 699 3000 756 salvatorem
3033 699 3353 769 Christum,
3376 699 3474 773 qui
3505 699 3620 757 erit
3648 716 3790 756 vera

2127 783 2246 840 vita
2274 791 2331 842 et
2361 787 2594 843 refectio
2627 789 2914 845 omnium.

2640 931 2712 986 IN
2753 931 3100 988 PSALMUM
3139 932 3276 988 XCI.

2322 1021 2598 1076 'l‘rruws.
2631 1023 2884 1078 Psalmus
2912 1023 3114 1078 cantici
3145 1023 3206 1078 in
3232 1023 3322 1078 die
3347 1023 3579 1078 sabbati.

2200 1165 2226 1190 α
2260 1143 2485 1199 Bonum
2515 1149 2606 1200 est
2653 1146 2914 1202 conﬁteri
2965 1145 3234 1202 Domino.
3259 1171 3281 1200 ι
3310 1148 3622 1204 Tractatus
3673 1145 3790 1203 iste

2127 1231 2394 1304 psalmus
2424 1233 2658 1303 dicitur,
2683 1235 2824 1306 quia
2853 1238 3052 1290 monet
3084 1253 3190 1291 nos
3218 1235 3364 1292 bene
3391 1233 3643 1308 operari,
3679 1235 3792 1291 sci-

2127 1319 2262 1376 licet
2291 1323 2566 1377 confitere
2598 1326 2654 1379 et
2684 1322 2932 1396 psallere
2963 1323 3212 1390 Domino
3248 1341 3260 1380 :
3292 1346 3319 1378 α
3347 1323 3618 1382 Psalmus
3650 1323 3790 1381 dico

2126 1408 2358 1478 cantici,
2393 1433 2418 1458 ι)
2443 1410 2502 1465 id
2523 1414 2631 1479 est,
2657 1429 2881 1485 magna:
2915 1411 3323 1468 exsultationis
3352 1411 3563 1468 habita;
3595 1412 3658 1468 in
3694 1411 3793 1470 die

2126 1499 2375 1568 sabbati,
2391 1499 2448 1555 id
2467 1504 2574 1571 est,
2594 1501 2653 1556 in
2675 1501 3140 1557 consideratione
3161 1505 3387 1558 aeternae
3408 1501 3792 1576 quietis,quai

2125 1587 2493 1660 signiﬁcatur
2521 1607 2622 1663 per
2651 1591 2962 1646 sabbatum
2987 1607 3000 1646 :
3025 1589 3166 1664 quia
3193 1589 3253 1646 in
3287 1591 3530 1648 sabbato
3562 1591 3796 1666 quievit

2125 1676 2280 1733 Deus
2309 1677 2382 1733 ab
2415 1679 2572 1734 omni
2605 1694 2778 1751 opere
2821 1680 2980 1752 quod
3017 1679 3304 1753 patravit:
3328 1683 3386 1736 et
3413 1679 3516 1737 illa
3543 1679 3791 1738 Domini

2125 1765 2356 1838 requies
2397 1765 2506 1822 fuit
2554 1765 2790 1840 signum
2839 1766 3002 1824 illius
3033 1767 3247 1840 quietis
3293 1783 3474 1840 quam
3517 1765 3788 1828 habituri

2125 1857 2266 1910 sunt
2296 1853 2497 1911 fideles
2528 1859 2662 1928 post
2689 1854 2920 1912 labores
2951 1855 3133 1928 hujus
3153 1854 3302 1912 vitaz.
3327 1855 3604 1930 Praecepit
3632 1872 3788 1932 quo-

2124 1959 2239 2016 que
2269 1942 2554 1999 Dominus
2584 1943 2643 1999 in
2684 1943 2811 2018 lege
2857 1945 3104 2002 sabbato
3154 1943 3424 2002 homines
3454 1944 3790 2018 quiescam,

2123 2031 2184 2087 in
2218 2031 2455 2106 signum
2477 2032 2742 2106 ejusdem
2764 2031 2980 2105 quietis
3001 2036 3229 2090 aeterna
3251 2048 3264 2088 :
3290 2047 3470 2106 quam
3491 2032 3788 2107 requiem,

2124 2119 2264 2194 quia
2291 2123 2492 2178 nostra
2537 2125 2750 2178 natura
2776 2120 2838 2176 in
2869 2121 3083 2178 Christi
3133 2121 3564 2178 resurrectione
3609 2120 3790 2195 plene

2123 2209 2398 2278 obtinuit,
2432 2210 2601 2284 quasi
2641 2209 2771 2283 jam
2819 2225 2944 2266 rem
2992 2209 3384 2285 signiﬁcatam
3420 2210 3786 2284 obtinentes,

2124 2315 2241 2355 non
2271 2297 2553 2356 feriamur
2579 2297 2639 2355 in
2669 2297 2934 2356 sabbato.
2957 2297 3298 2356 Ostenditur
3325 2297 3544 2372 quippe
3575 2298 3636 2356 in
3669 2299 3790 2361 hoc

2123 2386 2353 2463 psalmo
2384 2387 2665 2461 quoniam
2689 2386 2862 2461 justi,
2894 2386 3032 2444 licet
3079 2388 3138 2444 in
3183 2387 3294 2444 hac
3323 2387 3443 2444 vita
3486 2387 3787 2459 laborent,

2124 2479 2322 2533 tamen
2375 2477 2730 2534 obtinebunt
2775 2476 3038 2550 requiem
3086 2474 3525 2550 sempiternam,
3559 2477 3633 2534 de
3665 2495 3791 2552 quo

2125 2565 2378 2624 maxime
2398 2569 2489 2622 est
2515 2564 2932 2623 exsultandum
2953 2564 3274 2638 unicuique
3294 2564 3580 2622 ﬁdelium.
3604 2565 3792 2624 Mate-

2125 2655 2214 2712 ria
2242 2659 2332 2712 est
2352 2654 2558 2728 justus
2587 2652 2864 2712 laborans
2893 2653 2954 2711 in
2985 2653 3096 2710 hac
3123 2653 3262 2724 vita,
3285 2653 3522 2711 tandem
3549 2671 3793 2712 assecu-

2124 2747 2295 2802 turus
2326 2743 2587 2817 requiem
2617 2747 2844 2800 aeterna:
2875 2742 3261 2800 beatitudinis
3287 2759 3302 2798 :
3336 2747 3394 2799 et
3420 2759 3524 2817 per
3550 2744 3792 2817 opposi-

2122 2835 2252 2889 tum
2284 2833 2562 2905 injustus,
2595 2831 2904 2905 quiescens
2947 2831 3008 2888 in
3040 2831 3149 2889 hac
3176 2831 3314 2898 vita,
3349 2831 3586 2888 tandem
3616 2831 3789 2889 labe-

2124 2921 2278 2978 rabit
2308 2921 2369 2977 in
2401 2919 2536 2977 alia.
2563 2921 2772 2977 Modus
2805 2937 2818 2976 :
2855 2920 2918 2976 In
2967 2921 3160 2996 prima
3188 2924 3375 2994 parte,
3406 2924 3606 2977 monet
3632 2921 3790 2978 bene

2125 3009 2373 3084 operari,
2397 3013 2455 3066 et
2476 3009 2534 3064 in
2564 3009 2673 3064 hac
2700 3008 2822 3065 vita
2851 3006 3134 3078 laborare,
3168 3013 3236 3066 ut
3264 3009 3501 3065 tandem
3533 3009 3792 3066 exsulte-

2125 3115 2260 3155 mus
2290 3098 2348 3154 in
2382 3102 2600 3154 aeterna
2629 3096 2991 3152 beatitudine
3024 3113 3036 3153 :
3071 3101 3129 3154 et
3167 3096 3296 3154 ideo
3334 3095 3552 3152 dicitur
3571 3121 3601 3148 «
3627 3096 3791 3152 Psal-

2126 3204 2260 3242 mus
2281 3185 2552 3257 cantici,»
2575 3185 2632 3242 id
2654 3189 2764 3253 est,
2785 3186 3048 3258 pendens
3070 3203 3140 3242 ex
3158 3185 3404 3242 cantico.
3429 3185 3492 3242 In
3519 3186 3791 3242 secunda

2126 3280 2308 3349 parte,
2333 3291 2460 3347 quae
2487 3273 2693 3348 incipit
2717 3291 2765 3330 :«
2788 3273 2891 3332 Vir
2912 3273 3024 3331 insi
3033 3275 3258 3347 piens,»
3274 3275 3604 3334 ostenditur
3623 3274 3790 3348 quod

2084 3419 2092 3428 ,
2124 3362 2354 3435 injusti,
2383 3363 2484 3436 qui
2526 3363 2584 3418 in
2631 3363 2741 3419 hac
2774 3361 2912 3434 vita,
2945 3363 3044 3420 ubi
3099 3362 3486 3436 laborandum
3531 3368 3644 3435 est,
3678 3364 3790 3418 110-

2127 3457 2255 3509 rent
2275 3455 2334 3508 et
2353 3435 2750 3525 requiescunt,
2767 3451 2825 3506 in
2851 3451 2965 3508 alia
2979 3453 3100 3508 vita
3119 3435 3380 3508 damnati
3401 3451 3790 3508 laborabunt.

2126 3543 2188 3598 1n
2221 3541 2394 3599 tertia
2415 3544 2600 3614 parte,
2615 3558 2741 3614 quae
2765 3540 2970 3614 incipit
2994 3557 3044 3596 :«
3067 3541 3274 3598 Justus
3307 3543 3372 3596 ut
3399 3539 3598 3614 palma
3619 3541 3794 3597 ﬂore-

2125 3630 2230 3699 bit,
2258 3652 2285 3680 »
2307 3630 2566 3686 ostendit
2595 3629 2857 3702 requiem
2885 3647 3061 3703 quam
3095 3628 3398 3686 habebunt
3426 3629 3617 3686 sancti
3647 3632 3796 3704 post

2124 3720 2278 3776 hanc
2304 3718 2506 3774 vitam.
2541 3717 2790 3775 Intentio
2821 3723 2912 3774 est
2954 3717 3244 3776 consolari
3296 3723 3499 3774 contra
3545 3717 3792 3774 labores

2124 3807 2304 3879 hujus
2333 3807 2485 3880 vitae,
2514 3824 2618 3880 per
2647 3823 2794 3880 quos
2825 3807 2896 3864 ad
2928 3807 3306 3864 aeternitatem
3339 3807 3635 3864 ducimur.

2193 3895 2316 3952 Vox
2338 3895 2638 3968 Propheta;
2660 3895 2830 3970 quasi
2861 3894 2944 3951 ita
2973 3895 3192 3970 diceret
3215 3912 3228 3954 :
3251 3895 3388 3963 Vos,
3400 3895 3576 3970 justi,
3601 3895 3794 3952 nolite

2123 3987 2433 4060 desperare
2461 3984 2520 4040 in
2552 3968 2856 4042 laboribus
2885 3983 3066 4056 hujus
3089 3968 3238 4058 vites,
3262 3985 3363 4041 sed
3385 3968 3584 4058 potius
3605 3984 3792 4042 conﬁ-

2121 4074 2348 4144 temini,
2374 4079 2431 4130 et
2450 4071 2702 4147 psallite,
2719 4071 2857 4148 quia
2877 4095 2906 4128 (ς
2929 4072 3150 4130 bonum
3174 4077 3263 4130 est
3285 4072 3546 4130 conﬁteri
3578 4073 3791 4130 Domi.

2122 4181 2218 4232 no,
2247 4185 2274 4213 ››
2300 4167 2548 4234 utroque
2577 4162 2751 4219 modo
2799 4160 3204 4232 confessionis,
3235 4160 3458 4222 scilicet
3505 4165 3566 4220 et
3614 4179 3677 4219 se
3712 4162 3791 4218 de

2122 4252 2378 4326 peccatis
2397 4251 2750 4323 accusando,
2773 4254 2828 4308 et
2849 4250 3034 4306 Deum
3055 4249 3382 4320 laudando;
3415 4254 3474 4308 et
3492 4257 3632 4323 post
3649 4268 3791 4308 con-

2123 4339 2460 4406 fessionem,
2485 4338 2706 4394 bonum
2728 4341 2820 4393 est
2835 4360 2863 4388 ‹‹
2896 4336 3168 4410 psallere,
3197 4361 3224 4388 »
3246 4337 3306 4394 id
3337 4342 3446 4408 est,
3470 4339 3625 4398 bene
3643 4357 3788 4413 ope-

2124 4427 2258 4496 rari,
2283 4445 2398 4484 non
2421 4427 2492 4482 ad
2515 4425 2760 4499 gloriam
2783 4425 3060 4492 hominis,
3081 4428 3183 4484 sed
3205 4450 3234 4476 ‹‹
3259 4427 3484 4483 nomini
3515 4431 3645 4497 tuo,
3671 4451 3700 4477 υ
3725 4425 3786 4482 id

2041 4526 2092 4604 ῃ
2122 4520 2232 4584 est,
2255 4517 2326 4572 ad
2358 4514 2765 4588 ampliandum
2796 4531 3010 4572 nomen
3027 4511 3229 4585 'tuum,
3251 4533 3285 4572 o
3312 4539 3345 4604 fr
3382 4515 3688 4574 Altissime
3712 4534 3729 4572 :
3757 4539 3786 4566 ι·

437 4625 465 4652 u
488 4603 798 4670 Quoniam.
824 4626 852 4652 »
877 4602 1015 4658 Pars
1046 4602 1235 4685 tertia.
1261 4602 1400 4658 Dico
1422 4603 1564 4675 quia
1586 4625 1612 4653 ‹‹
1635 4603 1861 4679 angelis
1888 4607 2016 4665 suis
2059 4602 2063 4604 ’
2123 4611 2182 4664 et
2209 4607 2338 4662 ideo
2369 4621 2583 4662 nomen
2609 4609 2780 4660 tuum
2813 4605 3022 4662 merito
3053 4608 3143 4662 est
3170 4603 3600 4678 ampliandum.

365 4689 666 4748 mandavit
691 4691 764 4746 de
791 4694 868 4759 te,
893 4713 920 4739 υ
943 4689 1026 4746 ita
1060 4689 1262 4746 dicens
1290 4690 1396 4746 eis.
1423 4713 1450 4743 «
1473 4693 1758 4758 Quoniam
1809 4695 1867 4751 in
1921 4713 2014 4754 me

367 4779 696 4852 speravit,»
727 4781 887 4835 totus
933 4778 1222 4848 Christus,
1256 4779 1507 4836 maxime
1555 4786 1751 4839 tamen
1800 4783 1894 4841 hic
1943 4787 2014 4842 de

367 4867 651 4924 membris
671 4867 799 4938 ejus
820 4867 1034 4938 agitur.
1055 4890 1084 4917 «
1108 4866 1390 4924 Liberabo
1409 4886 1604 4938 eum,»
1622 4871 1680 4928 id
1701 4878 1809 4943 est,
1835 4891 2014 4930 mem-

367 4957 476 5012 bra
504 4956 694 5028 ipsius
723 4955 934 5010 Christi
967 4955 1369 5028 percutiantur
1395 4957 1528 5016 telis
1557 4959 1803 5018 inimici.
1828 4985 1850 5013 α
1877 4964 2012 5020 Pro-

366 5049 562 5120 tegam
594 5062 752 5113 eum,
777 5045 1051 5116 quoniam
1083 5045 1354 5118 cognovit
1384 5064 1594 5105 nomen
1628 5067 1884 5122 meum,»
1907 5053 2016 5110 sci-

366 5134 504 5191 licet
533 5153 649 5190 non
680 5151 851 5190 suam
881 5133 1149 5208 quaesivit
1187 5133 1458 5207 gloriam,
1490 5138 1592 5192 sed
1625 5155 1838 5196 meam.

441 5247 468 5273 «
494 5221 780 5280 Clamavit
808 5223 881 5279 ad
935 5239 1047 5290 me,
1079 5227 1137 5278 et
1184 5240 1290 5295 ego
1337 5225 1646 5281 exaudiam
1694 5245 1849 5298 eum,
1883 5247 2018 5285 cum

369 5311 498 5385 ipso
529 5329 662 5368 sum
705 5311 766 5367 in
813 5311 1213 5380 tribulatione,
1241 5333 1269 5362 »
1297 5311 1356 5366 id
1409 5317 1516 5383 est,
1549 5317 1691 5370 tunc
1717 5339 1738 5368 α
1775 5317 2018 5392 eripiam

370 5417 505 5466 eum
536 5424 562 5450 «
598 5401 751 5473 quod
791 5400 1047 5473 amplius
1095 5399 1256 5456 nulla
1299 5400 1601 5458 tribulatio
1633 5405 2022 5465 circumdabit

371 5503 680 5561 eum,qua3
727 5489 949 5561 ereptio
1003 5492 1093 5544 est
1143 5489 1200 5544 in
1244 5489 1360 5544 ﬁne
1390 5491 1678 5563 cujusque
1725 5494 2017 5566 ﬁdelium;

381 5595 404 5626 ι
436 5581 494 5632 et
520 5577 856 5650 gloriﬁcabo
886 5595 1091 5641 cum,»
1127 5577 1184 5632 in
1217 5579 1500 5636 membris
1531 5580 1675 5647 suis,

2193 4695 2354 4766 Dico,
2377 4695 2597 4752 bonum
2618 4697 2709 4751 est
2727 4694 2991 4750 conﬁteri
3014 4698 3072 4750 et
3096 4693 3364 4768 psallere,
3387 4718 3416 4745 ‹‹
3445 4694 3520 4750 ad
3552 4711 3790 4752 annun-

2123 4786 2412 4852 tiandum,
2439 4805 2468 4833 »
2499 4781 2559 4838 id
2589 4787 2698 4850 est,
2733 4787 2799 4838 ut
2828 4783 3058 4856 possint
3104 4782 3376 4840 homines
3425 4784 3789 4840 annuntiare

2122 4875 2254 4932 aliis
2285 4898 2313 4924 ‹‹
2346 4871 2807 4929 misericordiam
2845 4875 3010 4928 tuam
3041 4887 3232 4940 mane,
3260 4895 3287 4923 ››
3318 4871 3376 4928 id
3408 4876 3518 4942 est,
3552 4871 3617 4928 in
3647 4890 3786 4946 pro-

2121 4964 2397 5037 speritate
2419 4959 2834 5018 beneﬁciorum
2857 4963 3206 5030 vestrorum,
3228 4960 3338 5018 hoc
3357 4965 3447 5016 est
3465 4959 3788 5029 virtutum,

2125 5057 2190 5109 ut
2221 5053 2268 5108 si
2301 5051 2556 5108 habeant
2585 5049 2812 5123 aliquas
2841 5048 3109 5122 virtutes,
3141 5049 3491 5106 annuntient
3519 5049 3634 5106 hoc
3664 5069 3786 5108 non

2127 5158 2197 5196 ex
2225 5156 2308 5208 se,
2331 5139 2431 5195 sed
2455 5155 2522 5194 ex
2545 5137 2946 5194 misericordia
2965 5138 3067 5195 Dei
3087 5155 3216 5199 esse
3241 5155 3296 5194 :«
3322 5143 3380 5194 ct
3403 5161 3433 5188 »
3455 5139 3530 5195 ad
3555 5156 3793 5195 annun-

2125 5229 2398 5285 tiandum
2417 5250 2446 5278 ‹‹
2469 5225 2776 5283 veritatem
2795 5229 2981 5296 tuam,
3009 5250 3037 5277 »
3059 5226 3116 5284 id
3139 5231 3248 5296 est,
3267 5227 3566 5300 justitiam
3589 5231 3788 5300 tuam,

2129 5342 2158 5370 «
2191 5336 2295 5393 per
2323 5320 2610 5385 noctem,»
2632 5316 2689 5370 id
2721 5319 2831 5386 est,
2853 5315 2913 5370 in
2965 5315 3335 5386 adversitate,
3356 5316 3416 5372 id
3457 5320 3568 5385 est,
3593 5317 3648 5374 si
3679 5317 3788 5373 ha-

2127 5411 2305 5466 beant
2333 5405 2764 5473 advcrsitatem,
2789 5409 3145 5478 cognoscant
3169 5405 3278 5462 hoc
3298 5422 3429 5463 esse
3448 5423 3520 5464 ex
3541 5406 3794 5480 justitia

2127 5498 2250 5564 Dei,
2275 5496 2372 5568 qui
2399 5495 2561 5567 juste
2591 5511 2695 5566 pro
2726 5492 3060 5550 commissis
3091 5493 3217 5551 suis
3245 5494 3456 5567 puniat
3484 5511 3610 5551 eos.

2199 5584 2466 5640 Ostendit
2485 5582 2778 5654 quomodo
2795 5581 3112 5640 debeamus
3137 5582 3404 5656 psallam,
3425 5583 3658 5641 scilicet
3674 5609 3702 5636 α
3730 5587 3790 5644 in
