4080 6180
200 362 306 429 543

1378 369 1876 432 EXPLANATIO
1921 369 1998 431 IN
2044 371 2424 434 PSALMOS.

3489 378 3605 439 δη

194 501 491 580 psalterio,
520 522 548 551 π
568 500 625 560 id
648 508 739 559 est
760 502 1052 577 spirituali
1074 502 1615 577 operatione,veluti
1635 505 1695 559 in
1719 520 1851 559 con-
1878 507 1935 571 Α
1962 510 2165 561 contra
2197 524 2308 577 me,
2344 532 2370 557 ‹‹
2406 509 2604 564 audiet
2632 508 2791 565 auris
2831 524 2962 566 mea
2993 532 3021 559 ››
3052 509 3162 567 hoc
3207 512 3363 581 quod
3411 512 3606 584 sequi-

194 592 537 666 templativa
562 592 718 661 vita;
750 615 777 642 ‹‹
814 591 1199 661 decachordo,
1234 614 1262 642 ››
1292 592 1350 647 id
1382 597 1490 660 est,
1525 592 1854 665 complente

194 685 393 739 decem
416 683 693 754 precepta
712 680 881 753 legis.
896 682 965 736 Et
986 681 1205 736 bonum
1229 686 1318 737 est
1337 680 1585 753 psallere
1607 682 1851 737 Domino

195 798 219 823 ‹‹
252 773 310 826 in
345 768 597 840 cithara,
630 790 658 818 η
690 769 749 824 id
795 773 904 837 est,
940 769 998 823 in
1049 768 1501 825 mortiﬁcatione
1548 770 1762 837 carnis,
1795 773 1853 824 et

196 862 297 917 hoc
328 877 451 916 non
485 876 620 914 cum
651 858 916 928 tristitia,
950 859 1051 914 sed
1085 882 1113 909 ‹‹
1148 875 1282 914 cum
1306 858 1712 915 exsultatione.
1752 883 1778 909 υ

261 948 399 1005 Ideo
432 948 563 1003 dico
594 948 816 1003 bonum
847 952 935 1003 est
956 947 1215 1003 conﬁteri
1240 953 1298 1002 et
1317 947 1586 1020 psallam,
1612 971 1640 998 ‹‹
1664 947 1850 1020 quia»

195 1057 225 1095 ο
256 1062 281 1089 u
322 1038 589 1105 Domine,
624 1034 927 1093 delectasti
959 1052 1054 1091 me
1096 1034 1155 1090 in
1206 1036 1429 1091 factura
1458 1042 1579 1104 tua,
1611 1060 1640 1085 ››
1674 1037 1731 1091 id
1763 1040 1853 1093 est

196 1151 221 1178 κ
246 1128 304 1182 in
342 1150 372 1177 »
402 1125 578 1182 bonis
610 1149 637 1176 ‹‹
672 1125 948 1199 operibus
982 1148 1010 1175 »
1032 1141 1159 1197 qum
1181 1129 1243 1180 tu
1267 1125 1476 1182 creasti
1502 1130 1560 1181 et
1581 1124 1769 1181 fecisti
1790 1124 1851 1180 in

197 1219 390 1273 me:et
406 1215 688 1288 deinceps
710 1236 738 1263 «
768 1213 1072 1269 exsultabo
1100 1236 1127 1262 ››
1153 1213 1210 1268 in
1234 1213 1510 1270 omnibus
1534 1215 1703 1270 bonis
1725 1231 1852 1289 quae

196 1308 333 1361 sunt
364 1326 391 1353 ‹‹
420 1318 711 1359 manuum
743 1305 1003 1369 tuarum,
1040 1324 1069 1350 »
1102 1302 1160 1357 id
1190 1305 1297 1371 est,
1331 1306 1447 1358 tute
1475 1301 1852 1375 operationis,

198 1394 333 1467 quia
358 1390 564 1448 nullus
594 1391 741 1447 bene
770 1390 911 1465 agit,
948 1390 1061 1446 nisi
1091 1394 1168 1459 te,
1203 1407 1318 1446 non
1349 1390 1476 1464 ipso
1516 1396 1812 1465 operante.

260 1480 334 1537 Et
364 1481 508 1554 quia
536 1497 653 1537 non
685 1484 917 1535 tantum
949 1479 1010 1534 in
1044 1495 1138 1534 me
1170 1478 1323 1535 bona
1353 1480 1520 1548 facis,
1545 1480 1646 1536 sed
1676 1478 1853 1536 etiam

196 1571 252 1627 in
281 1564 433 1644 ipsis
464 1568 637 1626 bonis
670 1569 947 1643 cperibus
978 1584 1072 1624 me
1097 1568 1374 1624 delectari
1398 1568 1563 1638 facis,
1587 1567 1717 1624 ideo
1741 1584 1857 1624 me-

197 1661 305 1717 rito
336 1674 585 1733 possum
616 1657 809 1715 dicere
839 1659 980 1731 quia
1012 1681 1040 1708 ‹‹
1075 1658 1454 1732 magniﬁcata
1491 1663 1632 1715 sunt
1678 1673 1855 1731 opera

197 1753 322 1815 tua,
358 1745 622 1816 Domine,
648 1770 677 1797 κ
700 1751 757 1804 et
786 1769 815 1797 «
840 1762 1018 1820 quam
1045 1768 1073 1796 ››
1097 1748 1236 1803 sunt
1266 1747 1663 1820 magniﬁcata,
1698 1746 1856 1802 ultra

201 1852 383 1909 quam
413 1837 595 1909 possit
621 1834 892 1908 exprimi,
915 1839 972 1892 et
993 1858 1018 1885 ‹‹
1047 1835 1430 1906 cogitationes
1455 1839 1587 1907 tuae,
1615 1858 1642 1885 »
1661 1833 1718 1889 id
1743 1839 1852 1902 est,

197 1924 617 1996 dispositiones
637 1926 771 1991 tum,
796 1939 923 1995 quae
945 1923 1098 1979 ﬁunt
1127 1940 1197 1979 ex
1228 1922 1575 1997 cogitatione
1595 1927 1653 1979 et
1673 1921 1859 1978 consi-

198 2012 294 2080 lio,
327 2011 510 2068 veluti
555 2008 709 2085 quod
763 2011 901 2067 boni
952 2009 1337 2080 tribulantur,
1367 2015 1424 2066 et
1454 2011 1594 2066 mali
1624 2011 1852 2079 ﬂorent,

199 2124 225 2153 κ
255 2106 405 2157 sunt
436 2102 622 2170 factm,
654 2099 834 2156 nimis
865 2100 1187 2174 profundis,
1225 2123 1253 2150 »
1285 2100 1344 2156 id
1376 2106 1486 2169 est,
1512 2098 1858 2155 inscrutabi-

198 2191 301 2246 les.
336 2190 509 2247 Unde
535 2189 675 2246 alibi
707 2188 922 2245 dicitur
945 2206 959 2246 :
981 2187 1214 2247 Judicia
1246 2190 1342 2246 Dei
1376 2189 1624 2263 abyssus
1646 2187 1853 2244 multa.

198 2276 375 2352 (Ρωι.
407 2278 603 2352 xxxv.)

263 2392 297 2419 «
329 2368 438 2424 Vir
465 2368 775 2442 insipiens.
803 2390 831 2418 n
862 2367 1004 2424 Pars
1034 2368 1313 2424 secunda.
1337 2366 1733 2441 Cogitationes
1755 2364 1858 2422 Dei

198 2459 277 2515 ita
299 2461 442 2514 sunt
464 2456 787 2530 profunda,
803 2457 903 2513 sed
926 2461 1123 2513 tamen
1147 2480 1175 2506 «
1201 2455 1286 2511 vir
1305 2455 1610 2529 insipiens,
1630 2479 1657 2505 ››
1669 2455 1727 2511 id
1746 2459 1855 2523 est,

200 2547 300 2621 qui
334 2546 577 2619 sapiens
600 2549 690 2602 est
713 2546 774 2601 in
805 2545 1015 2602 smculo
1052 2550 1111 2600 et
1157 2549 1314 2600 caret
1362 2562 1498 2600 vera
1545 2544 1854 2617 sapientia,

201 2660 225 2687 α
257 2653 383 2692 non
417 2640 731 2708 cognoscet
760 2634 883 2690 haec
907 2658 935 2683 η
968 2652 1095 2707 qua:
1116 2634 1383 2690 dicturus
1404 2651 1561 2702 sum,
1585 2657 1612 2684 «
1640 2638 1696 2689 et
1711 2631 1856 2688 stul-

201 2731 319 2793 tus,
355 2747 386 2774 ι»
417 2724 477 2780 id
509 2729 620 2792 est,
653 2723 749 2781 ille
779 2724 879 2797 qui
911 2740 1017 2779 nec
1047 2723 1105 2778 in
1140 2724 1274 2795 Deo,
1299 2740 1405 2779 nec
1433 2723 1493 2778 in
1526 2721 1734 2779 saeculo
1765 2738 1857 2776 sa-

204 2814 373 2888 piens
399 2817 511 2883 est,
544 2836 574 2864 «
607 2830 723 2869 non
756 2810 1045 2886 intelliget
1071 2812 1215 2868 haec.
1250 2834 1280 2862 »

265 2903 534 2971 Scilicet,
567 2925 597 2953 ‹‹
631 2919 767 2959 cum
821 2901 1003 2957 exorti
1061 2900 1279 2957 fuerint
1332 2904 1652 2974 peccatore,
1690 2922 1717 2949 ››
1759 2897 1859 2970 qui

205 2994 487 3049 dicuntur
507 2992 717 3048 exoriri
741 3007 874 3047 cum
901 2991 962 3046 in
985 3006 1231 3064 magnas
1251 2990 1485 3046 divitias
1503 2990 1591 3045 vel
1612 3004 1860 3061 magnas

203 3082 451 3138 veniunt
486 3080 800 3153 potentias,
834 3102 861 3130 α
895 3079 1048 3136 sicut
1074 3080 1297 3147 fenum,
1334 3101 1362 3128 »
1394 3079 1452 3133 id
1482 3082 1592 3146 est,
1623 3093 1858 3148 compa-

1962 596 2077 648 tur.

2034 706 2059 730 «
2097 682 2367 739 Plantati.
2404 708 2431 735 »
2466 686 2601 741 Pars
2643 686 2831 742 tertia.
2870 686 3102 743 Scilicet
3132 688 3391 759 «justus
3437 690 3608 745 ﬂore-

1961 771 2065 842 bit,
2093 789 2122 819 ι)
2145 772 2204 827 in
2238 773 2354 829 alia
2382 775 2520 843 vita,
2548 798 2575 825 «
2596 780 2661 829 ut
2680 775 2893 847 palma.
2923 798 2950 825 ››
2975 776 3123 832 Bene
3154 776 3607 849 palmzejustum

1961 866 2282 934 comparat,
2318 863 2457 934 quia
2490 863 2644 919 sicut
2675 868 2922 920 truncus
2954 865 3159 937 palma:
3190 865 3380 937 turpis
3410 871 3498 921 est
3527 867 3611 921 in-

1961 949 2228 1017 ferius,in
2261 951 2547 1024 superiori
2576 970 2710 1008 vero
2741 958 2882 1009 sunt
2911 953 3378 1026 elatm,pulchrzn,
3398 955 3607 1010 ﬂoren-

1960 1042 2049 1094 tes
2074 1054 2085 1093 :
2111 1037 2194 1093 sic
2211 1039 2414 1110 justus
2441 1042 2695 1096 exterius
2728 1047 2964 1114 propter
2993 1042 3401 1099 tribulationes
3422 1043 3482 1099 in
3499 1043 3609 1099 hac

1960 1126 2232 1200 vita,quze
2258 1128 2497 1184 inferior
2524 1132 2633 1195 est,
2666 1131 2855 1201 turpis
2884 1135 2941 1185 et
2972 1148 3294 1202 pannosus,
3315 1137 3373 1187 et
3395 1132 3608 1188 contri-

1961 1220 2058 1271 tus
2089 1234 2191 1289 per
2220 1217 2436 1273 multas
2466 1217 2892 1287 tribulationes,
2918 1219 2978 1273 in
3009 1218 3126 1275 alia
3153 1237 3286 1275 vero
3305 1221 3425 1276 vita
3443 1218 3610 1276 ﬂore-

1962 1310 2087 1360 seet
2118 1328 2145 1355 «
2180 1310 2236 1360 et
2268 1306 2759 1378 multiplicabitur
2791 1330 2819 1356 ››
2853 1306 3133 1362 ineffabili
3166 1308 3351 1381 gloria
3387 1311 3611 1365 aeternas

1963 1393 2363 1462 beatitudinis,
2390 1418 2419 1445 «
2454 1395 2608 1451 sicut
2634 1395 2843 1451 cedrus
2876 1395 3081 1451 Libani
3110 1419 3136 1445 »
3158 1412 3285 1468 quae
3309 1394 3482 1452 altior
3498 1413 3615 1453 cre-

1963 1482 2075 1537 scit
2103 1481 2235 1537 aliis
2266 1483 2478 1555 ecdris,
2508 1487 2564 1539 et
2592 1488 2683 1539 est
2712 1483 3097 1556 imputribilis
3121 1502 3133 1540 :
3168 1484 3253 1541 sic
3275 1485 3479 1557 justus
3508 1485 3616 1541 erit

1964 1570 2197 1643 quando
2218 1571 2503 1626 ditabitur
2523 1571 2832 1627 altitudine
2854 1572 3617 1630 etimmortalitate.Etbene

1963 1658 2177 1714 debent
2204 1658 2283 1714 ibi
2315 1660 2716 1731 multiplicari,
2750 1661 2889 1733 quia
2927 1661 3023 1717 hic
3053 1666 3193 1717 sunt
3216 1685 3244 1712 ‹‹
3278 1662 3523 1734 plantati
3554 1662 3615 1718 in

1963 1748 2136 1802 domo
2168 1748 2421 1820 Domini,
2457 1771 2485 1797 ››
2507 1747 2565 1803 id
2586 1753 2695 1818 est,
2720 1749 2969 1805 ﬁrmiter
2994 1751 3235 1805 radicati
3260 1751 3319 1805 in
3343 1751 3616 1823 praesenti

1964 1835 2239 1904 Ecclesia,
2265 1840 2322 1891 et
2350 1841 2586 1909 propter
2614 1837 2722 1893 hoc
2746 1860 2773 1888 «
2800 1837 3091 1893 ﬂorebunt
3118 1838 3177 1893 in
3208 1838 3373 1894 atriis
3403 1839 3616 1894 domus

1964 1925 2065 1980 Dei
2098 1923 2305 1993 nostri,
2342 1948 2371 1974 »
2403 1924 2460 1979 id
2507 1930 2615 1991 est,
2649 1925 2708 1980 in
2760 1943 3016 1999 superna
3068 1926 3456 1994 Hierusalem,
3487 1943 3615 1998 qua:

1964 2018 2202 2086 propter
2230 2012 2682 2085 amplitudinem
2715 2032 2819 2087 per
2850 2015 2999 2070 atria
3032 2015 3393 2088 designatur.
3423 2013 3525 2070 Vel
3555 2013 3616 2070 in

1965 2101 2111 2157 atrio
2143 2103 2356 2157 domus
2375 2102 2477 2157 Dei
2500 2102 2770 2171 nostri,id
2793 2103 2968 2170 est,in
2992 2101 3158 2159 initio
3181 2103 3432 2159 cmlestis
3452 2103 3617 2159 habi-

1964 2189 2229 2257 tationis,
2262 2189 2501 2258 scilicet,
2538 2191 2597 2245 in
2628 2189 2758 2263 ipso
2782 2191 3009 2262 judicio
3040 2191 3348 2247 ﬁerebunt.

2036 2280 2107 2333 Et
2136 2302 2163 2329 ‹‹
2198 2279 2410 2347 adhuc,
2446 2301 2475 2327 ››
2506 2279 2565 2334 id
2596 2283 2706 2348 est,
2741 2283 2951 2352 praeter
2980 2278 3113 2335 illas
3152 2280 3419 2353 justitias
3468 2296 3618 2352 quas

1966 2368 2139 2423 modo
2182 2366 2401 2423 habent
2439 2367 2612 2439 justi,
2649 2391 2677 2419 «
2710 2368 3266 2440 multiplicabuntur
3301 2392 3326 2418 »ι
3353 2368 3467 2443 ipsi
3497 2394 3525 2421 «
3560 2369 3621 2425 in

1966 2460 2200 2512 senecta
2222 2456 2405 2527 uberi,
2424 2480 2451 2505 ››
2474 2457 2530 2512 id
2555 2461 2665 2525 est,
2690 2457 2749 2512 in
2773 2457 3241 2525 novissimis,ubi
3262 2459 3373 2514 erit
3393 2459 3537 2514 uber
3565 2456 3623 2514 et

1966 2547 2202 2618 copiosa
2257 2547 2660 2603 misericordia
2720 2546 2843 2615 Dei,
2877 2571 2905 2598 «
2953 2551 3011 2603 et
3059 2570 3086 2596 ››
3118 2546 3353 2604 interim
3384 2571 3412 2598 ‹‹
3448 2548 3623 2604 erant

1968 2637 2113 2691 bene
2146 2633 2453 2708 patientes,
2483 2659 2508 2685 ››
2529 2654 2643 2690 non
2667 2635 2839 2704 male,
2865 2636 3018 2692 sicut
3042 2636 3265 2692 faciunt
3283 2636 3620 2710 hypocrita),

1968 2748 1997 2774 ‹‹
2031 2727 2096 2778 ut
2141 2724 2514 2791 annuntient,
2550 2747 2577 2773 ››
2628 2724 2683 2779 id
2737 2729 2845 2793 est,
2880 2724 3041 2797 digni
3096 2725 3217 2780 sint
3273 2725 3623 2781 annuntiare

1968 2811 2100 2869 aliis
2131 2830 2146 2881 ;
2178 2811 2339 2867 istud
2369 2810 2614 2880 scilicet,
2645 2812 2783 2884 quia
2816 2808 3101 2868 Dominus
3128 2812 3285 2869 Deus
3318 2817 3516 2869 noster
3532 2815 3627 2869 est

1969 2904 2162 2955 rectus
2192 2899 2565 2955 retribuendo
2609 2900 2817 2955 merita
2856 2901 3166 2973 cujusque,
3200 2906 3259 2956 et
3303 2900 3443 2974 quia
3489 2905 3625 2974 post

1968 2989 2289 3044 retribuere
2319 2988 2546 3055 merita,
2570 2993 2628 3045 et
2646 3006 2761 3045 non
2784 2993 3073 3061 quantum
3095 2989 3392 3063 exigerent
3414 2989 3623 3045 merita

1967 3078 2118 3150 ipsa,
2151 3078 2333 3146 addit,
2358 3101 2387 3127 «
2421 3081 2478 3132 et
2498 3094 2613 3133 non
2637 3082 2726 3133 est
2748 3077 3030 3150 iniquitas
3054 3078 3113 3133 in
3135 3096 3259 3146 eo,»
3283 3081 3422 3152 quia
3442 3076 3621 3135 etiam

207 3170 423 3227 rabiles
454 3170 609 3239 feno,
643 3171 798 3242 quod
830 3168 967 3225 licet
1004 3169 1076 3225 ad
1122 3173 1358 3241 tempus
1409 3169 1611 3223 ﬂoreat
1639 3171 1696 3224 et
1724 3164 1863 3240 pul-
1905 3240 1916 3242 4
1970 3166 2104 3240 plus
2137 3166 2323 3222 reddit
2354 3167 2674 3239 unicuique
2703 3184 2884 3239 quam
2906 3167 3459 3240 promeruisset.Vel
3481 3190 3508 3218 ‹‹
3534 3183 3622 3223 re-

205 3258 415 3314 ebrum
447 3256 547 3329 sit,
574 3240 776 3315 tamen
806 3256 919 3315 cito
960 3257 1171 3313 arescit
1201 3275 1214 3313 :
1248 3240 1279 3308 ξ(
1309 3261 1366 3313 et
1395 3256 1792 3329 apparuerint,
1831 3278 1858 3305 »
1889 3240 1933 3306 C
1971 3260 2103 3311 ctus
2136 3278 2165 3306 ››
2196 3259 2285 3311 est
2313 3256 2455 3310 dum
2489 3255 2775 3328 permittit
2823 3273 2968 3312 suus
3016 3254 3309 3324 tribulari,
3335 3259 3402 3311 ut
3430 3272 3530 3311 eos
3562 3255 3624 3312 in

206 3346 259 3403 id
286 3348 405 3417 est,
436 3347 704 3422 insignes
748 3346 811 3402 in
861 3346 988 3404 suis
1038 3345 1337 3419 potentiis,
1372 3348 1802 3418 cognoscentur
1830 3362 1864 3400 a
1974 3344 2089 3401 alia
2117 3344 2236 3401 vita
2263 3348 2614 3411 remaneret,
2647 3368 2675 3395 υ
2709 3347 2766 3399 et
2794 3361 2909 3400 non
2949 3349 3039 3400 est
3067 3344 3351 3417 iniquitas
3380 3343 3440 3400 in
3472 3361 3561 3412 eo,
3595 3358 3631 3393 ιε

209 3434 415 3492 multis
446 3458 475 3486 α
506 3451 712 3493 omnes
742 3436 843 3508 qui
868 3440 1187 3508 operantur
1210 3434 1602 3507 iniquitatem.
1638 3456 1667 3483 »

269 3524 411 3581 Hec
442 3541 560 3581 non
591 3521 938 3597 intelligent,
965 3523 1120 3596 quod
1153 3538 1289 3579 cum
1309 3522 1393 3578 ita
1412 3544 1441 3573 «
1465 3521 1684 3578 fuerint
1707 3538 1865 3578 exor-

209 3614 270 3687 ti,
303 3637 337 3665 α
373 3617 460 3683 ut,
491 3612 552 3668 id
584 3616 695 3682 est,
720 3612 970 3686 qualiter
989 3635 1017 3663 ‹‹
1044 3612 1333 3668 intereant
1360 3612 1420 3667 in
1451 3611 1730 3667 smculum
1763 3628 1865 3667 sa:-

209 3702 349 3775 eali,
381 3724 411 3751 η
446 3701 503 3759 id
535 3706 647 3774 est,
679 3702 737 3758 in
770 3706 1092 3758 aeternum:
1128 3701 1240 3774 ipsi
1275 3701 1568 3773 peribunt,
1602 3722 1631 3750 ‹‹
1665 3704 1727 3755 tu
1758 3717 1863 3755 au-

209 3795 354 3862 tem,
383 3790 656 3863 Domine,
692 3812 719 3841 η
749 3791 848 3864 qui
897 3791 956 3846 in
1006 3790 1229 3847 mundo
1275 3790 1438 3847 visus
1487 3806 1550 3845 es
1592 3789 1860 3859 humilis,

210 3876 586 3951 pel-manebis
616 3902 644 3929 ‹‹
676 3876 1017 3936 Altissimus
1044 3879 1102 3934 in
1135 3883 1440 3936 aeternum.
1476 3900 1506 3927 η

273 3969 351 4024 Et
372 3984 509 4025 vere
535 3967 881 4035 interibunt,
916 3991 944 4019 ‹‹
969 3967 1268 4040 quoniam,
1297 3990 1325 4017 »
1347 3984 1380 4023 ο
1402 3990 1431 4016 ‹‹
1456 3967 1861 4035 Domine,ecce

212 4057 437 4112 inimici
468 4052 583 4125 tui,
616 4079 646 4106 ›ι
675 4055 733 4111 id
763 4060 873 4125 est,
903 4054 1152 4130 gentiles
1179 4077 1207 4105 ‹‹
1241 4055 1547 4129 peribunt;
1576 4077 1603 4105 »
1622 4055 1710 4112 vel
1734 4059 1860 4114 ideo

210 4144 568 4216 geminatur,
593 4148 659 4200 ut
687 4161 812 4201 rem
843 4162 972 4218 qua:
1002 4145 1170 4218 quasi
1194 4144 1553 4201 incredibilis
1574 4146 1857 4215 videatur,

209 4232 552 4290 credibilem
600 4233 827 4290 reddat.
862 4257 890 4285 ‹‹
923 4227 1202 4290 Peribunt
1236 4256 1262 4283 υ
1305 4234 1455 4302 dico,
1489 4260 1516 4287 «
1567 4241 1624 4294 et
1675 4260 1702 4285 »
1752 4236 1861 4292 hoc

210 4323 384 4380 modo
410 4321 658 4391 scilicet,
685 4345 714 4373 ‹‹
737 4320 1150 4395 dispergentur
1178 4338 1383 4381 omnes
1413 4325 1510 4398 qui
1545 4329 1863 4399 operantur

208 4410 619 4485 iniquitatem;
658 4434 686 4461 ι)
735 4412 806 4468 ad
859 4412 968 4469 hoc
1012 4413 1169 4484 quod
1220 4413 1382 4485 dicit,
1417 4437 1445 4464 ‹‹
1501 4414 1793 4488 peribunt,
1831 4436 1859 4464 ››

208 4521 235 4549 ιε
264 4500 703 4574 dispergentur,
732 4523 758 4550 ››
781 4500 924 4556 dicit
947 4518 1082 4558 cum
1105 4517 1139 4556 a
1159 4501 1329 4559 bonis
1362 4506 1709 4575 separantur
1732 4520 1744 4559 :
1772 4502 1859 4559 Illi

1972 3433 2032 3489 in
2064 3433 2173 3489 hoc
2202 3434 2356 3506 quod
2383 3432 2668 3505 permittit
2689 3432 2877 3489 malos
2896 3432 2957 3489 in
2978 3432 3087 3488 hac
3108 3433 3226 3512 vita
3247 3433 3627 3505 ﬂorere,quos

1973 3523 2034 3578 in
2066 3522 2183 3579 alia
2210 3527 2425 3578 (eterna
2454 3522 2832 3579 damnatione
2862 3521 3186 3578 damnabit.

2461 3664 2535 3720 IN
2576 3663 2923 3720 PSALMUM
2964 3663 3129 3720 XCII.

1973 3774 2250 3829 Trrows.
2286 3773 2426 3827 Laus
2457 3772 2661 3828 cantici
2698 3770 2895 3837 David,
2927 3771 2990 3826 in
3018 3770 3110 3826 die
3153 3778 3281 3825 ante
3324 3768 3625 3835 sabbatum.

2169 3843 2385 3915 quando
2412 3842 2648 3914 fundata
2675 3851 2755 3899 est
2789 3849 2955 3907 terra,
2986 3840 3074 3897 vel
3106 3841 3430 3896 inhabitata.

2043 3991 2070 4017 «ι
2106 3965 2392 4021 Dominus
2439 3966 2723 4038 regnavit,
2773 3965 3064 4020 decorem.
3112 3986 3139 4013 »
3194 3963 3273 4020 Ad
3320 3963 3575 4019 litteram
3613 3986 3635 4036 ε

1969 4057 2150 4111 Terra
2174 4055 2416 4109 fundata
2446 4054 2555 4109 fuit
2577 4054 2634 4109 in
2667 4058 2831 4109 sexta
2850 4053 3141 4119 feria,non
3163 4054 3317 4126 quod
3340 4053 3469 4126 ipsa
3487 4058 3630 4112 tunc

1974 4146 2348 4209 formaretur,
2371 4144 2473 4199 sed
2504 4143 2644 4215 quia
2678 4142 2736 4198 in
2760 4148 2925 4199 sexta
2946 4143 3091 4199 feria
3112 4144 3302 4200 factus
3321 4148 3411 4199 cst
3431 4142 3631 4214 homo,

1969 4251 2085 4306 quo
2120 4233 2293 4302 facto,
2324 4237 2480 4288 terra
2514 4232 2760 4287 fundata
2789 4236 2899 4300 est,
2932 4231 2987 4287 id
3022 4235 3133 4299 est,
3167 4231 3396 4288 stabilis
3417 4236 3475 4288 et
3494 4249 3629 4306 pos-

1970 4340 2134 4379 sessa
2158 4339 2171 4378 :
2197 4339 2324 4393 qum
2356 4320 2552 4378 inanis
2581 4327 2738 4378 esset
2767 4324 2824 4378 et
2854 4337 3213 4394 supervacue
3244 4318 3630 4387 fundata,nisi

1969 4411 2210 4468 haberet
2240 4409 2540 4468 hominem
2573 4426 2993 4483 possessorem.
3026 4408 3128 4466 Vel
3160 4410 3219 4465 in
3271 4412 3433 4466 sexta
3481 4410 3631 4465 feria

1970 4500 2296 4556 inhabitata
2326 4504 2417 4555 est
2447 4500 2518 4556 ab
2550 4499 2790 4555 homine
2821 4499 3056 4571 quando
3081 4498 3271 4555 factus
3293 4496 3404 4553 fuit
3422 4497 3623 4569 homo,

205 4588 498 4659 peribunt,
533 4610 565 4639 «
598 4588 658 4646 et
689 4604 869 4646 cornu
902 4606 1121 4658 meum,
1149 4613 1177 4641 »
1197 4589 1257 4646 id
1288 4594 1398 4657 est,
1434 4591 1680 4647 altitudo
1707 4609 1857 4659 mea,
1897 4608 1941 4672 ι]
1972 4606 2086 4643 non
2118 4590 2273 4661 quod
2308 4589 2380 4645 de
2401 4588 2510 4645 hac
2533 4587 2770 4644 litterali
2794 4588 3137 4642 fundatione
3158 4585 3533 4659 agamus,sed
3555 4586 3629 4641 de

206 4693 327 4748 qua
367 4682 455 4734 est
484 4701 514 4728 «
550 4676 707 4734 sicut
735 4676 1058 4748 unicornis,
1094 4702 1122 4727 »
1154 4679 1294 4751 quia
1324 4680 1396 4734 ad
1431 4697 1616 4735 unum
1651 4681 1861 4750 tendit,

202 4763 428 4821 scilicet
449 4766 526 4821 ad
549 4765 748 4838 ipsum
771 4765 956 4822 Deum
980 4785 993 4834 ;
1015 4767 1171 4821 unde
1193 4766 1442 4823 dicitur:
1467 4767 1654 4824 Unam
1677 4769 1813 4841 petii
1833 4786 1867 4825 a

204 4854 470 4926 Domino,
490 4878 519 4905 ‹‹
539 4853 924 4922 exaltabitur,
954 4877 980 4904 ››
1006 4854 1336 4927 recipiendo
1359 4854 1863 4913 immortalitatem

205 4946 258 4996 et
276 4941 849 5016 impassibilitatem.
872 4968 900 4995 «
927 4945 996 5000 Et
1017 4948 1288 5000 senectus
1310 4961 1459 5013 mea,
1487 4968 1514 4994 ››
1537 4944 1594 5000 id
1619 4950 1865 5014 est,mea

206 5031 545 5102 novissima,
581 5030 803 5088 scilicet
831 5048 899 5089 ea
929 5050 1057 5105 quae
1088 5038 1421 5104 sequuntur
1450 5037 1581 5105 post
1608 5033 1759 5089 hanc
1779 5034 1862 5088 vi-

205 5120 465 5187 tam,erit
492 5144 520 5171 ‹‹
556 5120 618 5175 in
651 5120 1059 5177 misericordia
1092 5121 1276 5188 uberi,
1304 5144 1331 5170 ››
1362 5120 1420 5177 id
1453 5126 1562 5191 est,
1585 5121 1645 5177 in
1673 5122 1863 5178 abun-

204 5206 367 5264 danti
394 5209 875 5267 remuneratione
901 5227 912 5265 :
939 5210 1093 5266 sicut
1122 5210 1446 5266 econtrario
1470 5214 1741 5267 senectus
1762 5210 1864 5265 im-

202 5295 437 5366 piorum
466 5297 580 5354 erit
608 5298 670 5353 in
702 5297 933 5355 malitia
971 5298 1158 5355 uberi.
1194 5298 1331 5355 Dico
1364 5322 1391 5348 «
1427 5302 1697 5356 senectus
1734 5315 1865 5355 mea

199 5384 310 5442 erit
332 5385 394 5440 in
415 5384 820 5443 misericordia
842 5387 1004 5445 uberi
1029 5411 1055 5437 ‹‹
1081 5390 1138 5442 et
1162 5410 1189 5436 ››
1205 5388 1331 5459 jam
1354 5411 1381 5437 «
1407 5387 1613 5443 oculus
1634 5404 1801 5444 meus
1826 5410 1854 5437 ››

198 5471 447 5531 interior
476 5497 506 5527 «
540 5474 806 5548 despexit
836 5472 1105 5532 inimicos
1137 5491 1319 5543 meos,
1356 5498 1382 5525 ››
1415 5479 1472 5533 et
1500 5491 1861 5549 cognoscens

196 5560 387 5618 vitam
414 5558 657 5620 illorum
688 5580 821 5620 esse
846 5564 1140 5633 inutilem,
1164 5569 1221 5620 et
1251 5565 1572 5637 potentiam
1605 5565 1862 5634 brevem,

195 5670 225 5699 σε
256 5653 320 5707 et
350 5652 429 5708 ab
451 5651 895 5726 insurgentibus
915 5653 974 5710 in
998 5671 1091 5711 me
1116 5653 1636 5728 malignantibus,»
1661 5654 1725 5711 id
1750 5658 1857 5724 est,

1974 4678 2281 4751 designata
2310 4695 2413 4750 per
2442 4677 2639 4743 istam,
2673 4676 2895 4733 scilicet
2922 4675 2993 4733 de
3025 4674 3381 4731 recreatione
3430 4674 3625 4730 homi-

1976 4766 2091 4833 nis,
2126 4768 2280 4822 facta
2310 4784 2411 4838 per
2457 4767 2807 4839 sanguinem
2855 4763 3069 4821 Christi
3114 4764 3175 4819 in
3225 4767 3390 4821 sexta
3440 4766 3626 4829 aetate,

1975 4854 2195 4911 scilicet
2222 4855 2279 4909 in
2314 4859 2573 4927 tempore
2604 4854 2823 4927 gratiae,
2851 4870 2978 4926 qua:
3009 4858 3172 4910 sexta
3200 4858 3341 4911 mtas
3370 4870 3472 4926 per
3499 4869 3626 4909 sex-

1974 4948 2094 4999 tam
2123 4944 2328 5000 feriam
2358 4943 2701 5016 designatur
2733 4960 2745 5000 :
2779 4943 2935 4999 sicut
2985 4945 3118 5016 post
3166 4947 3389 4999 sextam
3423 4940 3626 4996 feriam

1974 5033 2287 5088 sabbatum
2320 5033 2607 5105 sequitur,
2642 5032 2725 5088 ita
2766 5036 2898 5105 post
2947 5037 3168 5089 sextam
3220 5035 3446 5086 aetatem
3492 5044 3627 5085 vera

1975 5119 2204 5193 requies
2235 5121 2521 5194 sequitur.
2556 5121 2791 5177 Titulus
2823 5121 2907 5176 sic
2939 5120 3282 5192 exponitur:
3317 5118 3627 5172 Tractatus

1972 5209 2084 5266 iste
2114 5208 2243 5266 laus
2275 5210 2487 5267 cantici
2518 5210 2815 5276 dicitur,id
2848 5215 2958 5276 est,
2986 5205 3277 5264 laudabile
3308 5203 3625 5262 canticum.

1973 5299 2275 5355 Canticum
2309 5300 2543 5366 dicitur,
2573 5298 2713 5371 quia
2744 5314 2867 5353 rem
2899 5295 3171 5369 proponit
3195 5294 3623 5364 exsultabilem,

1973 5388 2214 5455 scilicet,
2230 5389 2636 5448 fundationcm
2658 5386 2926 5442 Ecclesiae
2949 5390 3007 5441 et
3028 5385 3174 5441 alias
3196 5383 3409 5440 Christi
3431 5388 3628 5456 poten-

1972 5478 2085 5533 tias
2103 5477 2339 5542 multas,
2355 5476 2414 5531 in
2435 5474 2648 5549 quibus
2670 5476 2793 5547 ipse
2814 5474 3081 5530 Christus
3103 5473 3419 5530 laudabilis
3434 5477 3625 5546 patet;

1971 5567 2127 5621 unde
2157 5566 2372 5621 dicitur
2401 5589 2426 5614 ‹‹
2460 5563 2589 5619 laus
2621 5562 2833 5619 cantici
2864 5585 2893 5617 »
2930 5563 3215 5620 attributa
3265 5563 3443 5619 David
3485 5562 3625 5621 Pro-

1969 5655 2179 5729 phetas,
2215 5653 2317 5726 qui
2348 5653 2449 5709 hic
2474 5651 2769 5726 loquitur:
2796 5652 3066 5711 «Cantici
3088 5652 3216 5711 dico
3247 5652 3431 5710 habiti
3450 5652 3511 5708 in
3532 5644 3627 5710 die
