4080 6180
451 297 588 358 ’515

897 292 1302 362 HAYMONIS
1334 286 1871 350 IIALBERSTAT.
1903 283 2146 345 EPISC.
2181 281 2351 344 OPP.
2386 281 2586 341 PAllS
2616 279 2665 340 Ι.
2695 315 2772 323 —
2797 278 3200 341 COMMENT.
3232 277 3425 338 BlBL.

3711 279 3814 341 5'16

471 431 604 485 ante
623 427 955 494 sabbatum,
977 448 1006 474 »
1028 425 1086 479 id
1107 428 1216 492 est,
1236 423 1296 478 in
1318 419 1780 478 consideratione
1799 417 1911 474 diei
1935 416 2109 490 primi
2140 419 2194 485 Α
2223 419 2331 482 est,
2349 413 2700 487 populorum
2729 410 3074 468 multorum.
3088 409 3388 466 Concitant
3407 408 3553 464 enim
3573 427 3710 484 saepe
3728 412 3818 468 mi-

471 519 645 572 sextm
671 514 860 570 aetatis
882 530 894 567 :
920 530 1047 584 quae
1080 511 1204 567 dies
1233 510 1362 566 ideo
1394 508 1628 576 dicitur,
1663 507 1801 580 quia
1828 506 1989 572 in_ea
2016 522 2109 561 ve-

471 622 597 660 ram
629 601 1116 658 illuminationem
1150 597 1499 671 recipimus;
1527 615 1656 670 quze
1695 599 1834 650 aetas
1863 597 1953 650 est
1981 597 2114 649 ante

469 690 1127 761 sabbatum,idest,ante
1149 686 1404 760 requiem
1427 690 1723 752 aeternam,
1751 707 1780 734 «
1802 683 2058 756 quando,
2085 704 2113 730 »

468 779 528 834 id
559 782 666 847 est,
701 795 818 850 qua
846 777 960 848 die,
993 776 1237 842 scilicet,
1263 776 1323 830 in
1355 778 1616 846 tempore
1645 771 2116 846 gratiae,fundata

366 936 368 938 τ
467 872 556 924 est
580 872 751 933 terra,
775 865 830 920 id
865 870 974 931 est,
1006 870 1309 938 reperatus
1338 869 1427 920 est
1458 863 1762 934 homo,pcr
1785 877 1958 933 quem
1981 859 2112 914 fun-

467 957 624 1023 data,
657 961 715 1012 et
746 954 978 1012 stabilis
1010 955 1162 1010 facta
1191 958 1280 1010 est
1310 959 1482 1020 terra,
1515 953 1669 1023 quod
1713 950 1906 1004 inanis
1935 952 2112 1012 esset,

469 1045 584 1100 nisi
611 1045 788 1100 homo
817 1049 1206 1115 repararetur,
1231 1043 1370 1115 quia
1389 1058 1523 1097 cum
1555 1040 1755 1096 omnia
1775 1039 1846 1094 ad
1867 1037 1966 1093 Dei
1989 1037 2113 1092 lau-

467 1135 603 1190 dem
634 1133 789 1188 facta
819 1132 957 1198 sint,
981 1149 1016 1188 a
1046 1131 1208 1187 nulla
1235 1135 1504 1188 creatura
1532 1135 1780 1196 terrena,
1803 1127 1916 1184 nisi
1939 1127 2114 1182 homo

467 1222 705 1291 viveret,
733 1220 1092 1278 laudaretur.
1128 1220 1371 1276 Materia
1403 1223 1493 1275 est
1521 1218 1810 1282 Christus,
1844 1215 2118 1271 fundator

469 1311 759 1377 Ecclesim,
786 1311 856 1366 de
877 1326 996 1381 qua
1025 1310 1147 1380 agit
1175 1325 1278 1380 per
1308 1307 1524 1363 multas
1553 1305 2113 1370 commendationes,

471 1403 642 1456 utens
685 1397 1141 1455 demonstrativo
1189 1413 1420 1468 genere.
1455 1395 1780 1451 Prmvidens
1831 1393 2118 1466 Propheta

468 1488 766 1544 Christum
795 1503 924 1542 esse
953 1489 1263 1542 venturum
1296 1485 1356 1540 in
1406 1481 1761 1549 humilitate,
1793 1485 1850 1538 et
1879 1485 2118 1554 propter

470 1577 580 1632 hoc
593 1576 1084 1632 contemnendum
1096 1591 1222 1631 esse
1235 1573 1516 1640 aJudaais,
1533 1570 1939 1644 multipliciter
1957 1586 2116 1625 eom-

473 1667 712 1722 mendat
739 1681 896 1730 eum,
931 1669 1014 1729 ut,
1046 1681 1182 1720 cum
1212 1662 1452 1729 venerit,
1485 1679 1601 1718 non
1646 1661 1698 1716 ei
1745 1661 2116 1732 derogemus,

473 1757 573 1812 sed
605 1755 884 1810 honorem
917 1754 1180 1809 debitum
1211 1751 1614 1825 persolvamus
1636 1767 1650 1804 :
1675 1753 1732 1806 et
1763 1749 1884 1805 haec
1905 1752 1994 1804 est
2023 1748 2116 1802 in-

471 1846 676 1912 tentio,
707 1847 774 1898 ut
802 1859 918 1898 non
950 1846 1186 1914 propter
1214 1839 1604 1896 humilitatem
1647 1838 1944 1894 Christum
1976 1853 2120 1891 con-

474 1929 830 1990 temnamus,
847 1921 949 1978 sed
975 1938 1110 1976 eum
1131 1927 1312 1977 Deum
1336 1921 1763 1992 redemptorem
1786 1917 2114 1973 credamus.

545 2015 623 2068 Ac
636 2013 684 2068 si
698 2012 779 2067 ita
790 2011 1006 2066 diceret
1028 2009 1316 2082 Propheta
1330 2025 1344 2066 :
1358 2008 1473 2064 Vos
1501 2007 1833 2080 quicunque
1854 2005 2118 2060 videntes

475 2101 772 2158 Christum
805 2098 863 2154 in
895 2097 1243 2167 humilitate,
1269 2097 1448 2153 nolite
1477 2096 1774 2168 despicere
1799 2111 1812 2149 ε
1837 2091 2119 2165 quiaipse

477 2189 577 2264 qui
598 2187 840 2246 humilis
859 2187 1089 2252 veniet,i
1097 2203 1200 2260 pse
1217 2187 1370 2242 idem
1386 2209 1414 2236 (ι
1431 2185 1713 2241 Dominus
1736 2181 2118 2255 regnavit,»id

477 2283 585 2346 est,
615 2295 718 2351 per
745 2278 994 2332 mortem
1025 2291 1194 2330 suam
1228 2273 1434 2330 mortis
1462 2273 1798 2345 imperium,
1821 2275 1880 2326 et
1911 2270 2118 2325 fortem

477 2371 794 2434 armatum,
825 2365 882 2420 id
917 2369 1026 2430 est,
1051 2363 1373 2431 diabolum,
1399 2361 1788 2435 superavit.Et
1809 2363 2118 2432 postquam

477 2474 610 2514 eum
644 2471 837 2528 regem
859 2450 1286 2518 determinavit,
1301 2452 1371 2507 de
1392 2467 1508 2522 quo
1529 2447 2123 2522 ageret,commendat

479 2545 850 2612 eum,dicens
865 2561 878 2598 :
896 2541 996 2598 Ille
1017 2541 1116 2613 qui
1139 2541 1224 2596 sic
1247 2539 1526 2612 regnavit,
1541 2562 1567 2588 «
1587 2537 1828 2593 indutus
1849 2541 1939 2592 est
1959 2536 2124 2590 deco-

481 2651 628 2703 rem,
663 2655 690 2682 ››
721 2633 780 2687 id
809 2635 918 2700 est,
942 2629 1150 2686 habuit
1179 2629 1289 2684 sibi
1323 2629 1544 2684 unitam
1580 2627 1864 2683 Deitatem
1885 2643 1900 2695 ;
1923 2629 1980 2680 et
2001 2624 2124 2679 hzec

483 2720 909 2780 commendatio
939 2723 1026 2775 est
1055 2718 1246 2791 prima
1273 2735 1410 2791 pars
1439 2715 1674 2790 psalmi.
1707 2717 1776 2772 Et
1803 2715 1928 2788 ipse
1969 2715 2123 2769 idem

483 2811 767 2870 Dominus
788 2834 816 2860 «
838 2810 1082 2865 indutus
1112 2811 1200 2864 est
1222 2806 1681 2876 fortitudinem,»
1703 2804 1761 2860 id
1793 2807 1899 2874 est,
1920 2807 2123 2875 poten-

482 2899 795 2973 tiam,quia
823 2899 948 2972 ipse
980 2914 1212 2972 semper
1241 2902 1298 2954 et
1327 2901 1594 2970 potenter
1621 2892 1984 2960 sustinuit,et
2003 2891 2125 2946 haec

483 2993 573 3046 est
600 2988 715 3045 alia
745 3005 911 3060 pars;
936 3010 964 3038 ‹‹
994 2990 1052 3043 et
1071 3009 1100 3036 »
1131 3003 1236 3060 per
1261 2985 1372 3042 hoc
1403 2985 1559 3058 quod
1589 2982 1726 3038 talis
1752 2981 1884 3049 fuit,
1919 3005 1946 3030 ‹‹
1980 2997 2124 3052 prie-

485 3077 666 3134 cinxit
695 3094 778 3144 se,
797 3099 824 3124 ››
845 3076 901 3131 id
934 3079 1043 3144 est,
1076 3073 1421 3147 praeparavit
1449 3089 1510 3128 se
1542 3072 1614 3126 ad
1645 3069 2125 3126 constitutionem

2224 520 2396 558 nores
2427 501 2694 557 fortiores
2725 501 2796 556 ad
2832 497 3293 572 persecutionem
3321 496 3600 553 Ecclesiae.

2292 593 2363 646 Et
2389 609 2506 646 non
2526 595 2756 645 tantum
2775 587 3022 643 [lumina
3037 587 3401 642 elevaverunt
3420 585 3621 642 ﬂuctus
3647 591 3822 644 contra

2221 678 2678 747 Ecclesiam,sed
2712 677 2889 732 etiam
2921 680 3058 733 sunt
3087 675 3246 730 factze
3269 699 3295 724 ‹‹
3320 673 3588 730 elationes
3605 675 3782 743 maris,
3801 701 3824 724 »

2223 768 2280 822 id
2314 765 2690 836 est,universi
2720 764 2939 838 populi,
2963 787 2990 814 ‹‹
3017 762 3374 829 mirabiles,»
3396 763 3450 817 id
3475 763 3822 832 est,infinitas,

2220 853 2638 923 intolerabiles,
2673 858 2730 909 et
2760 877 2786 903 α
2823 853 2880 908 in
2917 875 2943 900 »
2971 852 3246 908 omnibus
3276 849 3406 906 istis
3448 849 3826 909 elevationibus

2223 969 2249 992 ‹‹
2285 943 2422 1000 altis
2455 967 2482 990 ι›
2515 947 2604 997 est
2633 968 2658 992 υ
2697 941 2986 996 mirabilis
3018 941 3303 995 Dominus
3327 963 3353 987 »
3385 939 3630 994 sedando
3649 939 3826 1012 hujus-

2223 1032 2381 1088 modi
2413 1031 2782 1098 elevationes,
2814 1029 2903 1086 vel
2952 1029 3089 1102 quia
3137 1047 3253 1084 non
3307 1026 3588 1100 permittit
3631 1027 3826 1084 fidelem

2221 1137 2397 1177 suum
2420 1120 2619 1192 aliqua
2639 1118 2980 1192 hujusmodi
3011 1118 3333 1174 tentatione
3354 1115 3732 1172 devinci.Etin
3753 1117 3829 1174 his

2221 1210 2416 1266 tribus
2443 1208 2847 1280 versibus,qui
2876 1207 3177 1264 continent
3203 1204 3505 1262 victoriam
3533 1203 3832 1277 Christi,est

2225 1297 2431 1371 quinta
2462 1315 2599 1370 pars
2630 1296 2863 1370 psalmi.

2295 1409 2324 1437 «
2359 1384 2721 1442 Testimonia
2749 1388 2871 1453 tua,
2890 1407 2919 1435 ››
2946 1385 3006 1440 id
3023 1387 3130 1453 est,
3151 1381 3472 1456 prophetiae
3495 1385 3553 1438 et
3572 1381 3830 1453 scriptura:

2223 1475 2370 1544 alite,
2393 1479 2586 1531 «sunt
2616 1475 2768 1530 facta
2798 1473 2976 1530 nimis
2997 1471 3322 1542 credibilia,
3340 1495 3368 1522 >›
3392 1472 3448 1528 id
3472 1476 3579 1541 cst,
3593 1469 3831 1542 multum,

2225 1565 2367 1620 dum
2417 1563 2706 1636 quidquid
2755 1563 2814 1620 in
2843 1563 2930 1620 eis
2960 1562 3326 1636 promissum
3360 1561 3491 1630 fuit,
3529 1564 3582 1616 te
3608 1557 3832 1616 veniente

2226 1651 2537 1725 impletum
2567 1657 2679 1720 est,
2713 1657 2770 1708 et
2799 1651 2920 1708 haec
2946 1650 3383 1708 commendatio
3413 1653 3502 1706 est
3544 1653 3693 1705 sexta
3723 1665 3832 1720 pars

2226 1741 2547 1814 psalmi.Et
2567 1741 2814 1808 etiam,o
2847 1739 3086 1797 Domine
3117 1762 3146 1792 α
3164 1739 3413 1794 domum
3441 1743 3654 1806 tuam,»
3676 1736 3727 1792 id
3745 1741 3831 1802 est,

2229 1829 2548 1886 Ecclesiam
2581 1834 2951 1903 prmsentem,
2983 1829 3044 1884 in
3092 1845 3209 1901 qua
3260 1833 3325 1884 tu
3373 1827 3622 1898 habitas,
3649 1850 3674 1876 ‹‹
3703 1827 3834 1881 decet

2226 1919 2581 1988 sanctitudo,
2618 1942 2644 1967 η
2677 1919 2736 1974 id
2768 1919 3078 1992 est,ipsius
3109 1918 3328 1975 domus
3357 1922 3447 1973 est
3473 1915 3523 1973 ei
3554 1917 3746 1972 decens
3763 1919 3835 1969 or-

2227 2013 2591 2077 namentum,
2626 2008 2779 2064 sicut
2807 2007 3024 2064 dicitur
3055 2025 3068 2064 :
3104 2006 3352 2081 Regiam
3393 2007 3625 2062 domum
3668 2004 3835 2060 decent

2228 2095 2430 2170 pallia;
2479 2102 2536 2154 et
2583 2097 2690 2152 hoc
2720 2121 2746 2147 ‹‹
2783 2097 3150 2171 longitudine
3204 2095 3460 2164 dierum,
3493 2117 3520 2144 »
3551 2094 3606 2150 id
3649 2098 3744 2160 est,
3789 2091 3834 2146 in

2227 2192 2554 2242 aeternum:
2587 2192 2645 2244 et
2675 2187 2794 2243 hinc
2833 2185 3272 2243 commendatio
3323 2187 3414 2242 est
3458 2182 3690 2256 septima
3729 2197 3836 2254 pars

2231 2275 2464 2348 psalmi.

2713 2402 2784 2458 ΙΝ
2829 2399 3176 2456 PSALMUM
3215 2397 3410 2454 XCIII.

2445 2509 2718 2563 Trrunus.
2753 2506 3006 2562 I’salmus
3035 2504 3209 2561 David
3239 2513 3440 2577 quarta
3470 2502 3681 2558 sabbal.-

2305 2657 2330 2682 ι(
2362 2632 2516 2688 Deus
2549 2632 2836 2688 ultionum
2867 2630 3218 2687 Dominus.»
3255 2630 3527 2686 Psalmus
3557 2629 3656 2683 iste
3675 2641 3833 2682 conve-

2233 2719 2320 2776 nit
2348 2721 2526 2776 David
2569 2720 2884 2792 Prophetze,
2921 2718 3018 2792 qui
3070 2717 3164 2773 hic
3213 2717 3502 2790 loquitur,
3533 2713 3746 2771 habitus
3781 2711 3837 2766 de

2233 2809 2409 2866 rebus
2437 2809 2782 2884 significatis
2815 2825 2918 2882 per
2946 2824 3040 2864 res
3065 2807 3248 2863 factas
3287 2807 3348 2861 in
3381 2809 3585 2880 quarta
3627 2801 3835 2860 sabbati.

2235 2899 2298 2954 In
2329 2902 2556 2972 quarta,
2571 2898 2727 2955 enim
2761 2896 2896 2954 fecit
2934 2897 3089 2953 Deus
3117 2895 3461 2964 luminaria,
3494 2911 3592 2967 per
3632 2908 3742 2966 quin
3773 2889 3833 2944 si-

2233 2987 2588 3060 gniﬁcantur
2617 2987 2803 3043 sancti
2833 2985 2941 3041 viri
2977 2984 3238 3042 lucentes
3272 2984 3338 3040 in
3378 2982 3640 3049 Ecclesia,
3654 2981 3717 3037 de
3732 2977 3834 3052 qui-

2233 3077 2344 3132 bus
2375 3076 2435 3132 in
2467 3075 2576 3132 hoc
2605 3074 2832 3148 psalmo
2863 3073 3160 3147 agitur.Et
3183 3073 3604 3146 suntquzedam
3624 3068 3832 3127 tenebra-

483 3163 1017 3222 Ecclesizeﬁictum
1041 3165 1129 3218 est
1149 3161 1222 3216 ad
1249 3159 1698 3216 similitudinem
1729 3156 2000 3230 operarii,
2025 3156 2124 3227 qui
2157 3159 2199 3227 ρ
2237 3165 2296 3220 in
2343 3165 2452 3222 hoc
2499 3164 2740 3232 mundo,
2772 3161 2950 3220 veluti
2999 3162 3153 3235 quod
3203 3161 3482 3220 homines
3531 3177 3638 3218 non
3664 3157 3836 3231 putant

486 3249 834 3328 praecinctus
865 3248 1186 3322 expeditior
1209 3252 1298 3304 est
1327 3247 1398 3303 ad
1430 3246 1813 3321 operandum.

558 3341 628 3396 Et
652 3337 907 3395 ostendit
951 3337 1012 3392 in
1061 3337 1268 3394 effectu
1317 3336 1470 3408 quod
1521 3335 1822 3408 przecinxit
1869 3351 1952 3391 se.
1984 3335 2128 3391 Vere

487 3426 808 3504 praecinxit,
842 3449 870 3476 «
901 3425 1117 3482 etenim
1149 3424 1404 3480 ﬁrmavit
1435 3448 1464 3474 ››
1493 3423 1556 3480 in
1587 3423 1700 3480 ﬁde
1729 3447 1757 3473 ‹‹
1792 3425 1990 3480 orbem
2021 3427 2130 3479 ter-

487 3537 584 3586 τω,
618 3540 646 3570 ››
677 3517 737 3573 id
767 3520 876 3582 est,
907 3513 1250 3586 Ecclesium,
1282 3512 1584 3570 collectam
1633 3513 1705 3568 de
1733 3517 1851 3570 toto
1881 3511 2127 3568 circuitu

483 3613 684 3675 terrae;
717 3629 744 3657 «
780 3605 880 3678 qui
916 3627 943 3655 ››
975 3603 1134 3660 orbis
1154 3609 1245 3660 est
1265 3603 1346 3659 ita
1366 3603 1754 3676 firmus,quod
1783 3627 1804 3652 (ι
1833 3619 1946 3658 non
1969 3619 2125 3658 com-

485 3695 815 3754 movebitur
843 3715 873 3746 »
907 3693 1106 3766 aliqua
1134 3693 1486 3761 tentatione;
1519 3696 1576 3748 et
1607 3690 1726 3746 haec
1755 3691 2126 3747 commenda-

483 3787 564 3844 tio
592 3789 682 3842 est
708 3783 909 3857 aliqua
935 3799 1073 3856 pars
1101 3781 1336 3854 psalmi.

554 3877 624 3932 Et
653 3899 680 3925 ‹‹
713 3892 783 3930 ex
817 3878 976 3939 tunc,
1013 3895 1040 3922 ι)
1073 3871 1130 3926 id
1181 3876 1288 3940 est,
1323 3889 1390 3927 ex
1448 3887 1564 3943 quo
1622 3869 1870 3926 firmasti
1926 3871 2125 3926 orbem

483 3960 672 4031 terras,
723 3965 812 4019 est
859 3961 987 4033 ipsa
1042 3959 1299 4016 Ecclesia
1328 3983 1354 4009 ‹‹
1391 3963 1596 4032 parata
1643 3959 1810 4016 sedes
1857 3963 1960 4016 tua
2009 3982 2036 4009 »
2065 3957 2125 4014 in

483 4069 602 4125 qua
630 4056 694 4107 tu
725 4049 893 4106 sedes
923 4052 980 4104 et
1000 4047 1285 4120 quiescis;
1319 4049 1486 4106 sedes
1517 4049 1648 4104 dico
1670 4065 1772 4120 per
1791 4048 1979 4120 ipsam
2002 4049 2132 4102 fun-

484 4139 778 4196 dationem
809 4136 916 4193 tibi
947 4140 1232 4208 paratam,
1265 4142 1323 4195 et
1369 4154 1438 4193 ne
1488 4154 1591 4208 per
1637 4137 1745 4192 hoc
1792 4136 2128 4210 temporalis

483 4224 1103 4298 esse‘intelligcretur,
1136 4225 1394 4281 ostendit
1441 4229 1744 4293 aeternum,
1777 4241 1912 4282 cum
1964 4225 2125 4300 dicit,

485 4340 512 4366 α
546 4320 610 4372 tu
639 4331 702 4372 es
731 4331 766 4371 a
795 4312 1028 4380 saeculo,
1057 4334 1086 4364 »
1121 4311 1179 4367 id
1211 4317 1320 4380 est,
1346 4313 1417 4370 ab
1439 4317 1672 4380 aeterno,
1697 4331 1809 4370 non
1837 4313 1894 4368 in
1918 4313 2128 4370 saeculo

483 4406 694 4473 factus,
728 4403 829 4460 sed
863 4401 1045 4460 factor
1074 4400 1292 4458 szeculi.
1323 4400 1426 4458 Vel
1457 4401 1538 4456 ita
1566 4402 1734 4458 sedes
1764 4405 1864 4456 tua
1903 4406 1992 4458 est
2022 4419 2128 4475 pa-

483 4498 628 4561 rata,
661 4497 719 4550 et
747 4510 816 4548 ex
847 4496 986 4548 tunc
1009 4509 1044 4546 a
1073 4489 1284 4546 szcculo
1315 4490 1490 4546 etiam
1521 4493 1580 4544 tu
1616 4507 1699 4546 es.

551 4584 624 4639 Et
652 4582 774 4638 haec
803 4585 892 4638 est
920 4579 1372 4636 commendatio.
1405 4577 1532 4634 Alia
1561 4595 1717 4651 pars.
1743 4579 1854 4634 Sed
1887 4577 2022 4634 licet
2045 4577 2128 4636 sic

482 4672 726 4727 fundata
757 4674 912 4727 esset
951 4668 1225 4736 Ecclesia,
1258 4673 1455 4724 tamen
1489 4692 1514 4717 «
1553 4667 1817 4734 flumina,
1855 4691 1880 4716 ιι
1913 4669 1969 4723 id
2016 4673 2124 4735 est,

481 4762 750 4832 potentes
778 4757 958 4829 hujus
989 4756 1204 4823 saeculi,
1237 4780 1262 4805 ‹‹
1299 4756 1666 4812 elevaverunt
1693 4780 1721 4805 «
1755 4774 1787 4813 o
1811 4781 1835 4807 ‹‹
1862 4757 2125 4824 Domine,

479 4847 851 4906 elevaverunt
880 4847 1126 4902 flumina
1154 4863 1352 4902 vocem
1385 4862 1574 4915 suam,
1605 4868 1630 4894 ››
1664 4845 1721 4902 id
1751 4849 1859 4914 est,
1882 4846 2125 4901 commi-

481 4937 779 4992 nationem
813 4952 981 4990 suam
1031 4938 1231 4989 contra
1281 4934 1440 4990 illam
1491 4939 1757 4990 sanctam
1807 4935 2126 4990 Ecclesiam

481 5030 667 5088 tuam,
690 5028 747 5081 et
766 5023 1285 5082 contradictionem
1307 5025 1664 5091 suam.Quod
1689 5023 1780 5080 bis
1801 5023 1942 5080 dicit
1959 5048 1986 5073 «
2013 5023 2124 5079 ele-

479 5120 780 5182 vaverunt,
818 5138 844 5165 »
877 5118 1040 5170 notat
1071 5114 1558 5186 perseverantiam
1609 5113 1870 5184 ipsorum
1921 5117 2127 5186 poten-

481 5204 630 5260 tium
663 5209 864 5260 contra
888 5203 1228 5261 Ecclesium.

555 5317 581 5343 ‹‹
617 5293 998 5351 Elevaverunt
1018 5317 1044 5342 ››
1063 5293 1239 5348 etiam
1263 5293 1390 5366 ipsa
1403 5317 1429 5343 ‹‹
1448 5291 2122 5360 ﬂuminaﬂuctussuos,»

484 5380 542 5436 id
573 5386 681 5447 est,
700 5383 1134 5454 persecutiones
1157 5399 1295 5438 suas
1311 5385 1369 5437 et
1385 5381 1747 5437 turbationes
1769 5397 1907 5436 suas
1929 5385 2132 5436 contra

482 5467 1103 5526 Ecclesiam.Flumina
1123 5470 1250 5526 dico
1273 5471 1562 5526 concitata
1596 5491 1618 5522 ι
1651 5485 1686 5524 a
1713 5469 1974 5536 vocibus,
2011 5492 2038 5519 ››
2071 5470 2130 5524 id

483 5559 596 5628 est,
627 5557 700 5616 ab
729 5559 1230 5617 admenitionibus
1261 5583 1290 5610 «
1324 5575 1610 5636 aquarum
1643 5558 1982 5630 multarum,
2017 5583 2044 5610 n
2070 5559 2129 5618 id

2158 4527 2204 4592 D

2235 3254 2420 3311 Deum
2447 3269 2562 3310 non
2593 3269 2796 3311 curare
2826 3253 2947 3309 haec
2973 3255 3226 3320 terrena,
3256 3267 3401 3308 cum
3444 3249 3666 3309 videant
3707 3263 3737 3302 a
3758 3259 3834 3299 su-

2236 3341 2434 3416 perbis
2452 3341 2682 3408 viduas,
2715 3339 2993 3414 pupillos,
3025 3343 3082 3397 et
3111 3339 3256 3397 alios
3291 3339 3562 3398 homines
3589 3335 3700 3405 Dei,
3719 3347 3833 3406 quo-

2235 3449 2368 3488 rum
2411 3429 2536 3504 ipse
2584 3429 2870 3488 Dominus
2916 3430 2977 3486 in
3026 3427 3152 3502 lege
3199 3432 3556 3502 praeceperat
3598 3419 3836 3490 misereri,

2236 3519 2441 3576 multis
2465 3520 2657 3575 modis
2676 3517 2868 3576 vexari
2887 3535 2900 3574 :
2919 3535 3048 3591 quae
3071 3522 3270 3574 tamen
3309 3518 3560 3576 tenebras
3597 3531 3702 3573 non
3717 3511 3840 3567 obte-

2238 3609 2504 3677 nebrant,
2515 3625 2699 3680 neque
2711 3608 3029 3664 obscurant
3041 3606 3365 3664 luminaria
3376 3609 3584 3662 sanctae
3595 3598 3837 3662 Ecclesia,

2235 3699 2376 3771 quia
2404 3697 2542 3754 boni
2572 3713 2875 3770 nunquam
2905 3695 3268 3752 inducuntur
3301 3696 3365 3752 in
3406 3695 3560 3751 hunc
3606 3701 3838 3750 errorem,

2235 3788 2392 3860 quod
2414 3787 2600 3844 Deum
2623 3789 2832 3858 putent
2853 3801 2968 3841 non
2992 3784 3306 3856 disponere
3337 3780 3692 3852 terrena,sed
3717 3773 3841 3834 male

2236 3875 2358 3932 hzec
2375 3875 2660 3950 patienter
2676 3873 2989 3943 sustinent,
3005 3871 3193 3930 securi
3209 3873 3280 3928 de
3304 3869 3774 3932 remuneratione;
3796 3864 3842 3916 et

2236 3981 2468 4038 semper
2495 3965 2692 4020 lucent
2707 3963 2858 4019 inter
2873 3961 3078 4030 malos,
3092 3962 3426 4034 praebentes
3446 3956 3698 4032 exempla
3710 3955 3842 4011 bona

2235 4052 2606 4128 operationis,
2631 4052 2802 4124 juxta
2829 4052 2985 4124 quod
3016 4051 3230 4108 dicitur
3262 4067 3276 4106 :
3315 4052 3380 4108 In
3413 4049 3600 4108 medio
3629 4039 3842 4103 nationis

2236 4160 2423 4218 pravae
2437 4145 2496 4200 et
2508 4158 2809 4216 perversae,
2827 4139 2981 4196 inter
2997 4157 3145 4212 quos
3162 4139 3402 4209 lucetis,
3415 4128 3844 4196 sicutluminaria

2237 4231 2295 4286 in
2329 4229 2570 4286 mundo.
2605 4227 2846 4285 Materia
2876 4232 3017 4285 sunt
3047 4227 3258 4296 sancti,
3291 4227 3558 4286 lucentes
3579 4219 3845 4298 splendore

2235 4318 2517 4376 virtutum
2547 4315 2700 4373 inter
2728 4314 2883 4372 mala
2911 4315 3091 4388 hujus
3119 4315 3282 4372 vitae:
3310 4321 3372 4373 et
3401 4331 3506 4388 per
3529 4309 3844 4386 oppositum,

2237 4407 2473 4480 superbi
2497 4405 2580 4461 illi
2609 4403 2730 4477 qui,
2745 4409 3162 4477 persequentes
3185 4421 3476 4478 pauperes
3489 4401 3667 4472 Dei,et
3687 4403 3845 4453 tamen

2238 4494 2548 4568 multiplici
2578 4493 2960 4566 prosperitate
2992 4493 3284 4562 ﬂorentes,
3319 4510 3502 4550 causa
3531 4491 3664 4548 sunt
3699 4495 3848 4559 quare

2237 4585 2418 4658 aliqui
2451 4585 2740 4640 ducantur
2771 4583 2828 4638 in
2861 4599 3140 4648 errorem,
3172 4586 3229 4638 et
3276 4585 3490 4654 putent
3536 4580 3710 4636 Deum
3754 4585 3845 4627 non

2237 4690 2441 4729 curare
2469 4673 2592 4728 haec
2635 4677 2882 4726 terrena.
2917 4671 2980 4726 In
3031 4671 3222 4742 prima
3263 4675 3450 4742 parte,
3485 4667 3732 4738 increpat
3768 4673 3846 4715 su-

2237 4763 2446 4835 perbos
2467 4760 2618 4828 illos,
2637 4764 2695 4815 et
2722 4759 3115 4816 comminatur
3134 4760 3218 4815 eis
3242 4763 3526 4815 aeternum
3565 4752 3846 4835 interitum.

2237 4831 2298 4906 In
2331 4850 2589 4906 secunda
2634 4853 2818 4922 parte,
2851 4866 2980 4920 qua:
3030 4847 3236 4921 incipit
3267 4865 3279 4904 :
3317 4870 3344 4898 «
3379 4843 3700 4916 Intelligite,
3730 4831 3847 4892 insi-

2235 4939 2460 5012 pientes
2493 4938 2550 4993 in
2585 4937 2819 5010 populo,
2859 4960 2886 4986 »
2915 4939 3190 4994 admonet
3219 4953 3514 5004 erroneos,
3546 4933 3643 5006 qui
3669 4927 3850 5004 putant

2237 5029 2420 5084 Deum
2442 5027 2564 5082 hinc
2587 5027 2887 5082 mundana
2916 5043 3030 5080 non
3081 5043 3306 5096 curare,
3331 5030 3396 5082 ut
3444 5020 3776 5093 intelligant,
3802 5013 3848 5067 et

2229 5118 2397 5190 justa
2425 5115 2808 5188 dispositione
2839 5114 2960 5170 haec
2991 5115 3189 5171 omnia
3219 5113 3478 5171 ordinari
3509 5103 3847 5183 cognoscant,

2239 5206 2498 5261 minatur
2527 5205 2704 5261 etiam
2737 5206 2821 5261 eis
2853 5205 3007 5277 quod
3032 5204 3384 5277 quandoque
3415 5201 3744 5275 arguantur,
3773 5191 3850 5245 b0-

2239 5311 2346 5350 nos
2377 5311 2508 5350 vero
2556 5293 2812 5350 ostendit
2843 5310 2877 5348 a
2924 5293 3039 5349 Deo
3085 5308 3386 5366 nunquam
3438 5282 3768 5356 derelinqui.
3797 5277 3848 5332 1n

2240 5383 2412 5440 tertia
2439 5387 2621 5456 parte,
2653 5399 2780 5454 quae
2813 5381 3018 5454 incipit
3049 5397 3062 5436 :
3097 5405 3126 5432 «
3160 5381 3301 5448 Quis
3331 5379 3638 5448 consurget
3655 5367 3803 5434 mihi,
3825 5385 3847 5410 υ

2239 5474 2602 5529 demonstrat
2633 5471 2785 5544 quod
2820 5470 2914 5525 hic
2935 5471 3090 5528 Deus
3119 5489 3258 5528 suos
3287 5470 3542 5543 adjuvat,
3559 5467 3614 5520 et
3643 5457 3848 5544 tandem

2239 5562 2416 5638 digne
2437 5541 2852 5634 remunerabit,
2881 5563 2940 5620 et
2968 5559 3140 5620 malis
3177 5541 3378 5622 reddet
3405 5551 3719 5618 secundum
3762 5541 3850 5602 ini-
