4018 6176
173 312 291 375 617

1352 308 1849 373 EXPLANATIO
1894 309 1973 371 IN
2014 310 2394 375 PSALMOS.

3455 316 3574 377 5i8

170 447 430 519 quitates
462 445 1010 518 ipsorum.lntentio
1040 450 1132 501 est
1160 462 1267 502 nos
1300 460 1593 501 removere
1623 444 1695 499 ab
1724 443 1823 498 illo
1852 451 1907 514 Α
1942 466 1963 495 ι
1999 445 2097 517 qui
2131 446 2298 501 docet
2327 445 2622 501 hominem
2673 444 3000 513 scientiam,
3038 468 3058 493 ιο
3096 443 3151 499 id
3185 449 3275 501 est
3304 444 3577 500 fidelibus

167 551 387 601 errore,
421 551 495 590 ne
523 538 800 606 putemus
830 533 1015 589 Deum
1046 551 1162 589 non
1190 550 1415 590 curare.

237 623 321 677 Ac
353 623 403 678 si
436 622 520 677 ita
548 622 767 678 diceret
797 621 1085 694 PrOpheta
1118 639 1130 677 :
1167 622 1355 678 Nolite
1404 625 1609 693 putare
1641 622 1823 675 Deum

166 713 290 768 haec
324 712 633 767 mundana
659 710 957 783 despicere
987 713 1043 765 et
1062 728 1176 764 non
1211 709 1823 782 disponere,quoniam

171 820 194 849 ι
222 802 377 857 Deus
410 800 702 854 ultionum
736 799 1057 854 Dominus»
1074 803 1272 869 est;et
1302 799 1431 853 ideo
1462 798 1509 853 si
1540 815 1675 853 eum
1710 815 1825 852 non

167 889 445 946 ordinare
475 889 706 955 dicatis,
744 889 947 960 puniet
977 906 1097 955 vos,
1134 889 1273 959 quia
1324 887 1445 959 ipse
1489 888 1828 942 dominatur

169 978 403 1046 ultioni,
439 994 544 1050 per
589 977 744 1049 quod
796 976 1064 1033 Christus
1116 976 1485 1048 intelligitur,
1517 975 1609 1030 cui
1655 991 1827 1029 omne

160 1067 461 1138 judicium
496 1066 699 1120 datum
731 1070 842 1135 est,
873 1070 930 1120 et
959 1066 1084 1138 ipse
1116 1065 1271 1120 idem
1305 1092 1329 1116 «
1352 1064 1505 1119 Deus
1535 1064 1825 1118 ultionum

169 1155 357 1211 libere
385 1153 560 1227 egit,»
583 1151 762 1209 veluti
794 1170 929 1209 cum
957 1153 1273 1208 vendentes
1302 1153 1373 1207 de
1398 1151 1615 1224 templo
1635 1151 1824 1222 ejecit,

167 1248 225 1300 et
252 1260 396 1299 cum
427 1243 487 1297 in
519 1243 680 1298 omni
711 1247 975 1316 tempore
1004 1244 1122 1298 sua}
1154 1240 1375 1297 militia:
1406 1241 1732 1296 immunem
1764 1256 1827 1295 se

167 1350 203 1387 a
229 1336 477 1405 peccato
509 1330 844 1388 custodivit.

238 1422 313 1476 Et
333 1419 679 1489 tu,Christe,
699 1420 799 1493 qui
821 1437 883 1476 es
907 1421 1060 1476 Deus
1082 1420 1395 1490 ultionum,
1421 1419 1520 1492 qui
1542 1417 1827 1474 humilem

170 1516 226 1567 te
245 1507 590 1577 ostendisti,
614 1530 641 1556 ιι
661 1507 936 1575 exaltare,
962 1537 986 1562 ιι
1011 1526 1116 1582 per
1145 1508 1650 1574 resurrectionem,
1675 1532 1703 1563 «
1728 1506 1829 1579 qui

161 1597 406 1671 judieas
430 1601 670 1665 terram,
694 1623 720 1649 ι
754 1598 813 1652 id
838 1603 949 1670 est,
981 1598 1285 1654 universos
1316 1598 1386 1654 de
1417 1601 1540 1653 tota
1569 1601 1739 1666 terra,
1775 1600 1832 1650 et

174 1712 203 1740 ι(
234 1687 418 1743 redde
448 1685 896 1743 retributionem
928 1686 1218 1758 superbis.
1255 1714 1278 1738 υ

244 1776 317 1832 Et
347 1775 829 1848 quandoquidem
863 1774 1113 1848 superbe
1143 1773 1829 1847 agunt,«usquequo,Do-

176 1866 358 1932 mine,
395 1868 749 1937 peccatores,
784 1880 1094 1936 usquequo
1125 1868 1458 1935 peccatores
1487 1862 1830 1935 gloriabun-

175 1962 272 2012 tur
291 1955 323 2010 ?
347 1978 374 2001 ιι
407 1954 468 2009 id
496 1957 609 2022 est,
640 1952 934 2025 permittis
963 1969 1063 2010 eos
1080 1953 1165 2008 de‘
1183 1952 1406 2008 malitia
1436 1969 1543 2007 sua
1570 1951 1826 2023 gloriari.

171 2045 398 2101 Contra
423 2043 616 2115 ipsam
646 2044 917 2097 naturam
947 2041 1175 2097 videtur
1223 2057 1371 2108 esse,
1402 2040 1557 2112 quod
1588 2044 1646 2096 et
1677 2039 1832 2095 mala

170 2133 428 2198 faciunt,
456 2135 516 2187 et
542 2129 678 2185 inde
714 2128 1080 2202 gloriantur;
1115 2129 1379 2185 naturale
1422 2129 1577 2184 enim
1625 2133 1715 2183 est
1760 2128 1832 2183 de

171 2221 355 2278 malis
384 2218 895 2292 compungi.Quod
914 2218 1614 2292 ingeminat,«usquequo
1639 2233 1834 2290 pecca-

166 2318 354 2379 tores,
392 2338 415 2360 η
448 2311 613 2365 notat
641 2307 1043 2364 assicuitatem
1075 2305 1312 2362 malitia:
1334 2307 1619 2379 ipsorum.

240 2401 399 2455 Bene
449 2398 578 2453 dico
629 2414 730 2453 eos
778 2401 1134 2469 peccatores,
1169 2394 1309 2468 quia
1358 2396 1467 2467 ipsi
1503 2399 1834 2469 peccatores

171 2512 201 2539 α
233 2488 576 2544 eii‘abuntur
607 2509 634 2535 ››
666 2486 726 2540 in
758 2486 1089 2553 manifesto,
1124 2507 1149 2531 (ι
1180 2490 1237 2540 et
1277 2484 1594 2557 loquentur
1625 2504 1648 2529 ι»
1683 2485 1834 2540 inter

172 2577 503 2634 familiares
538 2573 987 2646 «iniquitatem,
1022 2601 1049 2632 ι
1081 2575 1181 2629 sed
1218 2592 1240 2617 α
1274 2573 1588 2645 loquentur
1629 2590 1833 2629 omnes

173 2666 283 2740 qui
317 2669 642 2739 operantur
672 2663 1044 2735 injustitiam.
1073 2683 1101 2715 ιι

255 2754 556 2828 Supponit
602 2770 780 2827 quam
829 2753 1205 2825 injustitiam,
1237 2754 1458 2821 dicens,
1497 2773 1519 2801 ι
1554 2752 1835 2825 populum

177 2851 380 2911 tuum,
431 2841 694 2910 Domine,
746 2841 1206 2898 humiliaverunt
1237 2864 1265 2892 »
1297 2842 1690 2910 contumeliis,
1723 2866 1749 2891 ‹‹
1780 2844 1837 2896 et

182 2932 596 2990 hereditatem
624 2935 790 2987 tuam
819 2936 1188 2989 vexaverunt.
1219 2951 1248 2985 ι

259 3047 287 3072 ‹‹
313 3021 574 3077 Viduam
603 3024 662 3077 et
704 3021 988 3076 advenam
1032 3021 1465 3090 interfecerunt,
1497 3024 1555 3075 et
1582 3018 1840 3092 pupillos

182 3112 554 3167 occiderunt.
591 3132 619 3160 »
650 3111 908 3176 Quorum
961 3109 1225 3165 omnium
1276 3110 1337 3166 in
1384 3109 1511 3182 lege
1558 3108 1839 3165 Dominus

184 3202 547 3273 praeeperat
576 3198 870 3268 misereri;
902 3197 989 3254 vel
1019 3198 1256 3255 viduam
1274 3202 1331 3255 et
1347 3199 1631 3253 advenam
1660 3196 1837 3252 inter-
1869 3187 1913 3253 C

184 3291 543 3355 fecerunt,et
561 3286 1201 3360 pupillum,possumus
1221 3285 1481 3358 accipere
1511 3285 1836 3359 allegorice.

256 3381 332 3436 Et
351 3395 495 3435 cum
516 3378 640 3433 haec
670 3377 947 3445 facerent,
977 3399 998 3427 ι
1024 3376 1325 3433 dixerunt:
1345 3376 1471 3432 Non
1491 3375 1710 3431 videbit
1737 3375 1844 3431 Do-

184 3469 449 3536 minus,»
475 3467 537 3523 id
566 3466 970 3536 est,Dominus
1000 3482 1202 3522 eorum
1232 3482 1348 3521 non
1375 3465 1669 3533 attendet;
1701 3467 1760 3520 et
1790 3464 1840 3519 si

181 3558 367 3614 etiam
390 3556 677 3624 viderit,"
706 3571 820 3611 non
855 3553 1163 3627 intelliget,
1190 3576 1218 3603 »
1244 3554 1302 3609 id
1334 3556 1442 3621 est,
1467 3570 1582 3609 non
1613 3552 1843 3608 curabit

182 3672 213 3697 «ι
231 3647 395 3702 Deus
408 3644 595 3702 Jacob
610 3666 638 3694 »
656 3645 728 3700 de
743 3643 876 3701 istis
892 3643 1192 3716 pannosis,
1214 3642 1272 3697 id
1290 3646 1400 3707 est,
1427 3642 1841 3710 ﬁdelibus,non

182 3736 343 3810 quod
370 3734 488 3808 ipsi
510 3732 677 3807 impii
697 3736 904 3789 vocent
917 3748 1052 3787 eum
1076 3732 1389 3801 Deum,sed
1411 3731 1521 3787 hoc
1551 3730 1694 3786 dicit
1716 3732 1843 3785 Pro-

187 3824 371 3899 pheta
396 3840 473 3880 ex
502 3839 585 3880 se.

260 3938 283 3964 ι
322 3911 695 3985 Ιιιιειιὶεἰιθ.ι
734 3911 873 3967 Pars
902 3910 1581 3967 secunda.Continuatio.
1603 3908 1717 3982 Ipsi
1748 3910 1840 3965 di-

185 4007 359 4059 cunt:
379 4027 407 4052 ‹‹
428 4001 716 4059 Dominus
740 4017 854 4057 non
874 4000 1155 4068 videbit,»
1175 4005 1233 4056 et
1261 4000 1372 4056 hoc
1398 4004 1548 4068 est,o
1577 4016 1678 4056 vos
1699 4022 1726 4049 ‹‹
1753 4000 1839 4054 in-

184 4093 476 4167 sipientes
504 4090 566 4146 in
595 4089 864 4164 populo,»
902 4090 959 4145 id
993 4093 1100 4158 est,
1132 4106 1235 4144 vos
1267 4089 1369 4161 qui
1400 4088 1621 4146 docetis
1651 4105 1840 4161 popu-

184 4182 310 4238 lum
332 4180 694 4254 sapientiam
717 4179 1009 4247 mundi,et
1028 4182 1223 4235 tamen
1245 4179 1457 4236 caretis
1475 4195 1610 4235 vera
1620 4178 1844 4251 sapien-

184 4272 292 4339 tia,
320 4269 425 4343 qui
464 4269 732 4326 videntes
778 4268 1062 4342 superbos
1109 4268 1311 4325 ﬂorere
1341 4272 1398 4324 et
1428 4267 1709 4340 populum
1741 4266 1842 4323 Dei

185 4357 704 4434 aﬂligere,putatis
732 4358 918 4414 Deum
941 4381 967 4408 «
986 4357 1104 4413 haac
1122 4380 1149 4407 »
1170 4358 1473 4413 mundana
1496 4374 1609 4413 non
1641 4356 1843 4429 dispo-

186 4464 345 4517 nere,
381 4471 410 4497 α
446 4445 758 4520 intelligite
812 4451 869 4503 et
901 4469 927 4496 »
985 4463 1108 4516 vos,
1147 4466 1175 4499 α
1200 4445 1388 4515 stulti,
1420 4466 1447 4498 ιο
1500 4445 1621 4517 qui,
1656 4462 1843 4517 neque

1860 1819 1907 1884 B

1934 532 2058 587 suis
2088 534 2186 588 dat
2213 551 2407 589 veram
2441 533 2852 605 cognitionem,
2887 549 3079 589 nonne
3110 532 3298 589 malos
3329 533 3581 605 arguet?

1932 621 2161 693 Vel,qni
2185 621 2422 693 corripit
2447 621 2733 692 gentes,id
2759 621 3159 694 est,populum
3185 622 3438 689 suum,si
3462 638 3578 677 non

1934 710 2119 781 parcit
2150 710 2283 766 filiis
2315 712 2385 765 ad
2419 711 2854 778 correctionem,
2890 727 3083 767 nonne
3112 709 3456 783 gravissime
3486 728 3578 765 ar-

1934 800 2071 869 guet
2109 796 2333 853 malos?
2362 799 2431 852 Et
2464 797 2559 853 ille
2589 798 2690 869 qui
2720 799 2888 853 docet
2916 797 3215 853 hominem
3248 798 3576 867 scientiam,

1936 884 2200 956 nunquid
2225 885 2513 955 ignorabit
2544 892 2779 958 peccata
2810 887 3047 941 nostra?
3068 887 3182 941 Vos
3210 888 3429 958 putatis
3444 905 3578 944 eum

1935 973 2203 1043 ignorare
2233 979 2489 1046 peccata,
2509 977 2606 1030 sed
2641 980 2794 1030 certe
2831 998 2851 1023 α
2886 976 3170 1030 Dominus
3202 976 3312 1031 scit
3342 1000 3369 1025 »
3399 978 3577 1033 etiam

1934 1062 2368 1119 minutissimas
2396 1083 2422 1116 ι
2440 1062 2820 1136 cogitationes
2852 1064 3216 1134 hominum,»
3240 1069 3297 1121 et
3314 1066 3423 1122 hoc
3445 1068 3575 1137 scit,

1941 1170 1963 1200 ι
1998 1151 2277 1223 quoniam
2305 1169 2462 1207 vana:
2495 1156 2651 1208 sunt.
2690 1175 2718 1202 »

2002 1239 2396 1313 Cogitationes
2418 1245 2618 1297 vestro:
2640 1258 2797 1297 vana:
2828 1246 2986 1311 sunt,
3020 1244 3119 1299 sed
3151 1248 3325 1313 certe,
3353 1262 3385 1299 ο
3420 1266 3447 1296 ‹‹
3482 1246 3584 1302 Do-

1937 1327 2115 1396 mine,
2134 1329 2340 1385 beatus
2365 1352 2391 1377 »
2420 1334 2510 1385 cst
2536 1329 2633 1385 ille
2662 1355 2687 1379 ‹‹
2715 1330 2911 1399 homo,
2936 1348 3110 1403 quem
3138 1338 3201 1388 tu
3233 1333 3518 1389 crudieris
3550 1356 3578 1383 »

1933 1416 2097 1489 virga
2126 1417 2407 1485 tua,sicut
2431 1418 2564 1490 pius
2596 1419 2877 1491 magister
2906 1420 3316 1493 discipulum,«
3335 1427 3579 1478 etcum»

1938 1523 2111 1579 quem
2150 1510 2213 1561 tu
2246 1530 2273 1555 ‹‹
2306 1507 2575 1563 docueris
2628 1509 2698 1563 de
2750 1508 2877 1581 lege
2927 1513 3050 1580 tua,
3082 1530 3108 1562 η
3147 1510 3383 1566 beatum
3432 1512 3581 1583 dico,

1938 1597 2132 1651 dando
2162 1596 2212 1651 ei
2246 1597 2604 1652 intellectum
2633 1598 2841 1653 divina:
2873 1600 3208 1671 Scriptum.

2008 1686 2093 1740 Ad
2116 1684 2225 1740 hoc
2247 1686 2376 1741 dico
2410 1708 2436 1735 ‹‹
2462 1686 2788 1755 docueris,»
2824 1711 2845 1738 α
2880 1693 2945 1743 ut
2976 1688 3210 1761 mitiges
3239 1691 3351 1759 ei,»
3383 1691 3440 1745 id
3472 1694 3580 1758 est,

1940 1776 2003 1827 ut
2025 1774 2453 1845 mitigationem
2485 1780 2540 1829 et
2570 1775 2908 1848 patientiam
2938 1777 2989 1833 ei
3026 1778 3227 1844 facias,
3249 1779 3387 1852 quia
3418 1779 3587 1836 aliter

1940 1881 2056 1919 non
2082 1863 2295 1918 valebit
2324 1864 2570 1920 scientia
2599 1864 3052 1937 Scripturarum,
3075 1867 3185 1923 nisi
3219 1867 3279 1922 in
3311 1869 3395 1924 eis
3426 1868 3586 1924 addi-

1941 1958 2065 2009 scat
2092 1970 2220 2009 esse
2242 1954 2490 2026 patiens,
2514 1955 2564 2011 ei
2599 1955 2729 2010 dico
2750 1972 2949 2027 presso
2978 1980 3003 2005 ‹‹
3030 1974 3063 2012 a
3093 1956 3298 2013 diebus
3328 1958 3523 2025 malis,
3552 1979 3580 2011 ι

1940 2042 1997 2098 id
2017 2048 2166 2112 est,a
2187 2042 2666 2100 tribulationibus
2696 2062 2822 2117 qua:
2851 2044 2910 2100 in
2942 2045 3071 2101 istis
3102 2045 3311 2103 diebus
3333 2047 3589 2104 inferun-

1940 2135 2037 2187 tur
2064 2151 2077 2201 ;
2116 2131 2397 2205 «mitiges
2416 2156 2445 2181 »
2476 2133 2626 2202 dico,
2656 2155 2676 2184 ι
2703 2134 2885 2189 donec
2918 2134 3174 2190 fodiatur
3200 2136 3487 2208 peccatori
3510 2137 3589 2194 fo-

1940 2239 2044 2277 vea
2061 2240 2073 2291 ;
2093 2244 2118 2270 »
2138 2223 2207 2277 ad
2230 2221 2509 2288 litteram,
2534 2222 2758 2278 scilicet
2787 2240 3096 2295 quousque
3126 2228 3397 2280 mortuus
3418 2242 3588 2298 sepe-

1941 2310 2413 2377 liatur.Quandiu
2444 2310 2599 2367 enim
2630 2312 2912 2379 vivit,non
2947 2317 3137 2367 cessat
3168 2312 3323 2368 mala
3352 2314 3583 2373 inferre.

1944 2399 2067 2465 Vel,
2100 2400 2355 2455 fodiatur
2398 2401 2683 2471 peccatori
2716 2400 2896 2469 fovea,
2928 2400 2985 2456 id
3017 2405 3123 2469 est,
3158 2403 3341 2458 donec
3371 2420 3588 2460 consu-

1946 2493 2141 2542 matur
2162 2488 2423 2559 nequitia
2443 2489 2606 2559 ejus:
2632 2488 2690 2544 in
2726 2506 2902 2561 quam
2936 2506 3087 2561 szrpe
3112 2490 3315 2545 incidit
3341 2491 3589 2566 foveam,

1944 2577 2083 2647 quia
2106 2594 2207 2648 per
2228 2594 2397 2631 suam
2420 2577 2871 2649 nequitiam,per
2890 2595 3067 2650 quam
3082 2578 3586 2650 malainfertaliis,

1945 2664 2024 2719 sei
2034 2681 2203 2735 psum
2237 2664 2532 2737 illaqueat.

2016 2753 2160 2808 Vere
2188 2754 2393 2808 beatus
2420 2770 2593 2826 quem
2625 2760 2688 2809 tu
2720 2755 3058 2823 erudieris,«
3078 2755 3215 2828 quia
3248 2756 3527 2814 Dominus
3557 2775 3592 2814 a

1946 2859 2009 2897 se
2032 2859 2145 2895 non
2170 2840 2408 2912 repellet
2428 2841 2656 2914 plebem
2680 2860 2900 2909 suam,»
2931 2845 3030 2899 sed
3056 2844 3250 2917 potius
3272 2846 3331 2900 in
3363 2846 3593 2920 angelo-

1947 2948 2077 2986 rum
2113 2930 2449 2986 societatem
2476 2932 2748 3004 recipiet:
2786 2934 3002 2991 «etiam
3032 2934 3092 2989 in
3125 2935 3235 2991 hac
3264 2936 3380 2992 vita
3408 2937 3587 2994 haere-

1948 3021 2189 3074 ditatem
2220 3037 2392 3075 suam
2413 3037 2528 3075 non
2551 3020 2971 3094 derelinquet,»
2992 3024 3270 3095 quoniam
3294 3042 3526 3099 semper
3539 3026 3592 3083 ei

1946 3126 2050 3182 pro
2082 3126 2190 3164 sua
2220 3109 2567 3166 necessitate
2596 3109 2654 3165 in
2678 3109 3159 3168 tribulationibus
3188 3114 3447 3171 assistat.

2021 3218 2048 3245 ‹‹
2072 3196 2197 3250 Non
2228 3196 2591 3268 derelinquat
2611 3218 2638 3247 »
2670 3197 2820 3267 dico,
2846 3222 2873 3247 «
2897 3200 3282 3273 quoadusque
3305 3203 3543 3274 justitia
3563 3226 3589 3252 »

1951 3301 2215 3353 suorum,
2239 3302 2365 3356 qua:
2396 3284 2455 3341 in
2488 3284 2595 3340 hac
2625 3286 2745 3342 vita
2776 3287 2886 3344 fuit
2914 3289 3277 3360 conculcata,
3301 3314 3329 3341 ‹‹
3353 3308 3590 3349 conver-

1949 3377 2109 3428 tatur
2124 3374 2182 3428 in
2187 3375 2212 3445 j
2221 3374 2566 3443 udicium,id
2579 3379 3001 3449 est,quousque
3018 3377 3127 3451 ipsi
3133 3379 3405 3451 judicent
3421 3381 3589 3438 alios.

1950 3462 2038 3530 Et,
2072 3479 2144 3516 ne
2175 3478 2393 3534 paucos
2422 3462 2887 3535 intelligeremus
2916 3483 3015 3522 eos
3065 3484 3315 3540 quorum
3358 3470 3595 3540 justitia

1950 3556 2319 3607 convertetur
2337 3551 2397 3606 in
2411 3551 2724 3623 judicium,
2749 3554 2912 3622 dicit,
2930 3578 2957 3605 «
2971 3559 3028 3611 et
3046 3555 3145 3627 qui
3158 3557 3329 3627 juxta
3355 3556 3535 3625 illam,
3560 3579 3588 3607 »

1950 3641 2007 3694 id
2030 3639 2247 3711 est,qui
2270 3644 2410 3695 sunt
2429 3640 2738 3714 participes
2751 3643 3148 3714 justitizn.Alia
3169 3643 3473 3699 translatio
3494 3645 3595 3699 ha-

1951 3729 2065 3797 bet,
2096 3752 2123 3778 ‹‹
2150 3729 2249 3801 qui
2280 3733 2437 3784 tenet
2466 3729 2683 3799 illam,»
2707 3755 2733 3779 ‹‹
2759 3748 2963 3786 omnes
2986 3754 3012 3781 »
3039 3730 3261 3786 scilicet
3289 3755 3310 3782 α
3328 3732 3428 3801 qui
3452 3736 3592 3788 sunt

1951 3818 2091 3874 recti
2121 3819 2312 3873 corde.

2023 3932 2050 3959 «
2085 3907 2225 3974 Quis
2253 3912 2622 3980 consurget.»
2656 3908 2794 3962 Pars
2826 3907 3018 3964 tertia.
3051 3907 3591 3966 Continuatio.Dico

1950 3999 2105 4070 quod
2140 3998 2418 4053 Dominus
2449 3996 2676 4069 plebem
2710 4013 2877 4053 suam
2908 4014 3023 4053 non
3057 3996 3593 4070 derelinquet.Quis

1949 4105 2086 4161 ergo
2116 4087 2225 4143 erit
2256 4103 2422 4142 meus
2452 4086 2743 4155 defensor,
2773 4089 2830 4141 et
2861 4103 3027 4143 meus
3075 4087 3355 4160 adjutor?
3384 4088 3593 4145 Nullus

1949 4178 2242 4250 equidem,
2278 4175 2389 4232 nisi
2423 4176 2616 4243 Deus;
2649 4178 2707 4231 et
2735 4174 2844 4232 hoc
2874 4180 2964 4232 est
2995 4193 3008 4231 :
3040 4201 3067 4227 ‹‹
3101 4176 3243 4244 Quis
3273 4181 3589 4252 consurget

1952 4265 2096 4321 mihi
2120 4266 2399 4323 adversus
2426 4264 2868 4337 malignantes,»
2894 4264 2952 4320 id
2982 4266 3169 4333 est,ad
3194 4259 3392 4323 meum
3423 4284 3593 4340 opus,

1954 4360 2017 4412 ut
2046 4372 2138 4411 me
2169 4354 2442 4411 defendat
2472 4371 2505 4409 a
2535 4352 2748 4410 malis?
2778 4377 2805 4403 ‹‹
2827 4358 2929 4410 aut
2956 4354 3091 4427 quis
3119 4355 3299 4411 stabit
3329 4372 3595 4411 mecum»

1953 4445 2282 4517 adjuvando
2322 4447 2786 4515 perseverantem
2818 4442 2878 4498 in
2910 4444 3225 4498 certamine
3256 4466 3282 4493 ‹‹
3316 4444 3596 4499 adversus

184 4538 247 4592 in
270 4538 501 4594 mundo
530 4535 825 4608 sapientes
854 4536 1017 4605 estis,
1037 4552 1224 4607 neque
1253 4536 1436 4591 Deum
1460 4535 1721 4607 judicem
1752 4536 1840 4591 fu-
1874 4555 1921 4619 Ι)
1951 4538 2256 4607 operantes
2287 4532 2700 4604 iniquitatem?
2721 4555 2740 4581 ι
2763 4531 2981 4587 scilicet
2998 4531 3096 4602 qui
3126 4530 3269 4585 mihi
3291 4532 3598 4587 conferunt

186 4632 393 4684 turum
425 4624 751 4693 attenditis,
785 4648 812 4675 ‹‹
846 4624 1180 4697 aliquando,
1202 4648 1227 4674 »
1254 4624 1474 4680 scilicet
1501 4625 1643 4679 visis
1676 4625 1847 4680 mira-

182 4717 361 4786 culis,
415 4713 630 4772 saltem
663 4738 689 4762 α
724 4713 909 4787 sapite
944 4737 971 4763 »
1000 4715 1183 4771 Deum
1234 4715 1355 4769 hazc
1402 4713 1600 4770 omnia
1646 4715 1841 4786 dispo-

184 4821 348 4861 nere.

256 4895 415 4950 Bene
433 4892 660 4949 debetis
683 4909 886 4965 sapere
919 4892 1101 4948 Deum
1132 4893 1253 4948 haec
1284 4892 1481 4948 omnia
1512 4893 1839 4965 disponere,

180 5000 325 5039 nam
358 4981 541 5039 dicite
575 4983 748 5038 modo
782 4998 794 5037 :
834 5002 860 5030 «
894 4983 997 5047 Qui
1034 4980 1318 5053 plantavit
1351 4998 1574 5049 aurem,
1613 5006 1638 5029 η
1670 4981 1727 5036 id
1756 4986 1846 5037 est

179 5074 289 5145 qui
313 5072 486 5128 dedit
507 5070 731 5127 homini
758 5070 1092 5127 facultatem
1118 5071 1413 5142 audiendi,
1438 5093 1465 5120 «
1484 5089 1651 5141 non,»
1681 5072 1733 5126 id
1758 5076 1845 5127 est

181 5178 406 5231 nonne,
446 5184 469 5209 ι
497 5159 781 5216 audiet?»
806 5159 1018 5215 Audiet
1050 5161 1270 5231 utique,
1308 5160 1361 5214 id
1397 5165 1505 5228 est,
1541 5160 1842 5233 intelliget.

179 5275 209 5299 ‹‹
236 5253 357 5307 Aut
379 5248 483 5322 qui
515 5248 685 5304 ﬁnxit
703 5249 963 5317 oculum,
992 5272 1018 5297 »
1038 5248 1097 5304 id
1123 5253 1229 5319 est,
1260 5249 1359 5321 qui
1386 5248 1736 5305 ministravit
1766 5249 1845 5304 vi-

178 5357 351 5408 sum,
379 5359 408 5393 α
430 5356 550 5394 non
577 5337 911 5395 considerat
935 5361 962 5387 »
988 5337 1344 5406 interiorem,
1368 5338 1469 5393 sed
1502 5338 1846 5393 exteriorem

175 5427 431 5485 oculum
452 5426 481 5481 ‘I
512 5427 710 5483 Faciet
740 5426 963 5499 utique.

260 5517 336 5572 Et
358 5515 460 5572 ille
487 5538 508 5567 ι
535 5514 634 5588 qui
655 5514 895 5588 corripit
915 5522 1115 5588 gentes
1140 5538 1161 5563 ι»
1190 5513 1434 5587 flagellis
1456 5512 1641 5582 suis,«
1658 5530 1848 5569 nonne

174 5611 400 5685 arguet
430 5628 452 5655 ι
480 5604 695 5680 impios
725 5605 797 5664 de
826 5605 1081 5681 peccatis
1113 5603 1282 5662 suis?
1313 5604 1507 5662 Faciet
1532 5602 1753 5681 utique.
1780 5604 1850 5663 Et

1955 4622 2128 4689 mala,
2149 4626 2215 4677 ut
2245 4638 2337 4675 me
2366 4620 2582 4675 faciant
2612 4620 2899 4691 patienter
2929 4619 3217 4676 sustinere
3248 4619 3597 4692 persecutio-

1952 4728 2057 4767 nes
2080 4726 2303 4766 eorum.

2024 4801 2161 4855 Dico
2200 4820 2221 4848 α
2256 4799 2388 4871 quis
2420 4798 2596 4853 stabit
2623 4814 2873 4869 mecum,
2900 4817 2925 4849 ιι
2965 4802 3022 4854 et
3048 4802 3245 4854 tamen
3276 4800 3345 4855 de
3376 4798 3598 4855 viribus

1954 4889 2101 4944 meis
2134 4905 2247 4942 non
2281 4904 2591 4959 przesumo,
2625 4889 2723 4943 sed
2755 4887 2815 4942 in
2877 4888 3124 4944 Domino
3183 4889 3431 4958 conﬁcio,
3460 4903 3595 4941 nam

1959 5001 1979 5027 α
2017 4976 2129 5032 nisi
2161 4976 2300 5048 quia
2328 4976 2613 5031 Dominus
2648 4976 2871 5048 adjuvit
2896 4995 3007 5045 me,
3043 4977 3214 5050 paulo
3245 4977 3498 5041 minus,»
3537 4974 3594 5028 id

1953 5072 2060 5131 est,
2086 5083 2291 5137 parum
2323 5064 2531 5135 abfuit,
2558 5067 2699 5137 quin
2741 5086 2761 5113 α
2795 5066 3120 5122 habitasset
3151 5066 3347 5121 anima
3377 5080 3506 5117 mea
3536 5062 3595 5116 in

1955 5156 2235 5223 inferno,»
2266 5155 2323 5210 id
2345 5155 2518 5222 cst,in
2542 5156 2934 5227 profunditatc
2954 5151 3475 5218 vitiorum,scilicet
3498 5167 3600 5221 pu-

1958 5250 2173 5302 tassem
2208 5246 2363 5317 quod
2399 5247 2546 5302 Deus
2575 5262 2686 5298 non
2719 5246 2947 5298 curaret
2978 5242 3235 5297 animam
3268 5256 3477 5296 meam.

2033 5335 2185 5402 Dico,
2213 5333 2325 5389 nisi
2349 5334 2632 5388 Dominus
2664 5330 3004 5402 adjuvisset,
3029 5330 3227 5385 anima
3259 5347 3389 5385 mea
3418 5330 3476 5384 in
3509 5328 3597 5384 in-

1958 5424 2119 5480 ferno
2137 5423 2584 5488 habitasset,sed
2610 5424 2780 5477 curte
2792 5418 3077 5474 Dominus
3100 5419 3359 5493 adjuvit?
3372 5418 3599 5492 quiausi

1958 5514 2221 5569 dicebam
2256 5534 2284 5561 »
2316 5526 2418 5583 per
2447 5508 2873 5565 confessionem
2906 5509 3238 5566 accusando
3270 5525 3363 5565 me
3385 5510 3455 5566 de
3476 5526 3602 5583 pec-

1959 5604 2124 5679 catis,
2160 5626 2187 5653 ‹‹
2222 5603 2416 5659 motus
2448 5602 2537 5656 est
2567 5615 2668 5675 pes
2700 5614 2925 5678 meus,»
2957 5598 3014 5655 id
3046 5603 3135 5657 est
3164 5600 3389 5660 affectio
3412 5617 3542 5659 mea
3568 5617 3602 5661 8.
3654 5681 3663 5686 ν
