4018 6176
226 290 364 349 ,ὺ21

1433 296 1939 358 EXPLANATIO
1984 297 2063 357 IN
2109 301 2486 393 PSALMOS.

3548 321 3665 380 522

320 420 464 519 Dico
494 420 638 493 quia
665 422 808 478 estis
834 424 1090 495 populus
1108 413 1177 479 ἐι
1202 442 1358 491 oves,
1390 426 1497 481 hac
1547 426 1903 493 conditione,
1935 429 1987 494 Α
2017 446 2250 503 novum,
2279 457 2306 482 ››
2339 435 2397 490 id
2432 441 2539 505 est,
2564 436 2801 496 laudate
2829 457 2962 497 cum
2994 460 3191 502 amere
3224 446 3484 519 iustitia},
3504 448 3666 504 εείιί-

247 530 277 558 ιι
308 507 360 564 si
391 508 700 566 audieritis
727 527 925 566 vocem
960 511 1121 583 ejus»
1138 514 1234 585 qui
1270 514 1432 586 prius
1462 513 1693 570 locutus
1722 515 1903 586 patri-

240 595 357 652 bus
390 596 452 652 in
484 597 806 670 prophetis,
840 622 866 648 ‹‹
903 599 1097 669 hodie,
1136 624 1162 651 »
1196 601 1253 656 id
1285 607 1373 658 est
1402 601 1462 656 in
1493 603 1601 658 hoc
1643 608 1902 674 tempore
2010 623 2115 661 nec
2148 609 2275 665 dico
2307 610 2449 667 solis
2477 613 2716 683 Judaeis,
2753 618 2851 672 sed
2890 640 2917 668 ‹‹
2949 595 3198 689 cantate,
3223 622 3416 680 omnis
3447 595 3662 694 terrm»;

236 685 714 758 gratiae,quando
745 688 912 743 nobis
934 687 1193 761 loquitur
1217 708 1318 762 per
1340 691 1638 763 proprium
1665 692 1896 747 Filium.

218 773 409 850 _Unde
437 775 754 847 Apostolus
788 793 801 831 :
838 799 865 826 ‹‹
902 777 1170 843 Quandiu
1194 779 1365 836 hodie
1390 781 1729 835 nominatur
1750 781 1901 836 inter

236 862 381 918 vos?
416 885 444 913 ››
476 863 616 920 Dico
647 868 705 921 et
732 881 933 921 vocem
959 866 1089 937 ejus
1120 867 1446 933 audieritis,
1488 872 1629 923 tunc
1676 868 1899 925 scilicet

241 975 269 1002 ιι
299 950 486 1008 nolite
514 953 806 1010 obdurare
837 954 1012 1010 corda
1041 959 1252 1010 vestra.
1286 980 1313 1007 ››
1338 956 1439 1012 Vel
1471 957 1554 1012 ita
1585 974 1598 1011 :
1633 959 1898 1024 Quando-

238 1040 488 1112 quidem
519 1058 622 1097 vos
653 1042 796 1098 estis
824 1042 1079 1115 populus
1107 1060 1339 1114 pascuae
1391 1049 1447 1099 et
1495 1062 1631 1101 oves
1682 1062 1895 1102 manus

233 1132 537 1203 ejus,ergo
566 1154 595 1181 «
632 1131 680 1186 si
712 1148 912 1188 vocem
946 1133 1075 1204 ejus
1106 1133 1608 1201 audieritis,hodie
1643 1158 1670 1184 ››
1698 1141 1763 1191 ut
1793 1154 1890 1192 su-

228 1235 363 1290 pra,
389 1242 417 1269 «
454 1218 636 1275 nolite
666 1220 954 1276 obdurare
982 1222 1158 1276 corda
1186 1227 1398 1277 vestra.
1434 1243 1462 1271 ››

302 1307 451 1362 Pars
478 1308 793 1364 secunda.«
811 1308 997 1364 Nolite
1029 1311 1373 1379 obdurare,»
1389 1311 1543 1366 sicut
1572 1312 1888 1367 obdurave—

230 1401 394 1465 runt,
425 1401 620 1468 patres
644 1397 845 1465 vestri,
877 1402 935 1453 et
965 1398 1072 1454 hoc
1103 1404 1258 1468 est,«
1294 1398 1445 1455 sicut
1477 1401 1534 1453 in
1567 1399 1888 1456 irritatione

224 1487 560 1541 secundum
594 1485 748 1542 diem
781 1486 1123 1542 tentationis
1154 1510 1181 1537 ››
1216 1489 1378 1543 factm
1400 1511 1425 1538 ‹‹
1446 1488 1502 1542 in
1534 1489 1885 1556 deserto,»id

214 1578 315 1631 est
336 1573 521 1631 nolite
539 1573 704 1647 sequi
723 1573 879 1629 diem
897 1575 1331 1643 tentationis,ut
1352 1576 1616 1632 Deumin
1634 1578 1886 1648 deserto,

225 1688 253 1716 α
290 1664 396 1720 ubi
426 1666 800 1721 tentaverunt
830 1681 923 1721 me
952 1670 1148 1738 patres
1177 1665 1691 1733 vestri,»cordibus
1712 1667 1884 1722 dubi-

226 1757 427 1809 tantes
447 1753 519 1809 de
535 1752 802 1826 potentia
832 1758 1046 1821 mea,et
1068 1759 1206 1811 tunc
1229 1756 1621 1827 probaverunt
1642 1773 1736 1811 me
1755 1772 1882 1812 esse

222 1843 438 1913 Deum,
474 1846 532 1900 et
561 1842 701 1915 quia
734 1864 761 1895 ι(
793 1843 1186 1916 probaverunt
1213 1848 1272 1900 et
1300 1845 1591 1909 viderunt,
1628 1868 1655 1893 ››
1682 1844 1882 1900 audie-

225 1936 366 1987 runt
401 1956 422 1981 ι
456 1947 634 2005 opera
665 1947 816 1999 mea,
844 1955 866 1981 ι
904 1931 961 1986 id
993 1936 1101 2001 est,
1137 1949 1352 1988 manna
1384 1932 1505 2006 plui
1538 1932 1739 2003 illis,et
1769 1932 1882 1989 alia

224 2019 419 2077 multa
447 2020 619 2093 signa
639 2019 746 2076 feci
777 2019 882 2098 eis.

296 2110 369 2166 Et
417 2107 556 2180 quia
586 2108 671 2164 sic
701 2124 796 2163 me
824 2111 1212 2175 tentaverunt,
1256 2126 1392 2181 ergo
1424 2133 1449 2157 «
1487 2109 1569 2163 fui
1619 2109 1878 2165 offensus

220 2197 589 2273 generationi
619 2196 703 2252 illi
738 2197 1124 2270 quadraginta
1153 2198 1323 2253 annis
1358 2202 1497 2254 :ntot
1526 2199 1681 2254 enim
1707 2200 1877 2255 annis

218 2287 435 2343 morati
467 2290 610 2343 sunt
639 2287 698 2342 in
730 2286 987 2355 deserto;
1023 2310 1048 2336 ‹‹
1080 2290 1138 2341 et
1166 2286 1283 2342 dixi
1320 2309 1346 2336 ››
1378 2287 1462 2341 eis
1494 2305 1595 2359 per
1642 2288 1877 2361 Moysen

218 2380 280 2432 et
303 2376 455 2432 alios
486 2374 700 2432 electos
731 2392 891 2431 meos
925 2393 937 2430 :
965 2399 993 2425 ‹‹
1023 2376 1266 2447 Semper
1296 2375 1391 2431 isti
1419 2376 1759 2433 »homines«
1785 2395 1874 2432 er-

220 2470 359 2523 rant
394 2488 424 2514 »
456 2468 516 2519 et
545 2480 659 2520 non
691 2464 884 2534 inscii,
917 2464 1019 2519 sed
1056 2486 1082 2514 ‹‹
1113 2464 1304 2531 corde,
1344 2488 1370 2512 υ
1402 2466 1540 2537 quia
1595 2465 1650 2520 in
1700 2483 1872 2522 cens-

218 2552 455 2610 cientiis
488 2554 615 2609 suis
645 2569 872 2610 errasse
902 2569 962 2609 se
996 2553 1347 2626 intelligunt,

284 2646 365 2700 Et
396 2643 534 2698 licet
562 2642 842 2699 dixissem
874 2641 959 2697 eis
990 2641 1093 2712 ita,
1125 2665 1153 2692 «
1186 2642 1284 2698 isti
1314 2667 1339 2692 ‹‹
1378 2648 1605 2698 tamenu
1641 2661 1756 2698 non
1787 2661 1876 2699 co-

216 2715 555 2807 gnoverunt
580 2731 707 2787 vias
738 2747 919 2799 meas,
949 2753 975 2780 »
1009 2730 1067 2785 id
1099 2735 1206 2798 est,
1253 2748 1368 2787 non
1410 2733 1876 2803 approbaverunt

222 2825 519 2896 praecepta
550 2836 706 2889 mea;
739 2824 797 2876 et
824 2820 953 2876 ideo
984 2842 1011 2870 ‹‹
1047 2820 1095 2874 si
1131 2819 1456 2876 introibant
1500 2820 1561 2875 in
1611 2821 1872 2893 requiem

216 2928 438 2980 meam,
476 2931 504 2959 »ι
531 2910 590 2965 id
622 2914 712 2965 est
735 2914 1011 2965 aeternam
1043 2908 1292 2980 patriam
1338 2908 1726 2979 significatam
1773 2927 1875 2981 per

214 3005 438 3056 terram
469 2996 901 3071 promissionis,
944 3014 1060 3053 non
1108 2996 1218 3052 erit
1263 2997 1341 3052 ibi
1394 2996 1608 3069 aliquis
1658 2998 1869 3068 bonus,

212 3113 243 3140 ι(
279 3094 348 3146 ut
378 3112 400 3139 ι
435 3104 545 3161 ego
576 3111 603 3137 ‹‹
631 3087 825 3159 juravi
856 3086 915 3141 in
949 3087 1035 3143 ira
1065 3103 1217 3155 mea,
1256 3109 1277 3136 ι»
1313 3084 1554 3156 scilicet,
1601 3103 1700 3141 eos
1750 3103 1866 3142 non

2012 522 2101 572 cet
2131 520 2270 591 quia
2300 539 2402 593 per
2431 524 2641 582 Filium
2674 545 2849 584 suum
2875 530 3042 587 nobis
3063 534 3359 603 justitiam
3391 535 3665 609 contulit,

2011 697 2131 749 tam
2161 699 2408 769 gentiles
2438 717 2617 773 quam
2648 704 2855 772 Judmi,
2891 712 3122 764 cantate
3151 731 3179 757 «
3215 708 3481 767 Domino.
3518 735 3546 761 ››

2079 785 2270 841 Tertio
2302 805 2523 859 ponens
2546 814 2575 841 ‹‹
2608 795 2839 848 cantate
2867 793 3113 851 Domino
3138 819 3166 845 ››
3191 796 3538 855 Trinitatem
3570 800 3652 854 in-

2007 871 2180 926 dicat.
2218 896 2245 924 ‹‹
2277 876 2346 931 Et
2376 877 2699 935 benedicite
2747 883 2971 939 nomini
3020 885 3168 955 ejus.
3206 905 3233 934 »
3263 886 3464 943 Solum
3496 887 3655 944 enim

2007 977 2218 1017 nomen
2252 963 2351 1018 Dei
2384 965 2967 1040 habemus,nondum
2996 972 3170 1028 etiam
3194 988 3350 1031 rem:
3377 976 3533 1047 quod
3555 993 3655 1032 no-

2004 1065 2138 1104 men
2191 1052 2445 1109 multum
2474 1056 2647 1127 valet,
2678 1075 2793 1113 non
2825 1058 2966 1130 quia
2999 1059 3313 1132 prolatum,
3360 1064 3459 1119 sed
3510 1063 3652 1136 quia

2002 1137 2419 1197 creditum.Ille
2451 1143 2743 1200 benedicit
2774 1163 2988 1202 nomen
3019 1147 3274 1219 Domini,
3289 1150 3389 1221 qui
3410 1151 3556 1207 bene
3576 1151 3656 1206 vi-

2000 1228 2185 1284 vendo
2215 1229 2314 1284 dat
2344 1229 2475 1286 aliis
2505 1234 2834 1305 exemplum
2858 1235 3005 1291 bene
3023 1235 3439 1305 vivendi,sicut
3459 1255 3489 1293 e
3512 1256 3656 1295 cen-

2000 1317 2179 1372 trario
2208 1317 2306 1373 ille
2336 1320 2549 1376 dicitur
2574 1322 2920 1379 maledicere
2941 1341 3154 1380 nomen
3187 1325 3514 1395 Domini,ex
3538 1345 3652 1400 quo

1999 1404 2094 1459 alii
2128 1407 2369 1463 trahunt
2389 1409 2501 1464 sibi
2524 1413 2855 1484 exemplum
2882 1413 3032 1469 male
3053 1413 3505 1485 vivendi.Dico,«
3521 1433 3654 1471 can-

1998 1496 2196 1561 tate,et
2227 1496 2569 1569 benedicite,
2595 1521 2622 1549 »
2659 1505 2716 1555 et
2738 1522 2764 1554 α
2795 1502 3142 1558 annuntiate
3172 1501 3429 1559 salutare
3459 1505 3646 1576 ejus,»

1994 1581 2189 1653 ipsum
2223 1584 2434 1639 Filium
2459 1586 2692 1658 Dei,per
2712 1606 2887 1660 quem
2910 1608 3097 1662 genus
3119 1590 3445 1648 humanum
3468 1594 3651 1651 salva-

1991 1675 2107 1736 tur,
2140 1675 2197 1727 et
2228 1672 2287 1726 in
2319 1673 2560 1729 domum
2592 1675 2692 1731 Dei
2724 1677 3127 1747 remdilicatur,
3160 1683 3220 1735 et
3249 1679 3359 1736 hoe
3389 1703 3417 1731 α
3449 1682 3521 1737 de
3550 1682 3644 1737 die

1992 1759 2050 1815 in
2083 1760 2359 1829 diem,»id
2393 1766 2501 1831 est,
2525 1763 2875 1832 assidue,vel
2907 1766 2977 1821 de
3007 1766 3122 1834 die,
3156 1767 3214 1823 id
3241 1769 3428 1837 est,de
3445 1769 3640 1827 Veteri

1989 1849 2450 1921 Testamento,in
2474 1867 2588 1922 quo
2610 1850 2807 1924 aliqua
2834 1852 2944 1909 fuit
2971 1852 3545 1925 illuminatio,eundo
3578 1858 3638 1917 in

1989 1936 2165 2005 diem,
2197 1938 2255 1993 id
2285 1943 2375 1994 est
2406 1938 2464 1994 in
2495 1940 2719 1996 Novum
2769 1941 3244 2013 Testamentum;
3292 1946 3639 2002 annuntiate

1989 2025 2245 2082 salutare
2276 2028 2423 2098 ejus,
2457 2028 2681 2086 scilicet
2706 2030 3081 2102 comprobata
3110 2030 3406 2089 Christum
3442 2051 3637 2107 regem

1987 2132 2115 2170 esse
2144 2120 2202 2169 et
2232 2116 2581 2172 salvatorem
2612 2118 2902 2189 omnium,
2936 2136 3036 2191 per
3080 2121 3489 2179 auctoritatem
3521 2123 3634 2179 Ve-

1987 2205 2126 2259 teris
2157 2210 2213 2259 et
2243 2204 2382 2260 Novi
2415 2207 2796 2262 Testamenti.

2057 2292 2323 2348 Ostendit
2353 2294 2492 2366 quid
2524 2294 2774 2350 debeant
2805 2297 2876 2351 de
2905 2296 3006 2352 illo
3037 2296 3281 2353 salutari
3320 2299 3632 2358 annuntia-

1986 2398 2068 2451 re,
2102 2386 2159 2437 et
2189 2381 2342 2437 inter
2366 2399 2533 2454 quos,
2567 2399 2702 2438 cum
2734 2383 2878 2439 dicit
2909 2401 2965 2439 :u
2991 2386 3352 2443 Annuntiate
3381 2386 3631 2461 gloriam

1983 2473 2113 2543 ejus
2143 2493 2170 2521 ››
2186 2470 2484 2540 salutaris,
2520 2472 2576 2526 id
2608 2476 2719 2541 est,
2751 2471 2947 2545 ipsum
2979 2474 3275 2531 Christum
3308 2475 3631 2549 gloriosum

1983 2559 2313 2632 praedicata,
2344 2561 2483 2631 quia
2513 2560 2612 2615 Dei
2647 2560 2828 2616 Filius
2862 2561 2989 2630 fuit,
3018 2567 3076 2617 et
3103 2562 3211 2618 hoc
3242 2587 3269 2614 ‹‹
3305 2565 3459 2620 inter
3486 2582 3632 2639 gen-

1984 2654 2092 2716 tes,
2133 2672 2159 2694 »
2216 2665 2320 2703 nec
2370 2649 2499 2702 dico
2548 2666 2766 2720 paucas
2811 2654 3034 2722 gentes,
3067 2652 3168 2707 sed
3202 2676 3229 2702 ι(
3262 2652 3321 2708 in
3354 2654 3631 2710 omnibus

1982 2736 2215 2809 populis
2247 2736 2541 2793 mirabilia
2572 2738 2720 2810 ejus,
2748 2760 2776 2787 ››
2797 2742 3032 2810 partum
3056 2739 3335 2814 Virginis,
3357 2741 3455 2813 qui
3480 2759 3631 2799 mor-

1984 2829 2116 2880 tuos
2147 2824 2470 2881 suscitavit.

2052 2914 2122 2970 Et
2152 2913 2297 2969 bene
2328 2913 2552 2969 debetis
2582 2913 2632 2969 ei
2663 2918 2899 2971 cantare
2932 2936 2959 2965 α
2989 2915 3269 2985 quoniam
3300 2939 3327 2969 ››
3362 2917 3487 2990 ipse
3536 2923 3627 2977 est

1982 3026 2009 3052 ‹‹
2041 3019 2288 3075 magnus
2324 3025 2352 3053 ››
2384 3003 2708 3059 secundum
2761 3002 3099 3075 potentiam,
3139 3023 3162 3052 α
3186 3007 3246 3060 et
3276 3005 3575 3065 Dominus.
3595 3030 3624 3058 ››

1980 3090 2367 3159 omnium,«et
2397 3090 2765 3157 laudabilis,»
2777 3090 3102 3146 secundum
3126 3091 3629 3153 misericordiam:

208 3157 563 3233 introituros
584 3157 651 3231 ini
674 3175 934 3248 requiem
964 3191 1178 3230 meam.
1221 3175 1434 3247 Figura
1483 3175 1863 3247 aposiopesis,
1897 3157 1940 3224 C
1979 3183 2035 3234 et
2060 3178 2591 3251 hoc«nimis,»quia
2609 3178 2809 3234 nullus
2825 3181 3018 3251 potest
3037 3180 3391 3251 perscrutari
3412 3186 3635 3255 quanta

204 3268 270 3322 id
300 3270 414 3337 est,
447 3264 695 3321 defectio
725 3262 1028 3321 orationis.

706 3353 778 3409 IN
819 3352 1169 3409 PSALMUM
1213 3352 1374 3409 XCV.

206 3446 471 3501 Tnuws
508 3460 521 3499 :
554 3443 806 3499 Psalmus
832 3441 1003 3497 David
1029 3441 1244 3514 quando
1272 3440 1461 3499 domus
1490 3442 1867 3514 aediﬁcabatur

764 3538 885 3603 post
911 3531 1297 3602 captivitatem.

281 3647 308 3673 α
333 3622 590 3678 Cantate
621 3619 884 3676 Domino.
922 3642 949 3668 »
982 3618 1253 3675 Psalmus
1298 3619 1407 3674 iste
1456 3619 1724 3676 convenit
1753 3619 1864 3675 Da-

211 3712 306 3767 vid
368 3709 671 3784 propheta:
719 3707 819 3781 qui
863 3706 958 3763 hic
1008 3706 1293 3779 loquitur,
1342 3706 1671 3779 respicienti
1728 3726 1863 3765 eum

204 3805 460 3867 statum,
495 3797 720 3854 scilicet
768 3798 841 3853 ad
892 3802 1127 3869 tempus
1158 3796 1389 3868 gratim;
1418 3798 1651 3868 quando
1683 3799 1861 3854 (edifi-

206 3894 342 3946 cata
374 3894 467 3945 est
493 3888 725 3956 domus,
758 3887 938 3943 iduest
966 3885 1244 3954 Ecclesia,
1288 3890 1421 3958 post
1467 3886 1862 3959 captivitatem

206 3978 454 4047 diaboli,
489 3994 524 4032 a
553 3993 671 4050 quo
701 3979 938 4049 propter
963 3978 1267 4048 peccatum
1298 3974 1592 4047 captivum
1625 3976 1866 4032 teneba~

205 4073 304 4123 tur
352 4083 547 4139 genus
596 4065 947 4121 humanum.
998 4064 1212 4135 Tangit
1259 4063 1564 4120 historiam
1605 4065 1862 4137 quando,

204 4160 341 4229 post
368 4153 773 4229 captivitatem
814 4152 1163 4226 Babyloniis,
1195 4151 1482 4224 templum
1536 4153 1865 4209 Salomonis

184 4244 634 4307 reaediﬁcatum
664 4246 772 4311 est,
806 4259 922 4299 non
952 4244 1185 4297 tantum
1234 4241 1305 4296 de
1350 4240 1616 4309 historia,
1652 4242 1752 4296 sed
1793 4242 1864 4299 de

201 4334 542 4408 signiﬁcato
592 4331 977 4405 intelligimus
1025 4329 1371 4402 Prophetam
1420 4330 1628 4403 egisse.
1661 4330 1723 4386 1n
1754 4330 1864 4387 hoc

198 4422 558 4496 psalmo,est
586 4420 834 4477 materia
863 4420 1091 4493 primus
1120 4423 1178 4475 et
1205 4419 1499 4475 secundus
1530 4418 1743 4475 Christi
1768 4420 1866 4475 ad-

1976 3269 2051 3326 sit
2081 3268 2340 3341 petentia
2366 3267 2455 3324 vel
2486 3267 2892 3325 misericordia
2920 3268 3108 3340 ejus.«
3141 3269 3447 3327 Terribilis
3477 3275 3567 3328 est
3593 3295 3623 3323 η

1974 3358 2151 3414 etiam
2184 3356 2392 3414 timore
2436 3356 2618 3413 futuri
2655 3356 2867 3428 judicii
2902 3376 2930 3407 «
2974 3373 3152 3429 super
3188 3374 3392 3417 omnes
3423 3360 3562 3417 deos
3599 3382 3623 3411 ι

1974 3464 2121 3520 quos
2153 3450 2355 3520 gentes
2385 3448 2677 3517 putant,et
2697 3445 2872 3505 etiam
2894 3462 3074 3519 super
3093 3463 3297 3506 omnes
3322 3453 3619 3508 creaturas

1972 3536 2268 3611 angelicas
2289 3533 2608 3592 deificatas.
3542 3559 3551 3567 -

2044 3625 2190 3682 Vere
2236 3624 2361 3697 ipse
2407 3627 2496 3678 est
2544 3623 2698 3679 Deus
2743 3621 3021 3678 terribilis
3061 3640 3240 3696 super
3285 3624 3423 3681 deos
3478 3642 3618 3699 gens

1972 3715 2143 3783 tium,
2178 3736 2205 3764 ‹‹
2240 3712 2515 3785 quoniam
2557 3728 2760 3768 omnes
2810 3711 2889 3767 dii
2941 3712 3204 3784 gentium
3255 3712 3541 3769 daemonia
3587 3737 3617 3766 »ι

1973 3808 2142 3860 sunt:
2177 3802 2287 3858 iste
2318 3826 2344 3851 ‹‹
2392 3805 2589 3856 autem
2639 3799 2924 3855 Dominus
2976 3821 3004 3848 »
3052 3799 3123 3853 de
3172 3815 3287 3871 quo
3335 3798 3617 3872 loquitur,

1974 3892 2149 3949 cmlos
2182 3891 2316 3946 fecit
2341 3913 2361 3938 η
2389 3886 2739 3954 materiales,
2770 3887 2858 3943 vel
2888 3902 3269 3959 quoscunque
3298 3885 3619 3945 altissimos

1971 3981 2146 4037 viros.

2046 4070 2189 4125 Item
2224 4070 2459 4139 propter
2488 4065 2595 4119 hoc
2625 4064 2850 4121 debetis
2898 4068 3133 4122 cantare
3164 4065 3238 4139 ei,
3284 4066 3423 4140 quia
3470 4064 3617 4125 hanc

1974 4157 2287 4213 utilitatem
2319 4155 2454 4209 inde
2480 4153 2731 4223 habetis,
2750 4153 3177 4211 confessionem
3205 4159 3262 4212 et
3289 4155 3618 4228 pulchritu-

1973 4246 2193 4313 dinem,
2226 4247 2283 4298 et
2311 4243 2547 4298 tandem
2578 4241 3101 4314 magnificentiam.
3138 4243 3252 4300 Hoc
3283 4243 3426 4301 dicit
3454 4262 3467 4302 :
3493 4269 3520 4295 α
3555 4244 3618 4303 In

1974 4336 2290 4406 conspectu
2337 4332 2486 4403 ejus,
2524 4350 2546 4382 ι
2579 4329 2635 4385 id
2664 4334 2754 4386 est
2784 4346 2920 4387 cum
2969 4330 3095 4404 ipse
3143 4330 3402 4405 aliquem
3451 4330 3619 4391 oculo

1974 4420 2388 4481 misericordiae
2418 4417 2675 4492 respicit.
2711 4418 2850 4474 Inde
2890 4419 3152 4491 procedit
3182 4443 3210 4470 «
3244 4421 3553 4489 confessio,
3588 4445 3618 4471 ››

202 4516 439 4569 ventus.
475 4509 686 4566 Modus
713 4525 728 4564 :
751 4508 811 4564 in
842 4509 1033 4581 prima
1053 4512 1217 4581 parte
1247 4511 1446 4563 monet
1474 4524 1856 4580 quascunque
1887 4529 1934 4594 D
1968 4514 2107 4589 quia
2152 4511 2464 4568 confitetur
2508 4508 2606 4563 ille
2650 4511 2907 4580 peccata,
2954 4510 3011 4577 et
3056 4506 3266 4565 deinde
3297 4531 3325 4558 ‹‹
3358 4507 3616 4580 pulchri-

204 4606 435 4674 gentes,
466 4616 585 4655 non
625 4601 853 4654 tantum
901 4598 1156 4662 Judaeos,
1204 4596 1355 4653 sicut
1399 4596 1460 4652 in
1510 4597 1858 4668 praecedenti
1967 4604 2131 4671 tudo,
2160 4624 2186 4651 »
2220 4600 2277 4654 id
2309 4603 2420 4669 est,
2451 4600 2692 4653 ornatus
2712 4594 2772 4651 in
2800 4595 3001 4651 multis
3030 4594 3366 4666 virtutibus,
3398 4599 3458 4651 et
3488 4599 3616 4652 tan-

206 4688 438 4763 psalmo
471 4686 609 4743 fecit
641 4703 654 4741 :
689 4710 716 4737 ‹‹
750 4686 990 4742 Cantatc
1020 4685 1156 4741 huic
1190 4684 1571 4758 Domino,qui
1601 4688 1759 4741 venit
1788 4688 1861 4743 ad

207 4797 314 4836 nos
344 4801 374 4830 »
408 4780 685 4849 respectu
714 4774 889 4849 primi
921 4776 1227 4831 adventus.
1274 4777 1336 4830 In
1388 4775 1646 4829 secunda
1677 4780 1860 4847 parte,

209 4884 335 4941 quae
365 4865 580 4939 incipit
612 4882 625 4919 :
666 4886 693 4916 «
721 4864 932 4920 Aii'erte
962 4864 1230 4930 Domino,
1266 4863 1464 4934 patria:
1496 4864 1795 4935 gentium;
1827 4884 1854 4915 η

210 4961 407 5012 monet
439 4971 558 5011 non
590 4957 823 5009 tantum
854 4956 1109 5020 cantare,
1161 4953 1258 5006 sed
1311 4952 1488 5007 etiam
1538 4954 1761 5019 afferre,
1806 4959 1863 5008 et

212 5043 356 5100 bene
383 5042 617 5116 operari
647 5042 718 5096 ad
751 5040 997 5116 gloriam
1029 5040 1208 5111 hujus
1240 5040 1493 5107 Domini,
1528 5044 1586 5096 et
1617 5041 1724 5095 hoc
1780 5059 1861 5096 re-

202 5137 413 5205 spectu
465 5129 711 5187 secundi
758 5130 1059 5186 adventus.
1096 5129 1345 5185 Intentio
1376 5129 1553 5185 estin
1594 5129 1724 5185 istis
1755 5131 1861 5185 ad-

214 5219 661 5286 monitionibus,
692 5216 913 5273 scilicet
956 5222 1022 5272 ut
1069 5222 1374 5273 cantemus
1405 5222 1461 5271 et
1485 5218 1629 5272 bene
1661 5235 1858 5291 opere-

214 5326 342 5365 mur
370 5309 447 5366 ad
478 5308 729 5381 gloriam
760 5305 933 5363 istius
955 5306 1209 5363 Domini.

274 5400 353 5453 Ac
374 5397 426 5453 si
448 5396 533 5451 ita
553 5395 771 5451 diceret
798 5394 1114 5467 Propheta:
1133 5394 1321 5452 Nolite
1352 5398 1584 5450 cantare
1616 5395 1860 5450 Domino

211 5487 508 5544 canticum
538 5484 1069 5554 vetus,utlaudetis
1085 5501 1219 5540 eum
1242 5500 1345 5557 pro
1369 5482 1510 5539 solis
1532 5484 1698 5539 bonis
1722 5488 1863 5540 tem-

210 5575 539 5652 poralibus,
571 5573 675 5631 sed
703 5573 899 5649 potius
930 5595 958 5625 «
995 5576 1222 5630 cantate
1271 5572 1515 5629 Domino
1564 5572 1858 5631 canticum

532 5690 800 5753 PATROL.
846 5689 1048 5752 CXVI.

1972 4694 2105 4748 dem
2146 4710 2167 4739 ι
2202 4688 2261 4743 in
2295 4685 2753 4743 sanctificatione
2782 4684 2966 4755 ejus,»
3000 4683 3057 4738 id
3086 4686 3176 4739 est
3206 4683 3265 4739 in
3298 4688 3502 4740 sancta
3521 4683 3621 4741 ha-

1971 4779 2278 4844 bitatione,
2310 4774 2531 4831 scilicet
2559 4772 2813 4828 ecelestis
2854 4771 3239 4828 Hierusalem.
3266 4766 3275 4773 “
3300 4772 3463 4829 Unde
3505 4772 3620 4830 alia

1972 4865 2275 4924 translatio
2308 4864 2448 4919 dicit
2479 4879 2530 4918 ζα
2564 4862 2621 4916 in
2651 4861 2984 4917 sanctuario
3015 4858 3614 4934 ejus,sanctimonia,»

1972 4958 2029 5012 id
2061 4959 2167 5023 est,
2201 4953 2393 5007 omnis
2429 4955 2673 5023 paritas.
2709 4951 2872 5006 Tunc
2902 4950 3058 5005 enim
3089 4966 3277 5023 neque
3309 4952 3414 5021 ira,
3430 4966 3617 5023 neque

1973 5045 2105 5100 talis
2136 5043 2316 5098 motio
2347 5040 2543 5113 aliqua
2573 5039 2683 5095 erit
2715 5040 2771 5094 in
2806 5040 3024 5095 sanctis
3056 5040 3285 5110 Dci,sed
3315 5038 3541 5110 puritas
3560 5040 3619 5094 et

1969 5132 2387 5203 veraeharitas
2420 5128 2713 5203 regnabit;
2761 5132 2819 5184 et
2865 5129 2925 5184 in
2976 5126 3437 5184 sanctificatione
3487 5127 3617 5198 ejus

1970 5222 2080 5276 erit
2113 5243 2140 5270 ‹‹
2177 5218 2665 5293 magniﬁcentia,»
2695 5217 2832 5288 quia
2863 5220 3002 5273 tunc
3031 5219 3203 5272 erunt
3232 5213 3615 5284 immortales,

1969 5315 2028 5366 et
2060 5307 2478 5382 impassibiles,
2508 5310 2565 5360 et
2592 5303 2733 5359 socii
2756 5303 3117 5374 angelorum.

2044 5420 2069 5448 ‹‹
2101 5398 2332 5452 Alferte.
2368 5418 2394 5445 ››
2432 5395 2568 5449 Pars
2600 5392 2877 5448 secunda.
2912 5391 3394 5465 Quandoquidem
3454 5394 3620 5450 tanta

1970 5490 2059 5542 est
2084 5486 2328 5553 utilitas,
2364 5483 2421 5538 in
2456 5483 2771 5552 conspectu
2818 5479 2969 5550 ejus,
3026 5496 3162 5553 ergo
3209 5498 3311 5541 vos
3346 5503 3375 5533 «
3414 5482 3617 5554 patriae

1970 5575 2255 5651 gentium,
2290 5595 2316 5623 »
2350 5572 2407 5629 id
2438 5574 2527 5628 est
2556 5585 2657 5627 vos
2688 5572 2892 5643 gentes
2912 5569 2982 5628 de
3003 5586 3376 5645 quacumque
3406 5568 3616 5646 patria,

3225 5688 3298 5754 17
