4080 6180
473 346 592 408 521
881 349 1294 412 HAYMONIS
1327 299 1863 410 liALBEllSTA'i‘.
1899 347 2139 408 EPISC.
2173 346 2344 407 OPP.
2379 348 2603 409 PARS.
2638 351 2682 410 Ι.
2720 383 2796 394 -
2824 348 3226 415 COMMENT.
3261 349 3460 412 BlBL.
3745 351 3856 412 528

472 480 616 553 quia
657 481 729 537 de
779 498 923 554 puro
975 485 1216 554 argento
1265 485 1452 551 erant,
1485 482 1640 555 quod
1673 499 1789 538 non
1839 481 2116 553 crepabat
2145 479 2197 545 Α
2228 479 2416 535 tendit
2445 497 2552 538 nos
2583 499 2618 538 a
2646 482 2893 555 perfidia
2924 499 3188 540 revocare
3219 487 3277 539 et
3307 483 3378 539 ad
3411 481 3708 538 Christum
3737 483 3858 539 ado-

473 569 614 626 dum
638 569 847 625 malleo
876 570 1206 638 cuderetur,
1242 571 1341 625 sed
1375 571 1524 627 bene
1572 572 1914 636 ducebatur,
1948 575 2006 625 et
2035 567 2118 625 di-
2225 568 2480 651 randum
2511 571 2822 628 concitare.

469 657 774 714 latendum
805 662 916 715 est.
948 660 1026 714 Ac
1058 660 1104 714 si
1138 659 1390 715 breviter
1418 660 1636 716 diceret
1669 677 1682 716 :
1717 659 2029 716 Prmdicate
2057 663 2117 715 et
2295 657 2470 722 Quasi
2501 658 2719 714 diceret
2753 677 2766 714 :
2804 681 2832 709 «
2863 658 3052 715 Nolite
3085 683 3113 708 ››
3149 659 3450 715 Christum
3479 664 3858 725 contemnere,

467 745 859 802 exhortamini
891 746 1037 803 alios
1068 749 1139 803 ad
1173 748 1488 815 bcllum,et
1517 753 1581 803 ut
1609 753 1786 821 agant
1807 748 2112 816 solemnia,

471 857 500 886 «
533 839 592 890 et
632 857 661 885 »
710 835 1184 908 prtedicationem
1229 841 1482 892 vestram
1527 837 1764 894 dilatato
1813 841 2115 893 cantantes

471 923 648 981 etiam
681 924 742 980 in
773 947 803 976 ‹‹
834 941 972 982 voce
1018 925 1171 981 tubae
1221 943 1466 994 corneaz,
1501 949 1528 976 ››
1579 927 1635 982 id
1685 932 1776 982 est
1825 931 1889 982 ut
1934 944 2115 982 cornu

473 1013 898 1087 comparabiles
927 1013 1058 1070 sitis
1090 1014 1364 1087 duri,neo
1397 1019 1632 1088 propter
1650 1015 1908 1088 aliquam
1941 1016 2122 1071 tribu-
2228 1008 2426 1065 lebant
2445 1009 2618 1066 irasci
2641 1010 2713 1080 ei,
2733 1032 2761 1062 (ι
2784 1011 3114 1068 irascantur
3133 1012 3335 1085 poputi
3351 1035 3379 1063 ι»
3403 1013 3571 1084 quasi
3589 1011 3791 1069 stultos
3805 1026 3866 1068 se

473 1101 752 1158 lationem
784 1120 819 1158 a
845 1103 1257 1176 pradicatione
1284 1104 1546 1162 veritatis
1576 1109 1894 1161 cessantes.
1927 1105 2120 1160 Cornu
2228 1101 2478 1169 possunt
2516 1104 2806 1170 reputare,
2841 1100 2939 1172 qui
2988 1100 3307 1172 aliquando
3355 1100 3757 1157 irascebantur
3787 1100 3864 1169 ei,

478 1191 717 1264 quidem
747 1209 818 1249 ex
845 1209 1018 1248 carne
1050 1193 1332 1248 excrescit
1359 1193 1418 1248 in
1452 1193 1770 1265 quamdam
1820 1193 2120 1263 duritiem,
2151 1219 2160 1226 -
2232 1208 2260 1236 α
2294 1185 2582 1242 Dominus
2609 1211 2636 1236 «
2669 1187 2796 1244 dico
2823 1207 2852 1239 ο
2881 1188 3162 1262 regnavit,
3186 1189 3286 1261 qui
3313 1188 3644 1248 «Dominus
3663 1213 3690 1240 α
3709 1189 3870 1245 sedes

2225 743 2364 816 quia
2393 744 2516 817 ipse
2547 769 2576 795 ‹‹
2610 747 2894 803 Dominus
2926 748 3209 820 regnavit,
3239 768 3266 801 η
3299 747 3359 804 id
3390 753 3501 818 est,
3514 748 3735 804 devicto
3753 749 3864 804 dia-

2225 833 2378 901 bolo,
2416 851 2662 907 regnum
2695 837 2804 892 sibi
2841 837 2900 892 in
2931 837 3151 892 Judmis
3180 841 3238 892 et
3263 837 3540 910 gentibus
3571 836 3860 893 obtinuit:

2227 923 2400 977 modo
2433 923 2704 980 deridens
2737 924 3011 980 inimicos
3041 923 3278 992 Christi,
3313 925 3415 996 qui
3446 923 3756 997 aliquando
3782 941 3866 982 so-

479 1279 574 1337 cui
603 1281 751 1337 bene
780 1285 1200 1354 comparantur
1228 1279 1311 1336 illi
1345 1281 1466 1354 qui,
1500 1280 1636 1338 licet
1681 1281 1742 1338 in
1793 1299 1965 1338 carne
2013 1283 2123 1338 fra-

477 1369 583 1444 gili
609 1367 825 1437 vivant,
857 1372 1057 1425 tamen
1089 1369 1218 1424 duri
1247 1385 1312 1424 ac
1343 1370 1631 1442 patientes
1654 1371 1804 1426 fiunt
1831 1370 2120 1427 laborum.

481 1458 646 1514 Unde
670 1457 984 1530 Apostolus
1016 1473 1030 1513 :
1065 1480 1094 1508 «
1130 1458 1192 1514 In
1225 1475 1420 1528 carne,
1454 1459 1824 1518 ambulantes
1867 1479 1984 1517 non
2029 1479 2125 1518 se-

479 1545 763 1616 cundum,
795 1563 1032 1603 carnem
1063 1546 1408 1604 militamus.
1440 1567 1468 1600 ιι

549 1634 709 1692 Dixit
739 1656 768 1688 «
789 1634 1063 1708 jubilate,
1097 1657 1126 1687 »
1160 1637 1334 1692 modo
1375 1635 1518 1692 dicit
1565 1654 1746 1710 quare
1793 1638 2126 1695 faciendum

479 1725 578 1796 sit,
610 1723 832 1781 scilicet
861 1723 1000 1798 quia
1027 1724 1384 1798 conspicitis,
1418 1726 1586 1798 quasi
1608 1728 1735 1800 jam
1781 1733 2128 1801 praesentem

2231 1291 2410 1348 super
2434 1275 2715 1332 cherubin
2752 1299 2780 1326 ››
2811 1277 2868 1332 id
2901 1281 3008 1346 est,
3035 1278 3289 1350 quiescis
3319 1295 3498 1352 super
3525 1279 3755 1336 ordines
3777 1293 3874 1336 ano

2231 1364 2518 1438 gelorum,
2538 1369 2604 1421 ut
2635 1366 2923 1422 Dominus
2951 1383 3176 1422 eorum.
3195 1367 3340 1423 Item
3373 1367 3672 1424 derridens
3691 1368 3874 1424 inimi-

2234 1469 2333 1509 cos
2362 1455 2492 1526 ejus
2523 1454 2667 1510 dicit
2701 1471 2714 1508 :
2750 1477 2778 1504 ‹‹
2812 1455 3112 1512 Moventur
3165 1460 3340 1524 terra,
3377 1479 3406 1506 »
3439 1457 3604 1529 quasi
3655 1456 3873 1516 stultis-

2236 1543 2372 1599 simi
2405 1543 2548 1610 sint,
2562 1544 2663 1616 qui
2695 1542 3014 1617 aliquando
3047 1545 3188 1602 moti
3221 1550 3362 1602 sunt
3379 1551 3582 1604 contra
3608 1563 3740 1604 eum
3761 1563 3878 1603 om-

2235 1649 2342 1688 nes
2367 1631 2600 1688 ordines
2631 1632 2994 1706 angelorum.

2308 1719 2446 1777 Dico
2477 1743 2503 1771 «
2537 1720 2823 1778 Dominus
2856 1722 3136 1796 regnavit,
3160 1747 3188 1773 ››
3223 1723 3322 1796 qui
3353 1747 3383 1774 «
3411 1723 3696 1782 Dominus
3728 1748 3756 1774 »
3785 1723 3884 1782 ha-

475 1813 712 1884 videtis,
743 1812 940 1886 ipsum
976 1813 1192 1888 Regem
1221 1813 1281 1870 in
1313 1814 1607 1888 judicium
1638 1817 1986 1887 venientem,
2019 1819 2128 1875 hoc
2163 1848 2211 1914 B
2239 1810 2446 1866 bitavit
2473 1832 2517 1914 »ἰ
2625 1810 2762 1914 Sion
2784 1811 3189 1912 corporaliter,
3218 1813 3320 1885 qui
3358 1812 3648 1914 Dominus
3693 1835 3727 1864 α
3755 1827 3881 1914 uia-

483 1901 630 1958 dieit
662 1920 676 1959 :
715 1925 744 1954 α
773 1901 1030 1960 Jubilate
1068 1904 1128 1960 in
1160 1908 1476 1976 conspectu
1524 1906 1679 1979 regis
1727 1907 1980 1977 Domini,
2016 1931 2046 1958 »
2078 1913 2135 1964 et

485 1991 625 2064 quia
646 1991 774 2062 jam
807 1992 976 2064 quasi
1002 1993 1242 2049 veniens
1269 1994 1647 2068 conspicitur,
1678 1995 1810 2052 ideo
1841 2021 1870 2046 ‹‹
1898 2013 2078 2066 mare,
2106 2019 2134 2046 »

487 2080 548 2134 id
580 2083 669 2134 est
700 2095 906 2136 omnes
937 2081 1347 2151 amaricantes,
1381 2106 1408 2133 α
1443 2089 1744 2140 moveatur
1779 2107 1806 2134 ››
1837 2087 1908 2140 ad
1952 2086 2134 2158 pmni-

487 2166 754 2236 tentiam,
783 2191 812 2218 ‹‹
845 2174 904 2225 et
933 2169 1236 2242 plenitudo
1267 2173 1416 2244 ejus,
1454 2195 1480 2222 »
1514 2173 1571 2228 id
1601 2177 1692 2228 est
1720 2161 2023 2244 plenitudo
2051 2175 2135 2230 vi-

487 2257 706 2314 tiorum
735 2257 813 2315 sit
839 2259 926 2316 eis
955 2276 1136 2316 causa
1165 2278 1345 2334 quare
1369 2262 1568 2334 potius
1617 2268 1980 2319 moveantur.
2016 2265 2136 2320 Mo-

487 2349 693 2402 veatnr
714 2349 772 2402 et
801 2349 1220 2406 contremiscat
1248 2374 1276 2400 «
1310 2350 1468 2407 orbis
1517 2355 1806 2406 terrarum
1841 2370 1854 2408 :
1888 2373 1914 2404 »
1947 2353 2015 2408 ad
2050 2353 2142 2409 lit-

497 2437 708 2508 teram,
739 2436 841 2510 qui
887 2439 1066 2495 etiam
1117 2438 1175 2493 in
1226 2439 1475 2494 adventu
1523 2439 1711 2512 ipsius
1749 2441 1969 2512 judicis
2017 2458 2139 2498 cro-

499 2523 774 2593 mabitur,
825 2549 855 2577 «
904 2529 964 2581 et
1009 2543 1214 2582 omnes
1267 2527 1366 2599 qui
1415 2527 1684 2584 habitant
1733 2528 1792 2584 in
1836 2546 1903 2585 eo
1951 2554 1978 2581 ‹‹
2015 2547 2139 2588 mc-

473 2615 776 2684 u‘veantur;
808 2615 918 2671 hoc
946 2619 1036 2671 est
1063 2616 1218 2688 quod
1251 2615 1530 2672 dixerat'«
1564 2635 1724 2674 mare
1753 2623 1810 2674 et
1839 2619 2142 2692 plenitudo

495 2701 648 2774 ejus.
685 2724 714 2754 ι»

565 2791 706 2848 Dico
739 2812 763 2838 ‹‹
795 2808 958 2849 mare
1007 2797 1326 2862 moveatur,
1362 2794 1608 2851 ﬂumina
1638 2818 1666 2846 »
1697 2801 1914 2867 autem,
1939 2798 1998 2854 id
2029 2801 2139 2868 est,

499 2880 794 2952 sapientes
816 2881 944 2949 viri,
978 2882 1080 2955 qui
1111 2881 1258 2938 alios
1288 2887 1495 2956 potant
1523 2884 1813 2958 spirituali
1854 2887 2140 2957 doctrina,

495 2991 524 3021 «
557 2968 842 3042 plaudent
871 2987 1071 3040 manu,
1113 2993 1134 3021 η
1169 2972 1229 3026 id
1261 2975 1368 3042 est,
1402 2989 1538 3029 cum
1583 2974 1966 3032 exsultatione
1998 2977 2144 3033 bene

493 3058 894 3130 operabuntur
924 3080 954 3111 «
986 3058 1188 3128 simul,
1223 3082 1249 3109 »
1281 3061 1340 3116 id
1370 3066 1462 3116 est
1489 3063 1794 3120 tendentes
1841 3063 1901 3120 in
1934 3082 2142 3133 unum,

493 3145 720 3202 scilicet
757 3147 831 3204 ad
881 3145 1077 3220 ipsum
1125 3149 1348 3217 Deum;
1397 3154 1664 3207 tenentes
1709 3169 1888 3208 unam
1941 3153 2139 3222 fidem,

2244 1915 2396 1973 gnus
2427 1921 2455 1950 »
2490 1899 2600 1954 fuit
2629 1903 2687 1954 et
2718 1900 2878 1956 mire
2909 1901 3178 1972 potentias
3213 1917 3227 1956 ε
3265 1917 3368 1974 per
3415 1901 3524 1958 hoc
3571 1901 3742 1974 plane
3783 1903 3885 1959 de-

2243 1987 2578 2044 terminavit
2607 2005 2668 2044 se
2695 1989 2769 2044 de
2825 1988 3057 2044 Christo
3088 1989 3300 2058 dicere,
3333 1990 3472 2064 quia
3501 1991 3626 2062 ipse
3661 1991 3720 2046 in
3751 1991 3888 2050 Sion

2245 2077 2528 2132 habitavit
2557 2077 2866 2150 praesentia
2893 2078 3174 2150 corporis,
3208 2103 3234 2128 ‹‹
3267 2083 3323 2133 et
3368 2101 3397 2128 ››
3445 2078 3555 2136 iste
3605 2079 3889 2136 Dominus

2246 2169 2334 2221 est
2366 2189 2392 2215 «ι
2427 2164 2689 2220 excelsus
2721 2183 2898 2238 super
2924 2183 3128 2223 omnes
3159 2166 3430 2239 populos,
3466 2191 3494 2216 ››
3527 2167 3666 2240 quia
3695 2168 3892 2227 nullus

2245 2252 2402 2309 altus
2431 2253 2541 2308 nisi
2574 2271 2678 2325 per
2705 2271 2862 2311 eum.

2317 2343 2389 2399 Et
2417 2342 2694 2414 quoniam
2728 2343 2853 2416 ipse
2894 2343 3030 2402 talis
3077 2348 3186 2414 est,
3225 2367 3253 2398 «
3281 2345 3674 2404 conﬁteantur
3701 2369 3732 2396 »ι
3759 2363 3894 2420 ergo

2247 2448 2452 2488 omnes
2480 2435 2684 2504 gentos
2714 2455 2742 2482 «
2778 2431 3002 2488 nomini
3031 2437 3153 2502 tuo,
3190 2456 3218 2484 ››
3249 2433 3310 2490 id
3339 2439 3430 2492 est
3457 2433 3701 2492 laudent
3727 2442 3788 2492 et
3815 2437 3898 2494 di-

2248 2520 2432 2577 latent
2458 2537 2672 2576 nomen
2700 2525 2872 2576 tuum
2903 2525 2961 2579 et
3003 2522 3222 2578 famam
3271 2528 3458 2592 tuam,
3493 2523 3718 2579 nomini
3766 2525 3894 2582 dico

2253 2633 2282 2661 α
2313 2627 2546 2683 magno,
2568 2633 2595 2660 »
2611 2609 2837 2667 scilicet
2851 2610 3008 2684 quod
3027 2611 3434 2684 ampliandum
3456 2618 3515 2669 et
3535 2613 3895 2674 laudandum

2250 2703 2358 2770 est,
2392 2723 2420 2750 ‹‹
2456 2700 2734 2772 quoniam
2769 2722 2796 2749 ››
2827 2715 3110 2773 magnum
3149 2705 3240 2758 est
3285 2707 3344 2759 et
3390 2701 3648 2759 multum
3698 2704 3892 2764 valens

2250 2792 2398 2848 bene
2411 2791 2808 2861 credentibus,
2823 2791 2913 2846 cui
2929 2792 3328 2848 conﬁtendum
3351 2797 3440 2849 est
3457 2793 3738 2866 quoniam
3755 2794 3896 2850 illud

2252 2897 2465 2937 nomen
2496 2903 2524 2930 ι(
2558 2883 2647 2936 est
2670 2879 2928 2937 terribile
2952 2902 2981 2930 ››
3005 2879 3202 2952 impiis
3231 2881 3444 2938 timore
3471 2881 3654 2938 futuri
3663 2883 3893 2953 judicii,

2252 2993 2280 3020 «
2313 2973 2372 3026 et
2389 2973 2661 3026 sanctum
2691 2974 2782 3026 est
2809 2969 3001 3037 bonis,
3033 2970 3175 3042 quia
3205 2987 3306 3042 per
3334 2971 3530 3044 ipsum
3567 2976 3710 3028 sunt
3737 2989 3896 3033 sanc-

2251 3057 2456 3114 tiﬁcati
2488 3075 2500 3114 :
2553 3063 2612 3114 et
2640 3057 2766 3130 ipse
2814 3057 3100 3114 Dominus
3133 3082 3160 3109 «
3194 3057 3388 3132 diligit
3427 3059 3750 3132 judicium,
3784 3084 3813 3110 »
3841 3059 3896 3116 id

2251 3151 2342 3204 est
2370 3150 2438 3203 ut
2465 3145 2736 3202 homines
2756 3147 2919 3218 juste
2940 3146 3233 3218 judicent,
3261 3146 3372 3214 vel,
3405 3170 3434 3198 «
3459 3149 3824 3219 judicium,»
3843 3149 3897 3206 id

493 3255 523 3283 α
556 3238 786 3292 montes
815 3257 844 3286 »
877 3215 1067 3292 sancti
1097 3237 1155 3291 in
1185 3215 1876 3309 νίτιιίιίδυεθηιίηοηιοε,
1909 3247 1966 3298 οι
1995 3243 2140 3302 bene
2169 3215 2214 3283 C
2253 3239 2342 3292 est
2369 3251 2721 3308 quacunque
2767 3234 2974 3290 animo:
3022 3234 3460 3308 discretionem,
3510 3238 3668 3309 quod
3716 3238 3902 3294 facere

491 3319 732 3377 stabiles
763 3343 791 3374 κ
819 3323 1200 3380 exsultabant
1227 3342 1262 3381 a
1287 3332 1602 3400 conspectu
1633 3329 1934 3402 Domini,»
1965 3333 2022 3388 id
2053 3339 2144 3390 est
2247 3328 2308 3380 et
2337 3347 2364 3374 (ί
2399 3325 2585 3381 hODOI‘
2613 3323 2826 3396 regis,»
2854 3327 2962 3393 est,
2996 3328 3063 3380 ut
3111 3341 3210 3382 P0X
3248 3323 3541 3398 indicium
3587 3325 3814 3400 diligat.
3845 3331 3900 3382 ει

491 3407 634 3482 quia
663 3410 1036 3484 conspiciunt
1064 3413 1382 3470 Dominum
1413 3422 1908 3476 remuneratorem
1930 3438 2137 3478 suum:

489 3495 638 3554 bene
683 3497 836 3568 dico,
871 3520 898 3550 «
933 3517 968 3556 a
1017 3507 1334 3574 conspectu
1388 3504 1619 3560 Domini
1650 3507 1920 3579 qaoniam
1953 3530 1982 3560 »
2014 3509 2140 3582 ipse

487 3587 774 3646 Dominus
813 3588 941 3662 jam
990 3613 1018 3640 ‹‹
1053 3591 1212 3648 venit
1254 3593 1522 3665 judicare
1575 3599 1812 3665 terram,
1842 3619 1870 3647 »
1922 3597 1980 3653 id
2025 3603 2134 3669 est,

485 3691 695 3732 omnes
724 3676 796 3733 de
825 3693 1177 3752 quacunque
1190 3687 1354 3754 parte
1387 3686 1753 3757 terrae,quasi
1787 3685 1844 3741 in
1864 3689 2137 3759 prmeenti

489 3767 580 3820 est
609 3765 766 3837 quod
789 3765 1106 3838 judicabit,

555 3854 626 3910 Et
653 3853 780 3926 ipse
812 3878 840 3906 «
865 3856 1160 3927 judicabit
1189 3859 1390 3914 orbem
1423 3865 1610 3928 terrae,
1647 3885 1675 3912 »
1709 3863 1767 3918 id
1813 3868 1902 3920 est
1931 3881 2136 3922 omnes

483 3937 692 4010 malos,
725 3945 798 3998 de
825 3961 1031 4002 omnes
1069 3947 1317 4004 circuitu
1370 3953 1536 4005 terra:
1580 3957 1981 4026 congregatos,
2015 3977 2043 4004 α
2073 3955 2133 4010 ἱη

474 4028 712 4100 justitia
743 4053 772 4080 ››
803 4032 1124 4105 unicuique
1149 4037 1399 4093 reddens
1429 4056 1534 4110 pro
1585 4041 1828 4110 meritis,
1864 4065 1892 4090 «
1925 4047 1984 4097 et
2031 4060 2132 4116 po-

481 4115 653 4189 pulos
687 4139 714 4166 »
745 4119 819 4174 ad
849 4120 996 4176 bene
1022 4121 1334 4180 vivendum
1371 4127 1664 4195 collectos,
1697 4128 1918 4185 scilicet
1949 4115 2132 4187 bonos

471 4203 764 4276 judicabit
785 4229 811 4256 ε(
845 4207 902 4262 in
935 4209 1232 4280 aequitate,
1253 4234 1280 4260 ››
1313 4212 1454 4268 item
1487 4215 1605 4270 illis
1637 4217 1853 4274 faciens
1881 4236 1984 4291 pro
2017 4235 2134 4275 me-

481 4291 633 4349 ritis.

921 4385 993 4440 IN
1043 4385 1390 4444 PSALMUM
1433 4391 1674 4448 XCVIII.

899 4475 1154 4532 TrrULus
1187 4494 1199 4532 :
1234 4478 1486 4534 Psalmus
1516 4480 1712 4536 David.

2250 3413 2371 3470 haec
2400 3430 2632 3486 quoque
2662 3416 2753 3469 est
2781 3429 2898 3468 una
2927 3414 3358 3471 commendatio
3389 3413 3626 3472 Christi.

2323 3525 2351 3554 α
2383 3504 2472 3559 Tu
2509 3503 2751 3576 parasti.
2789 3524 2817 3552 ››
2849 3501 2990 3559 Pars
3041 3504 3320 3562 secunda.
3373 3503 3750 3562 Continuatio
3785 3522 3800 3560 :
3836 3505 3910 3564 Et

2251 3615 2279 3643 ‹‹
2308 3597 2370 3648 tu
2406 3615 2434 3644 ››
2466 3592 2704 3666 quidem
2733 3591 2837 3664 qui
2868 3589 3004 3648 talis
3035 3608 3118 3659 es,
3156 3615 3180 3640 α
3214 3592 3432 3666 parasti
3464 3593 3847 3664 directiones,
3877 3615 3906 3644 ιι

2245 3681 2305 3737 id
2334 3686 2447 3750 est,
2480 3680 2750 3738 homines
2781 3679 2942 3737 intus
2971 3697 3076 3754 per
3103 3681 3350 3754 gratiam
3383 3685 3548 3741 tuam
3577 3681 3907 3754 aspirandc

2245 3771 2582 3843 prmparasti
2615 3773 2680 3826 ut
2711 3768 3044 3851 dirigantur
3071 3769 3146 3826 ad
3175 3769 3442 3839 virtutes,
3473 3774 3533 3828 et
3580 3771 3766 3830 etiam
3823 3772 3907 3828 fe-

2245 3858 2376 3916 cisti
2421 3858 2790 3928 directiones,
2845 3875 2961 3914 non
3009 3859 3202 3915 solum
3249 3859 3492 3932 parasti,
3536 3860 3639 3917 sed
3675 3861 3901 3933 ujudi-

2242 3949 2424 4017 cium,
2462 3971 2484 3998 ιο
2518 3947 2577 4003 id
2626 3952 2736 4017 est,
2765 3951 2832 4003 ut
2876 3947 2989 4019 ipsi
3028 3948 3192 4020 juste
3240 3948 3578 4006 discernant
3624 3949 3776 4021 quid
3812 3949 3902 4006 sit

2243 4038 2463 4094 bonum
2489 4041 2546 4093 et
2582 4035 2721 4109 quid
2751 4035 2829 4092 sit
2858 4035 3120 4108 malum;
3155 4061 3182 4088 ‹‹
3218 4041 3276 4094 et
3305 4059 3334 4090 ι)
3367 4037 3520 4116 hanc
3569 4036 3751 4094 aliam
3787 4039 3908 4096 dis-

2243 4126 2580 4196 cretionem,
2609 4124 2840 4182 scilicet
2871 4149 2898 4176 ‹‹
2923 4125 3220 4198 justitiam
3255 4155 3277 4177 ι)
3313 4128 3372 4183 id
3411 4131 3520 4196 est,
3555 4131 3622 4184 ut
3670 4127 3903 4185 bonum

2242 4215 2543 4289 cognitum
2591 4215 2828 4285 faciant,
2863 4219 2920 4272 et
2947 4214 3171 4272 malum
3201 4215 3522 4284 dimittant,
3552 4239 3575 4266 ι
3611 4216 3835 4286 fecisti,
3869 4240 3899 4267 ια

2241 4304 2390 4373 dico,
2425 4332 2450 4357 α
2480 4304 2540 4360 in
2570 4304 2772 4374 Jacob,
2805 4335 2829 4360 υ
2860 4305 2920 4360 id
2949 4309 3040 4362 est
3064 4305 3124 4362 in
3155 4304 3313 4362 ﬁdeli
3341 4304 3698 4378 populo,qui
3721 4307 3900 4363 bene-

2239 4393 2554 4450 dictionem
2585 4391 2738 4448 sicut
2765 4393 2944 4450 Jacob
2975 4394 3216 4466 accepit.

2309 4485 2378 4538 Et
2407 4482 2546 4555 quia
2566 4481 2835 4539 Christus
2865 4482 3098 4540 exhibet
3129 4482 3250 4539 haec
3288 4500 3538 4540 munera
3573 4484 3720 4551 suis,
3753 4483 3894 4540 ideo

550 4583 578 4612 α
609 4561 894 4620 Dominus
925 4565 1554 4637 regnavit,irascantur
1569 4569 1790 4642 populi.
1810 4594 1836 4620 ››
1856 4571 2124 4631 Psalmus
2155 4586 2200 4652 Ι)
2231 4591 2334 4629 vos
2365 4591 2392 4622 ‹‹
2422 4569 2666 4628 exaltate
2695 4600 2721 4625 υ
2746 4571 2942 4644 ipsum
2969 4571 3266 4628 Christum
3291 4572 3892 4628 factumaDominum

474 4647 586 4705 iste
612 4651 882 4707 convenit
911 4652 1089 4708 David
1118 4655 1434 4726 prophetae,
1455 4657 1553 4728 qui
1587 4657 1683 4714 hic
1707 4657 1987 4732 loquitur.
2005 4661 2121 4718 Ma-

473 4735 620 4792 teria
663 4743 752 4794 est
800 4739 1090 4809 Christus,
1125 4747 1330 4814 potens
1381 4745 1518 4801 Rex.
1554 4747 1763 4804 Modus
1795 4765 1808 4804 :
1837 4747 1896 4803 in
1929 4749 2120 4822 prima

470 4827 654 4896 parte,
669 4829 1066 4886 ostenditeum
1081 4831 1388 4904 Regem_,et
1403 4834 1768 4891 demonstrat
1779 4853 1911 4892 eum
1927 4840 2117 4896 modis

467 4911 738 4986 pluribus
767 4918 1134 4974 veneratione
1156 4919 1495 4994 dignum,et
1526 4925 1800 4981 admonet
1825 4925 2114 4998 infideles,

467 5005 524 5058 et
551 5003 805 5061 maxime
824 5005 1078 5075 Judmos,
1095 5013 1159 5064 ut
1183 5025 1318 5064 eum
1335 5018 1702 5070 venerentur.
1720 5037 1748 5064 »
1769 5014 1832 5070 In
1858 5018 2117 5073 secunda

464 5097 793 5166 parte,quaa
825 5094 1060 5168 incipit:
1092 5119 1120 5148 «
1142 5099 1228 5153 Tu
1252 5101 1468 5170 parasti
1495 5101 1862 5172 directiones,
1883 5110 2116 5162 nosten-

463 5180 550 5236 dit
579 5199 707 5255 qua:
737 5200 984 5242 munera
1012 5187 1270 5243 conferat
1292 5190 1438 5258 suis,
1463 5195 1520 5245 et
1542 5193 1820 5264 supponit
1840 5194 2110 5250 admoni-

461 5267 702 5342 tionem,
748 5276 814 5328 ut
858 5273 1015 5331 hunc
1059 5275 1390 5333 adoremus.
1429 5278 1490 5334 In
1542 5279 1715 5336 tertia
1763 5285 1945 5352 parte,
1981 5298 2108 5354 qua:

459 5354 667 5430 incipit
696 5377 708 5416 :
745 5382 771 5409 ‹‹
800 5361 1026 5436 Moyses
1058 5367 1116 5420 et
1142 5366 1400 5434 Aaron,»
1434 5368 1690 5423 ostendit
1709 5369 1863 5440 quod
1882 5369 2106 5442 priores

457 5447 652 5516 patres
681 5446 819 5504 huic
841 5449 979 5522 Regi
1003 5451 1347 5522 servierunt,
1362 5457 1418 5509 et
1438 5453 1656 5510 multas
1667 5453 1950 5511 utilitates
1967 5455 2102 5514 inde

455 5529 809 5602 habuerunt,
845 5540 902 5592 et
933 5537 1143 5594 deinde
1193 5541 1474 5612 supponit
1522 5541 2002 5612 admonitionem,
2035 5550 2101 5600 ut

451 5616 612 5698 hunc
633 5621 965 5691 adoremus,
999 5642 1115 5680 non
1148 5644 1362 5682 novum
1394 5645 1588 5701 regem
1620 5631 1967 5690 sentiamus.
2003 5634 2096 5690 In-

2230 4663 2412 4719 Deum
2448 4663 2714 4715 nostrum
2733 4688 2758 4714 »
2789 4677 2893 4732 per
2923 4663 3290 4734 assumptam
3321 4660 3894 4730 humanitatem,.et

2229 4751 2465 4806 adorato
2515 4747 2858 4818 scabellum,
2893 4765 2916 4790 ιι
2951 4748 3008 4804 id
3057 4755 3166 4818 est,
3207 4749 3638 4806 humanitatem
3691 4749 3890 4823 ipsius

2227 4857 2354 4912 quae
2377 4837 2487 4894 fuit
2508 4835 2852 4903 scabellum,
2867 4837 2926 4892 id
2950 4842 3058 4906 est,
3078 4837 3310 4910 requies
3328 4842 3386 4894 et
3405 4839 3578 4896 sedes
3604 4865 3630 4888 ιι
3657 4839 3883 4911 pedum

2227 4929 2376 4999 ejus,
2410 4951 2437 4982 ››
2468 4927 2525 4982 id
2576 4930 2686 4998 est,
2737 4925 3027 4982 stabilitas
3073 4926 3414 4997 divinitatis,
3465 4957 3490 4982 α
3531 4928 3818 5001 quoniam
3855 4948 3876 4974 ι

2225 5015 2371 5072 illud
2403 5013 2724 5072 scabellum
2752 5019 3072 5072 «sanctum
3103 5019 3212 5086 est,
3248 5037 3270 5060 υ
3305 5017 3360 5072 id
3392 5021 3500 5080 est,
3531 5017 3749 5074 Christi
3774 5017 3886 5072 hu-

2225 5104 2520 5172 manitas;
2553 5102 2638 5159 vel
2672 5105 2758 5159 sic
2799 5105 3122 5171 transitive,
3156 5129 3181 5154 «
3215 5104 3538 5162 scabellum
3569 5106 3812 5178 pedum,
3849 5126 3882 5152 νδ

2221 5196 2288 5250 ut
2315 5210 2420 5266 per
2448 5193 2626 5266 pedes
2656 5193 3016 5266 accipiamus
3060 5194 3254 5268 ipsam
3283 5194 3746 5268 humanitatem,
3775 5210 3910 5268 per

2219 5299 2396 5354 quam
2423 5282 2582 5338 venit
2609 5282 2683 5336 ad
2714 5299 2820 5338 nos
2852 5281 3110 5340 calceata
3137 5283 3415 5340 divinitas
3446 5299 3576 5356 quae
3610 5285 3724 5342 fuit
3752 5299 3914 5341 sca-

2214 5369 2456 5438 bellum,
2487 5371 2546 5426 id
2577 5375 2685 5438 est,
2719 5388 2961 5444 prorsus
2989 5371 3227 5429 subdita
3257 5371 3477 5430 deitati.

2283 5482 2312 5513 α
2341 5460 2588 5532 Moyses.
2623 5485 2647 5510 »
2682 5459 2821 5516 Pars
2850 5459 3042 5518 tertia.
3065 5461 3134 5518 Et
3154 5461 3301 5519 bene
3323 5460 3549 5518 debetis
3567 5478 3710 5518 eum
3729 5460 3866 5518 ado-

2209 5565 2356 5617 rare,
2388 5547 2528 5620 quia
2557 5549 2682 5620 ipse
2712 5566 2828 5605 non
2859 5553 2950 5608 est
2978 5566 3182 5607 recens
3221 5550 3396 5618 Deus,
3429 5549 3588 5604 sicut
3617 5551 3862 5623 quidem

2206 5636 2427 5706 dicunt,
2462 5637 2562 5693 sed
2593 5637 2717 5712 ipse
2747 5641 2835 5693 est
2865 5638 2958 5693 cui
2991 5660 3014 5683 «
3040 5639 3267 5712 Moyses
3284 5644 3342 5695 et
3369 5641 3562 5695 Aaron
3587 5638 3650 5695 in
3675 5651 3864 5697 sacer-
