4018 6176
214 331 308 393 529

1364 325 1467 387 EX
1478 322 1865 386 PLANATIO
1911 320 1986 381 ΙΝ
2036 323 2173 385 PSA
2186 323 2417 385 LMOS.

3468 322 3589 386 530

206 462 421 531 dotibus
473 461 622 533 ejus.
651 483 676 510 υ
701 460 860 518 Licet
905 460 1063 517 enim
1117 460 1344 533 Moyses
1392 456 1663 514 sacerdos
1712 471 1828 511 non
1861 453 1909 524 Α
1944 473 2070 528 quae
2102 474 2207 513 nos
2237 456 2664 530 praecipitarent
2709 457 2769 514 in
2823 442 3310 530 desperationem,
3336 458 3437 515 sed
3487 456 3591 514 Dei

204 552 412 620 fuisset,
436 556 636 607 tamen
678 550 854 607 etiam
914 550 1278 607 sacerdotem
1326 564 1462 604 eum
1516 544 1675 615 dicit,
1700 544 1842 618 quia

202 646 250 699 et
272 658 373 713 pro
432 640 649 714 populo
703 640 1010 695 invocabat
1058 638 1210 696 sicut
1238 643 1296 694 et
1333 636 1431 693 alii
1482 636 1834 703 sacerdotes,

199 736 248 788 et
274 730 433 802 ipsos
465 730 798 786 sacerdotes
827 728 1226 785 constituebat
1255 732 1313 784 et
1342 726 1619 796 ungebat.
1649 749 1675 774 «
1710 725 1780 780 Et
1808 746 1835 773 ››

198 820 310 892 ipse
337 842 365 867 ‹‹
402 817 661 887 Samuel,
698 840 726 867 n
758 817 893 874 licet
931 834 1047 873 non
1096 816 1305 872 fuisset
1352 816 1424 871 de
1475 814 1629 870 tribu
1681 811 1833 879 Levi,

196 908 338 964 unde
387 906 486 962 alii
546 907 901 976 sacerdotes,
933 910 1130 962 tamen
1189 906 1301 961 fuit
1330 928 1355 955 α
1390 904 1542 959 inter
1586 919 1687 958 eos
1734 901 1835 973 qui

195 997 456 1051 invocant
484 1011 698 1050 nomen
730 996 878 1067 ejus,
904 1017 932 1043 »
963 994 1102 1067 quia
1130 993 1403 1049 sacerdos
1435 992 1545 1047 fuit
1573 990 1778 1063 ipsius.

252 1084 351 1140 Isti
385 1082 713 1140 servierunt
742 1082 1009 1151 Domino,
1042 1086 1098 1138 et
1138 1082 1246 1138 hoc
1282 1081 1418 1137 inde
1457 1079 1833 1135 commodum

188 1173 537 1240 habuerunt,
574 1172 727 1245 quod
779 1173 890 1245 ipsi
922 1196 949 1222 «
1001 1172 1350 1228 invocabant
1392 1170 1727 1235 Dominum,
1778 1171 1835 1222 et

185 1263 303 1335 ipse
336 1261 618 1317 audiebat
653 1279 753 1317 eos
786 1279 798 1316 :
833 1261 893 1315 in
940 1261 1216 1317 colemna
1265 1259 1437 1315 nubis
1484 1257 1834 1330 loquebatur

184 1352 255 1407 ab
284 1368 411 1407 eos.
438 1374 466 1400 »
494 1348 626 1406 Ideo
655 1349 714 1405 in
755 1350 911 1406 nube
946 1349 1312 1421 loquebatur,
1346 1346 1484 1420 quia
1513 1347 1831 1403 obscurum

179 1444 302 1497 erat
326 1440 490 1512 quod
521 1438 752 1496 dicebat
792 1439 906 1507 eis;
940 1437 1079 1511 quia
1125 1439 1383 1493 futuram
1433 1441 1575 1504 erat,
1610 1433 1833 1490 scilicet

176 1531 467 1587 adventus
503 1528 746 1584 Chrtsti.
772 1531 906 1595 Quae
957 1528 1144 1584 nubes
1190 1526 1487 1584 Christum
1536 1524 1827 1597 signabat,

171 1619 273 1691 qui
302 1621 399 1675 est
429 1617 599 1674 nobis
620 1617 913 1673 umbratie
933 1621 991 1672 et
1010 1615 1373 1690 refrigerium
1395 1617 1598 1671 contra
1622 1616 1829 1668 aestum

169 1708 612 1775 haereticorum,
635 1711 693 1763 et
721 1707 845 1779 ipse
876 1706 1051 1762 etiam
1090 1723 1192 1778 per
1230 1705 1567 1760 columnam
1606 1702 1829 1776 signifi-

166 1801 360 1865 catur,
388 1812 531 1851 nam
559 1795 687 1867 ipse
716 1800 805 1851 est
847 1793 1141 1860 columna,
1166 1811 1295 1866 qua:
1335 1792 1664 1849 universam
1699 1808 1828 1847 sus-
1857 1826 1907 1891 Β

161 1886 321 1942 tinet
348 1884 696 1941 Ecclesiam.

182 1990 185 1991 '
234 1975 375 2047 Ipse
406 1973 760 2046 loquebatur
790 1973 861 2028 ad
897 1989 1014 2040 eos,
1040 1975 1097 2028 et
1126 1971 1238 2043 ipsi
1261 1995 1286 2021 ‹‹
1314 1969 1723 2026 custodiebant
1753 1974 1828 2024 te-

160 2063 459 2120 stimonia
489 2061 638 2132 ejus,
670 2084 697 2109 ››
721 2061 779 2116 id
823 2065 933 2129 est,
964 2060 1302 2116 communia
1344 2064 1630 2132 prwcepta
1658 2058 1825 2130 legis,

159 2154 222 2208 in
251 2152 485 2225 quibus
507 2151 836 2206 testabatur
856 2150 939 2205 eis
960 2150 1113 2222 quod
1137 2153 1293 2205 esset
1312 2148 1642 2204 faciendum
1666 2171 1692 2196 «
1719 2151 1778 2201 ct
1802 2169 1827 2194 »

159 2242 315 2315 quid
349 2257 491 2307 non,
516 2243 573 2295 et
605 2237 905 2312 singulare
927 2262 953 2288 «
982 2242 1332 2310 praeceptum
1359 2260 1387 2287 ››
1409 2238 1480 2294 (10
1511 2236 1701 2292 ofﬁcio
1731 2252 1829 2290 sa-

161 2327 459 2388 cerdotali
485 2351 513 2379 «
545 2327 702 2400 quod
731 2327 893 2383 dedit
928 2325 1067 2391 illis,
1095 2348 1122 2375 ››
1143 2326 1244 2381 Vel
1276 2343 1379 2398 per
1426 2320 1829 2381 testimenium

161 2434 501 2493 possumus
531 2415 791 2488 accipere
815 2414 1193 2471 caeremonias
1215 2432 1363 2487 quas
1388 2413 1830 2484 faciebant,quze

163 2511 345 2565 erant
372 2508 547 2579 signa
566 2508 623 2560 et
650 2504 1056 2560 testimonium
1087 2502 1447 2559 mirabilium
1471 2520 1597 2574 quae
1620 2501 1834 2557 fecerat

168 2598 262 2653 eis
292 2594 585 2652 Dominus
613 2610 627 2647 :
659 2592 837 2649 veluti
868 2608 1002 2648 cum
1035 2590 1145 2663 ipsi
1177 2591 1560 2647 cemedebant
1588 2607 1830 2663 agnum,

170 2684 568 2743 eomedebant
617 2668 855 2754 azymes'
899 2697 1100 2753 panes,
1126 2680 1405 2735 tenebant
1451 2680 1510 2733 in
1558 2678 1833 2733 manibus

173 2772 446 2843 buculos,
472 2772 709 2845 signum
756 2773 880 2825 erat
906 2774 963 2825 et
990 2768 1395 2826 testimonium
1428 2768 1487 2823 in
1518 2770 1833 2839 conspectu

177 2862 442 2918 ﬁliorum
474 2857 670 2927 Israel,
695 2857 795 2929 qui
825 2857 946 2913 haec
978 2874 1093 2913 non
1112 2855 1380 2912 viderant
1406 2854 1733 2911 eductienis
1764 2854 1834 2910 de

177 2953 445 3026 egypto-

252 3039 373 3113 Ipsi
432 3035 844 3094 custodiebant
896 3034 1255 3105 testimonia,
1279 3036 1337 3089 et
1374 3056 1401 3083 «
1446 3036 1539 3101 tu,
1590 3029 1834 3087 Domine

186 3128 339 3185 Deus
367 3130 570 3181 noster
600 3146 625 3173 ››
649 3124 859 3191 factus,
882 3121 1021 3195 quia
1047 3121 1406 3189 incarnatus,
1433 3144 1460 3170 ‹‹
1486 3119 1836 3176 exaudiebas

187 3232 285 3273 eos
310 3238 338 3263 ››
372 3214 433 3269 in
482 3211 937 3269 necessitatibus
983 3227 1207 3279 eorum,
1234 3233 1261 3260 «
1289 3210 1464 3277 Deus,
1506 3212 1568 3263 tu
1598 3230 1624 3257 ››
1656 3207 1832 3264 etiam
1863 3190 1907 3257 (ἶ

189 3301 470 3375 propitius
503 3299 667 3356 fuisti
698 3298 802 3367 eis,
829 3321 856 3347 »
887 3298 1227 3354 condonans
1258 3300 1517 3369 peccata,
1542 3320 1568 3346 ‹‹
1604 3300 1662 3351 01
1691 3295 1833 3351 ulci-

194 3408 357 3446 scens
413 3389 591 3446 etiam
648 3386 963 3461 aliquando
1017 3386 1077 3441 in
1137 3403 1342 3442 omnes
1398 3384 1838 3441 adinventienes

197 3495 411 3545 eorum,
438 3501 467 3528 n
492 3476 552 3533 id
574 3481 686 3545 est,
709 3480 947 3548 peccata
967 3492 1094 3547 qua:
1118 3475 1271 3530 Deus
1303 3474 1361 3529 in
1383 3473 1499 3529 illis
1531 3492 1645 3529 non
1678 3472 1837 3542 fecit,

202 3573 256 3624 et
278 3567 388 3640 ipsi
419 3567 865 3631 adinvenerunt,
887 3568 953 3620 ut
972 3581 1075 3638 per
1094 3563 1225 3620 illas
1248 3562 1501 3619 ultiones
1521 3561 1840 3635 corrigeres

206 3672 299 3717 eos
320 3661 376 3712 et
403 3656 701 3728 probares.

272 3745 551 3812 Quoniam
584 3744 813 3816 Moyses
863 3746 921 3798 et
964 3744 1153 3798 Aaron
1203 3742 1527 3797 servierunt
1555 3741 1604 3797 ei
1649 3745 1707 3796 et
1735 3740 1843 3796 has

211 3832 473 3890 utilitates
501 3832 642 3889 inde
671 3832 1022 3898 habuerunt,
1047 3848 1183 3904 ergo
1211 3848 1312 3887 vos
1343 3829 1441 3885 alii
1462 3854 1489 3881 ‹‹
1522 3828 1792 3898 cxaltate,
1813 3852 1843 3879 ››

211 3922 265 3978 id
293 3927 395 3993 est,
424 3920 634 3981 altum.
657 3919 1117 3993 omnipotentem
1150 3920 1295 3976 bene
1322 3918 1624 3975 serviendo
1655 3923 1842 3974 esten-

215 4007 325 4066 dite
347 4035 366 4059 ι
390 4010 704 4066 Dominum
726 4008 911 4064 Deum
930 4012 1289 4076 nostrum,et
1309 4009 1544 4063 aderate
1565 4006 1624 4063 in
1647 4010 1846 4062 monte

214 4102 398 4155 sancto
425 4101 575 4172 ejus,
601 4120 629 4147 η
656 4099 714 4154 id
744 4102 853 4169 est,
878 4097 938 4153 in
982 4096 1260 4165 Ecclesia,
1301 4101 1462 4152 extra
1501 4113 1678 4169 quam
1730 4113 1846 4151 non

215 4192 299 4243 est
336 4188 489 4245 locus
531 4187 835 4255 orationis,
864 4209 892 4235 «
916 4186 1194 4258 quoniam
1245 4189 1536 4243 sanctus»
1559 4190 1649 4242 est
1669 4209 1696 4235 ‹‹
1731 4185 1848 4241 Do-

219 4276 400 4336 minus
429 4279 584 4334 Deus
615 4281 832 4333 nester.
845 4298 874 4323 ››

683 4454 759 4510 IN
801 4452 1148 4510 PSALMUM
1186 4453 1370 4509 XCIX.

420 4563 696 4618 ’I‘rruws.
725 4561 977 4617 Psalmus
1005 4561 1176 4617 David
1198 4565 1258 4616 in
1286 4563 1637 4632 confessione.

290 4722 581 4779 «Jubilate
639 4722 776 4778 Dee.
807 4720 1125 4779 »Psalmus
1170 4723 1281 4778 iste
1330 4722 1545 4778 dicitur
1595 4722 1861 4794 psalmus

229 4807 280 4863 in
310 4811 685 4879 confessione,
712 4811 854 4883 quia
883 4811 1171 4882 Propheta
1196 4812 1295 4884 qui
1320 4812 1415 4867 hic
1436 4811 1715 4882 loquitur,
1746 4830 1862 4867 ma-

231 4899 418 4955 teriam
456 4900 633 4956 habet
680 4905 989 4972 utramque
1034 4901 1481 4956 confessionem.
1518 4901 1724 4956 Modus
1756 4916 1770 4955 :
1802 4901 1862 4955 in

234 4988 405 5057 prima
447 4993 633 5063 parte,
664 4994 863 5046 monet
891 5008 998 5047 nos
1046 4992 1119 5047 ad
1171 4990 1595 5047 confessionem
1648 4990 1861 5057 laudis,

232 5075 435 5134 scilicet
462 5083 528 5135 ut
555 5080 741 5135 Deum
791 5080 1122 5148 laudemus,
1146 5084 1203 5135 et
1233 5079 1397 5152 ponit
1445 5097 1654 5135 causas
1686 5095 1865 5151 quare

230 5164 329 5221 hoc
381 5169 570 5224 facere
628 5168 968 5225 debeamus.
1004 5170 1067 5223 In
1117 5169 1397 5236 secunda,
1437 5186 1564 5241 quae
1614 5168 1863 5239 incipit:

233 5253 454 5313 Introite
483 5262 684 5331 portas
716 5258 864 5329 ejus,
902 5281 928 5308 ››
960 5262 1162 5316 monet
1202 5275 1309 5314 nos
1340 5259 1408 5314 ad
1443 5259 1871 5314 confessionem

245 5347 460 5414 peccati,
496 5346 721 5404 scilicet
758 5350 825 5402 ut
874 5364 980 5403 nos
1011 5348 1082 5403 de
1113 5346 1370 5419 peccatis
1417 5363 1785 5414 accusemus,
1819 5349 1877 5400 et

258 5443 360 5490 eum
388 5434 584 5492 solum
618 5437 913 5493 medicum
954 5438 1348 5493 attendamus.
1384 5435 1628 5492 lntentie
1656 5439 1745 5491 est
1774 5452 1875 5490 no-

256 5514 319 5578 bis
347 5526 667 5597 quamdam
718 5544 996 5598 generare
1044 5526 1513 5597 temperantiam,
1548 5524 1768 5580 scilicet
1809 5542 1881 5580 nc

254 5613 413 5672 Sciam
446 5622 712 5673 nostram
737 5616 1112 5689 fragilitatem
1134 5620 1189 5671 et
1219 5619 1457 5689 peccata
1486 5615 1878 5684 attendamus,

1946 547 2227 603 beneﬁcia
2256 551 2313 603 et
2343 547 2637 619 pietatem,
2663 551 2727 604 ut
2756 564 2858 620 per
2876 564 2944 603 ea
2972 546 3211 603 tollatur
3239 548 3588 620 desperatio.

1947 636 2090 691 Item
2125 653 2230 692 nec
2260 635 2446 693 solam
2478 637 2871 692 attendamus
2890 637 2991 693 Dei
3036 636 3502 694 misericordiam
3532 641 3593 695 et

1946 726 2379 797 pietatem,quze
2412 726 2467 781 in
2501 727 2669 782 nobis
2693 727 2907 781 faceret
2936 724 3358 798 negligentiam
3390 728 3446 783 et
3475 726 3591 782 ela-

1946 814 2185 881 tionem,
2219 814 2319 871 sed
2371 820 2573 871 contra
2612 820 2840 872 nostras
2888 814 3273 886 respiciamus
3321 814 3590 871 miserias

1944 908 2003 961 et
2058 903 2425 976 fragilitates,
2458 910 2525 960 ut
2573 909 2806 977 propter
2860 905 2968 959 hoc
3016 920 3325 976 operemur
3366 906 3424 960 et
3471 904 3589 961 Deo

1945 993 2170 1065 placere
2201 994 2566 1050 studeamus.

2014 1084 2084 1137 Et
2101 1084 2170 1137 ad
2204 1082 2629 1137 confessionem
2661 1081 2851 1138 laudis
2879 1082 2961 1137 sic
2992 1084 3265 1137 admonet
3298 1099 3308 1137 :
3342 1083 3387 1138 Ο
3408 1106 3436 1131 ‹‹
3470 1099 3587 1138 em-

1944 1171 2036 1228 nis
2093 1177 2263 1239 terra,
2290 1171 2540 1243 jubilate
2598 1173 2732 1239 Deo,
2764 1194 2788 1219 ››
2822 1172 2878 1226 id
2927 1176 3034 1239 est,
3087 1169 3436 1226 ineffabilem
3488 1171 3587 1242 ju-
3654 1242 3659 1247 η

1941 1262 2301 1317 cunditatem
2349 1262 2419 1317 de
2466 1262 2592 1333 ipse
2625 1266 2819 1316 mente
2865 1260 3181 1331 cencipite;
3232 1258 3590 1315 01αο01νὶ10

1942 1351 2188 1406 Domine
2224 1374 2249 1399 ››
2283 1349 2440 1421 huic,
2486 1351 2557 1406 ad
2619 1350 2853 1406 laudem
2913 1349 3101 1422 ipsius
3149 1349 3294 1403 bene
3339 1363 3588 1419 operan-

1943 1444 2031 1496 tcs
2063 1457 2074 1495 :
2110 1443 2167 1495 et
2207 1440 2316 1495 hoc
2376 1457 2489 1495 non
2547 1439 2751 1506 coacti,
2785 1438 2872 1494 vel
2906 1455 3041 1493 cuin
3075 1436 3273 1509 aliqua
3328 1435 3587 1505 tristitia,

1941 1529 2107 1584 00(1‹‹
2161 1528 2221 1583 10
2277 1527 2496 1595 laetitia,
2559 1527 2804 1583 hilarem
2864 1527 3020 1583 enim
3082 1526 3343 1582 datorem
3397 1523 3592 1599 diligit

1940 1617 2115 1674 Deus.
2152 1640 2178 1665 ››

2016 1730 2037 1757 (1
2077 1707 2335 1762 Introite.
2365 1731 2390 1755 η
2414 1705 2581 1761 Ponit
2611 1722 2846 1761 causam
2881 1708 2937 1759 et
2970 1722 3243 1777 magnam
3275 1704 3585 1760 utilitatem

1940 1814 2163 1864 eorum,
2198 1812 2379 1867 quare
2414 1797 2591 1850 Deum
2625 1794 2863 1850 laudare
2894 1795 3160 1849 debeant.
3191 1793 3582 1850 Continuati‘o.

1938 1887 2090 1941 Bene
2121 1885 2347 1941 debetis
2374 1884 2426 1940 ei
2457 1883 2672 1945 servire
2704 1883 2762 1937 in
2793 1882 3016 1951 laetitia,
3047 1883 3187 1955 quia
3224 1901 3326 1955 per
3354 1883 3464 1939 hoc
3495 1883 3583 1938 in-

1936 1974 2169 2031 trabitis
2203 1974 2260 2029 in
2293 1977 2672 2045 conspectum
2721 1974 2868 2044 ejus.
2904 1973 3021 2028 IIoc
3062 1972 3203 2027 dicit
3231 1990 3244 2027 :
3280 1972 3521 2029 Introite
3555 1995 3582 2021 υ

1937 2065 2009 2120 ad
2042 2064 2235 2135 ipsum
2265 2063 2471 2127 Deum,
2497 2086 2521 2111 ‹‹
2551 2060 2610 2116 in
2638 2065 2951 2133 conspectu
2981 2063 3109 2131 ejus
3133 2084 3161 2110 ››
3186 2061 3450 2117 mansuri
3472 2084 3499 2110 «
3526 2059 3584 2116 in

1938 2152 2401 2218 exsultatione,»
2432 2151 2491 2205 in
2543 2152 2712 2222 cujus
2761 2153 3077 2222 conspectu
3124 2154 3338 2206 aeterna
3387 2150 3589 2207 laetitia

1938 2240 2233 2309 fruemini,
2261 2246 2318 2296 et
2348 2239 2486 2312 quia
2538 2239 2613 2294 ibi
2650 2239 2909 2295 laetitiam
2960 2239 3276 2307 habebitis,
3306 2239 3401 2295 hic
3451 2256 3586 2296 cum

1939 2330 2141 2386 lmtitia
2170 2329 2383 2385 servire
2414 2329 2660 2384 debetis.

2011 2444 2038 2468 ‹‹
2072 2418 2305 2485 Scitote,
2336 2440 2361 2466 ››
2391 2416 2530 2473 11001
2591 2421 2826 2490 propter
2882 2418 2991 2473 hoc
3046 2417 3285 2489 vigilare
3340 2419 3585 2488 debetis,

1940 2532 1967 2559 ‹‹
2006 2507 2281 2580 quoniam
2316 2507 2439 2579 ipse
2468 2510 2558 2562 est
2586 2507 2872 2563 Dominus
2898 2507 3076 2573 Deus,
3097 2530 3123 2555 »
3146 2507 3203 2562 id
3225 2510 3335 2575 est,
3356 2506 3592 2564 Greater

1940 2595 2227 2662 omnium,
2262 2595 2587 2650 secundum
2637 2596 2890 2667 primam
2934 2595 3309 2651 creationem.
3336 2620 3361 2646 ‹‹
3397 2596 3528 2668 Ipse
3560 2619 3588 2647 ››

1940 2686 2115 2741 etiam
2149 2708 2175 2733 (ι
2213 2683 2348 2739 fecit
2406 2700 2512 2738 nos
2545 2704 2571 2732 ››
2603 2682 2663 2736 10
2721 2682 3033 2750 creatione,
3078 2700 3206 2755 quat
3256 2683 3454 2755 potius
3491 2701 3587 2740 va-

1941 2773 2021 2829 let
2050 2773 2109 2827 in
2141 2764 2310 2828 nobis
2355 2788 2535 2844 quam
2585 2771 2761 2826 etiam
2813 2770 3004 2842 prima
3051 2772 3295 2840 creatio;
3320 2794 3348 2822 ‹‹
3383 2776 3443 2828 et
3472 2789 3588 2829 non

1938 2861 2051 2934 ipsi
2086 2884 2115 2911 »
2146 2860 2394 2929 fecimus
2425 2883 2452 2909 ‹‹
2479 2876 2606 2929 000,
2634 2881 2663 2908 ››
2694 2859 2833 2931 quia
2861 2859 3006 2915 nihil
3035 2860 3171 2916 boni
3202 2860 3491 2917 habemus
3520 2877 3591 2917 ex

1941 2950 2133 3007 nobis.

2013 3063 2041 3090 ‹‹
2073 3038 2191 3095 Nos
2223 3060 2252 3087 »
2282 3037 2460 3094 etiam
2510 3054 2719 3093 sumus
2750 3060 2776 3086 ‹‹
2824 3035 3079 3109 populus
3124 3037 3276 3109 ejus,
3309 3059 3339 3087 »
3368 3036 3427 3093 id
3475 3041 3586 3108 est,

1944 3125 2246 3203 praeceptis
2275 3128 2405 3199 ejus
2430 3126 2726 3194 instructi,
2750 3127 2819 3182 ad
2835 3126 2971 3198 jure
2991 3125 3303 3182 vivendum
3332 3125 3589 3196 collecti;

1945 3242 1973 3268 «
2006 3221 2063 3273 et
2099 3234 2255 3282 oves,
2288 3238 2316 3264 ››
2349 3215 2405 3270 id
2454 3218 2561 3283 est,
2594 3214 2892 3286 simplices
2938 3218 2997 3271 et
3040 3214 3402 3284 innocentes,
3436 3215 3591 3286 quod

1944 3308 2070 3379 ipse
2090 3306 2149 3360 in
2173 3303 2334 3360 vobis
2353 3306 2627 3376 operatus
2648 3307 2738 3358 est
2758 3320 2769 3359 :
2795 3320 2929 3359 oves
2950 3304 3080 3359 dice
3102 3327 3129 3353 ‹‹
3155 3320 3383 3375 pascuae
3405 3303 3593 3385 ejus,»

1944 3395 2004 3451 id
2034 3399 2143 3462 est,
2176 3410 2325 3466 quas
2356 3393 2481 3465 ipse
2510 3392 2697 3448 reﬁcit
2726 3390 3133 3463 spiritualibus
3158 3393 3350 3459 bonis,
3381 3395 3440 3450 et
3464 3392 3596 3450 cibo

1946 3484 2226 3556 corporis,
2261 3486 2319 3539 et
2357 3481 2664 3555 sanguinis
2711 3482 2824 3548 sui,
2858 3485 2915 3536 et
2961 3486 3132 3553 pastu
3181 3482 3390 3538 divinae
3440 3483 3593 3539 Seri-

1946 3578 2151 3648 pturaa.
2992 3642 2997 3649 Α

2021 3685 2050 3713 ‹‹
2086 3661 2345 3717 Introite.
2375 3684 2401 3708 ››
2436 3661 2575 3715 Pars
2604 3658 2879 3714 secunda.
2912 3660 2982 3714 Et
3018 3659 3158 3729 quia
3186 3659 3439 3731 populus
3467 3661 3596 3731 ejus

1951 3757 2011 3808 et
2039 3768 2173 3807 oves
2198 3748 2363 3815 estis,
2384 3749 2514 3804 ideo
2544 3771 2571 3797 ‹‹
2607 3748 2842 3802 introite
2892 3751 3088 3817 portas
3124 3747 3251 3816 ejus
3283 3747 3345 3801 in
3370 3747 3596 3803 confes-

1952 3841 2135 3907 sione,
2159 3863 2185 3888 ‹‹
2218 3839 2272 3893 id
2324 3841 2431 3900 est,
2464 3835 2821 3891 conﬁtemini
2874 3837 3111 3905 peccata
3136 3838 3330 3890 vestra
3361 3851 3374 3888 :
3409 3838 3471 3889 et
3494 3852 3599 3906 per

1951 3930 2062 3985 hoc
2095 3952 2121 3978 ‹‹
2154 3925 2388 3982 introite
2420 3928 2637 3997 portas,
2666 3944 2692 3973 ››
2716 3924 2771 3977 id
2802 3927 2909 3990 est,
2932 3922 3102 3977 initia
3129 3922 3501 3993 perveniendi
3523 3924 3598 3980 ad

1951 4033 2148 4072 veram
2178 4014 2389 4081 vitam;
2422 4010 2642 4068 scilicet
2659 4009 3092 4066 misericordias
3112 4010 3242 4082 ejus
3266 4010 3523 4081 introite,
3545 4015 3609 4075 et

1956 4104 2286 4161 conﬁtendo
2320 4105 2553 4173 peccata
2580 4104 2793 4168 vestra,
2824 4100 3037 4156 intrate
3068 4100 3129 4155 in
3160 4122 3188 4150 ‹‹
3222 4100 3373 4156 atria
3400 4102 3552 4174 ejus,
3580 4126 3610 4153 η

1956 4194 2014 4249 id
2035 4196 2143 4260 est,
2160 4192 2218 4246 in
2242 4189 2485 4262 collegia
2503 4193 2842 4245 sanctorum
2865 4188 3262 4260 apostolorum
3284 4192 3342 4245 et
3361 4189 3611 4248 aliorum

1958 4286 2317 4348 sanctorum,
2351 4277 2575 4336 scilicet
2596 4278 3015 4335 centormando
3046 4294 3148 4335 vos
3179 4279 3401 4336 sanctis
3430 4278 3491 4335 in
3522 4280 3617 4353 ple

1960 4369 2229 4431 nitudine
2278 4366 2545 4440 justitiaz,
2579 4370 2638 4423 et
2682 4370 2822 4422 tunc
2852 4390 2879 4416 ‹‹
2916 4366 3339 4423 conﬁtemini?»
3370 4368 3618 4424 Domine

1963 4486 1990 4511 ‹‹
2022 4461 2085 4515 10
2116 4457 2373 4531 hymnis,
2398 4478 2425 4505 »
2449 4456 2508 4511 id
2539 4460 2648 4522 est,
2673 4454 2734 4510 in
2766 4454 3064 4511 laudibus.
3097 4456 3263 4510 Tunc
3294 4454 3453 4509 enim
3484 4471 3619 4526 pes-

1885 4558 1933 4622 1)
1966 4566 2174 4606 sumus
2206 4546 2522 4603 Dominum
2544 4545 2785 4601 laudare
2815 4541 3267 4615 acceptabiliter,
3296 4559 3433 4598 cum
3456 4542 3622 4615 prius

1972 4641 2208 4712 peccata
2237 4634 2487 4692 confessi
2518 4650 2747 4690 sumus.

2041 4726 2179 4782 Dico
2211 4748 2237 4773 ‹‹
2275 4721 2656 4793 conﬁtemini,
2684 4744 2711 4770 ››
2742 4738 2847 4776 nec
2885 4720 3041 4792 apud
3088 4736 3190 4776 vos
3237 4723 3491 4789 tantum,
3525 4721 3626 4777 sed

1971 4840 1997 4865 ‹‹
2035 4815 2267 4870 laudate
2302 4836 2329 4860 ››
2360 4812 2515 4883 apud
2575 4809 2721 4866 alios
2764 4832 2791 4861 ι(
2842 4826 3056 4864 001000
3118 4809 3269 4880 ejus,
3307 4832 3335 4859 ››
3367 4809 3628 4865 dicentes

1976 4928 2003 4955 ιι
2037 4903 2314 4975 quoniam
2362 4898 2645 4955 Dominus
2683 4923 2703 4948 ιι
2742 4899 2849 4954 iste
2886 4918 2909 4945 ι·
2942 4898 3139 4953 suavis
3169 4902 3261 4954 est
3300 4921 3326 4947 n
3358 4902 3414 4953 et
3441 4897 3630 4952 dulcis

1972 4991 2371 5066 gustantibus,
2403 4992 2460 5044 et
2514 4987 2918 5043 misericordia
2958 4989 3088 5059 ejus
3122 5011 3149 5035 ››
3180 4991 3268 5042 001
3298 5008 3326 5037 α
3358 4986 3416 5040 10
3465 4988 3628 5039 10101·-

1975 5099 2139 5147 num,
2176 5103 2204 5128 ››
2239 5078 2295 5134 id
2339 5082 2451 5146 est,
2482 5095 2550 5133 ea
2599 5094 2727 5149 qua:
2787 5076 2895 5132 iste
2953 5075 3238 5131 Dominus
3296 5090 3398 5144 per
3453 5071 3627 5126 mise-

1981 5168 2293 5226 ricordiam
2351 5184 2521 5222 suam
2595 5165 2861 5237 largitur,
2933 5166 3159 5219 ducunt
3224 5159 3494 5215 homines
3558 5160 3630 5215 ad

1984 5257 2389 5314 acternitatem.
2422 5278 2449 5305 ‹‹
2494 5256 2564 5311 Et
2614 5254 2830 5309 veritas
2886 5253 3034 5322 ejus,
3073 5274 3099 5298 ››
3147 5248 3207 5303 id
3257 5252 3348 5303 est
3393 5265 3461 5304 ea
3508 5264 3638 5320 qum

1989 5345 2286 5418 complent
2334 5343 2755 5416 promissioncs
2797 5340 2921 5405 Dei,
2953 5356 3056 5410 per
3084 5355 3211 5409 quae
3239 5353 3413 5393 verax
3461 5353 3642 5409 appa-

1988 5442 2074 5492 ret
2103 5436 2279 5499 Deus,
2316 5437 2456 5488 sunt
2487 5455 2512 5480 ‹‹
2550 5431 2604 5484 in
2636 5428 3012 5501 generatione
3041 5432 3098 5482 et
3126 5427 3583 5499 generationem,
3618 5449 3647 5476 »

1991 5526 2048 5580 id
2079 5529 2187 5591 est,
2215 5526 2434 5578 aeterna
2481 5523 2620 5573 sunt
2653 5535 2665 5571 :
2705 5518 2858 5572 idem
2902 5516 3226 5587 accipimus
3276 5532 3378 5587 per
3423 5514 3653 5572 miseri-

2001 5613 2259 5670 cordiam
2296 5614 2353 5665 et
2381 5607 2702 5672 veritatem,
2736 5606 2836 5661 sed
2872 5605 3114 5662 diversis
3147 5606 3358 5662 modis.
