4018 6176
531 315 642 376 531

555 450 560 456 ’
1076 425 1534 506 IN'PSALMUM
1574 447 1634 503 c.

896 543 1170 595 Trruws.
1203 541 1456 595 Psalmus
1487 541 1596 611 ipsi
1623 539 1814 595 David.

607 655 634 681 ‹‹
667 631 1145 688 Misericordiam.
1175 652 1202 678 ››
1235 629 1502 685 Psalmus
1531 629 1638 686 istc
1683 634 1772 685 est
1819 631 1996 686 David
2047 648 2178 703 pro-

531 723 737 793 phetae,
771 719 884 792 qui‘
901 719 1179 791 loquitur,
1199 719 1288 775 vel
1309 720 1717 791 cujuscunque
1734 720 1882 791 justi
1917 719 2174 792 perfecti.

530 810 832 865 Materiam
851 810 1028 865 habet
1045 811 1358 882 perfectam
1380 810 1900 878 conversationem,
1916 827 2093 882 quam
2118 811 2177 865 in

527 899 719 971 seipse
751 899 1024 955 ostendit.
1059 901 1268 955 Modus
1292 916 1305 956 :
1328 899 1386 955 in
1419 900 1610 971 prima
1639 903 1801 971 parte
1831 901 2088 955 ostendit
2115 918 2176 956 se

516 993 680 1064 juste
708 992 918 1058 vivere,
951 995 1009 1046 et
1055 991 1346 1046 malorum
1395 991 1755 1046 consortium
1804 991 2077 1047 devitarc.
2111 993 2171 1047 In

525 1081 640 1138 alia
667 1085 851 1154 parte,
883 1097 1010 1152 qua:
1062 1080 1267 1152 incipit
1300 1098 1312 1135 :
1345 1104 1364 1130 ιι
1391 1079 1551 1136 Oculi
1585 1081 1720 1143 mei,
1750 1104 1776 1128 υ
1807 1082 2066 1136 ostendit
2114 1099 2176 1137 se

525 1173 812 1227 bonorum
843 1171 1136 1226 consortio
1168 1170 1480 1225 adbzcrere.
1515 1169 1769 1225 Intcndit
1799 1189 1904 1227 nos
1937 1189 2038 1242 per
2067 1173 2176 1228 hoc

525 1261 596 1316 ad
621 1260 889 1315 habitum
913 1261 1174 1332 perfecta:
1197 1260 1654 1320 conversationis
1675 1260 1916 1316 invitare
1941 1279 1953 1316 :
1977 1266 2052 1329 et,
2079 1280 2176 1318 an-

523 1354 760 1422 tequam
779 1351 851 1405 de
866 1349 976 1405 hac
992 1349 1427 1404 conversatione
1444 1354 1599 1420 agat,
1615 1350 1811 1421 praemi
1823 1349 1916 1404 ttit
1933 1368 2170 1406 causam

523 1455 704 1510 quare
759 1438 934 1493 talem
991 1438 1169 1509 eligat
1211 1439 1731 1506 conversationem,
1766 1439 1988 1494 scilicet
2034 1441 2174 1512 quia

523 1529 708 1585 Deum
733 1527 982 1583 attendit
1003 1545 1117 1583 non
1143 1531 1371 1583 tantum
1390 1529 1579 1600 pium,
1597 1529 1694 1584 sed
1722 1529 1896 1584 etiam
1915 1529 2168 1599 justum.

523 1619 582 1674 Si
614 1618 773 1673 enim
805 1617 1211 1673 tantummodo
1242 1617 1404 1689 pium
1454 1619 1797 1686 attenderet,
1834 1635 1936 1690 pro
1986 1619 2171 1674 nihilo

519 1707 832 1774 laboraret,
863 1723 998 1762 cum
1030 1707 1213 1762 Deum
1247 1709 1445 1762 omnia
1487 1724 1554 1763 ex
1597 1707 1809 1779 pietate
1841 1709 2170 1763 condonare

519 1797 752 1867 putaret
783 1811 797 1849 :
831 1795 930 1849 sed
963 1793 1103 1866 quia
1124 1795 1355 1865 justum
1387 1794 1704 1866 cognoscit,
1730 1799 1787 1849 et
1814 1795 1884 1850 de
1916 1796 2170 1866 peccatis
2201 1817 2246 1881 Β

517 1882 948 1939 vindicaturum
973 1883 1268 1956 intelligit,
1289 1884 1616 1939 timendum
1641 1887 1890 1956 reputat,
1913 1887 1969 1938 et
1984 1883 2168 1939 omni-

519 1970 630 2026 bus
655 1969 846 2026 modis
869 1969 1253 2042 placandum;
1279 1974 1336 2026 ct
1354 1971 1489 2026 inde
1514 1971 1690 2026 dicit:
1717 1989 1749 2026 ο
1772 1971 2034 2038 Domine,
2059 1988 2164 2042 ego

516 2058 763 2116 cantabo
794 2057 900 2113 tibi
934 2057 1393 2114 misericordiam
1426 2063 1482 2114 et
1502 2057 1815 2129 judicium,
1839 2058 1897 2114 id
1930 2062 2019 2114 est
2048 2059 2167 2114 lau-

516 2147 664 2203 dabo
698 2149 754 2203 te
784 2148 856 2204 dc
885 2146 994 2203 hoc
1017 2147 1168 2220 quod
1191 2149 1254 2202 tu
1278 2147 1460 2204 babes
1490 2149 1676 2204 facere
1704 2145 2161 2203 misericordiam

515 2236 670 2304 aliis,
692 2239 749 2292 et
769 2235 1084 2308 judicium,
1110 2235 1248 2309 quia
1279 2236 1453 2308 punis
1483 2254 1587 2308 pro
1617 2237 1891 2306 peccatis.

588 2325 893 2382 Praemissa
923 2342 1120 2392 causa,
1144 2324 1347 2396 incipit
1365 2326 1492 2396 jam
1513 2326 1817 2380 ostendere
1843 2343 2011 2381 suam
2037 2327 2163 2396 jus-

513 2415 736 2482 titiam;
773 2431 839 2470 ac
871 2413 921 2469 si
955 2413 1208 2470 diceret:
1243 2413 1390 2479 Quia
1420 2431 1534 2468 non
1567 2418 1798 2469 tantum
1832 2415 2160 2470 misericor-

514 2504 670 2568 dem,
698 2501 798 2558 sed
831 2501 1008 2557 etiam
1049 2502 1415 2574 judicantem
1465 2501 1748 2574 intelligo,
1783 2503 1910 2558 ideo
1940 2527 1969 2553 «
2004 2503 2158 2576 psal-

513 2591 690 2660 lam,»
712 2590 772 2647 id
791 2594 898 2659 est,
921 2591 1068 2648 bene
1088 2592 1388 2664 Operabor,
1406 2596 1463 2649 et
1481 2609 1584 2666 per
1602 2592 1712 2648 hoc
1732 2593 1929 2648 venies
1951 2594 2022 2649 ad
2044 2611 2156 2663 me,

513 2684 580 2738 ut
609 2679 669 2736 in
700 2694 794 2742 me
823 2677 1071 2738 habites.
1099 2681 1170 2737 Et
1191 2704 1220 2731 «
1248 2681 1482 2754 quando
1507 2704 1536 2731 ››
1557 2687 1618 2738 tu
1644 2705 1671 2731 ‹‹
1695 2680 1890 2738 venies
1912 2683 1984 2739 ad
2006 2700 2158 2754 me,»

512 2769 571 2826 id
603 2773 710 2838 est,
743 2772 798 2825 te
827 2785 956 2826 esse
987 2770 1098 2826 mei
1130 2787 1527 2842 possessorem
1577 2774 1635 2826 et
1681 2771 2155 2842 inhabitatorem,

510 2859 571 2916 in
603 2876 718 2932 quo
766 2858 875 2914 hoc
898 2882 926 2908 ‹‹
978 2858 1340 2932 intelligam?
1379 2861 1440 2916 In
1471 2860 1565 2916 via
1612 2859 2012 2930 immaculata,
2039 2884 2066 2911 »
2098 2861 2157 2917 id

509 2951 616 3016 est,
637 2948 776 3022 quia
798 2947 1004 3003 incedo
1027 2947 1422 3017 immaculato,
1447 2948 1669 3006 scilicet
1689 2967 1791 3022 per
1809 2951 1963 3007 bona
1983 2967 2158 3024 opera

507 3037 734 3106 incedo,
759 3040 817 3094 et
845 3035 1106 3110 intelligo
1128 3038 1282 3109 quod
1313 3041 1374 3092 tu
1407 3039 1478 3094 ad
1511 3055 1716 3094 omnes
1739 3038 1902 3096 venis
1933 3039 2156 3095 inhabi-

506 3127 740 3194 tandos,
765 3124 866 3198 qui
897 3142 1001 3197 per
1022 3149 1048 3176 (ι
1074 3125 1453 3181 immaculata
1476 3148 1503 3174 »
1527 3143 1701 3198 opera
1729 3127 2026 3183 incedunt.

576 3214 703 3270 Dixi
738 3238 766 3266 ‹‹
801 3213 1070 3286 psallam,
1099 3237 1126 3263 ››
1149 3218 1206 3270 et
1243 3215 1371 3285 jam
1421 3231 1554 3270 sum
1602 3219 1895 3286 operatus.
1928 3217 1997 3270 Et
2043 3216 2152 3271 hoc

504 3302 648 3360 dicit
667 3327 694 3354 ‹‹
720 3301 1223 3376 perambulabam,
1247 3324 1274 3350 ››
1296 3301 1353 3357 id
1377 3306 1465 3358 est
1485 3303 1829 3374 pertransivi
1856 3303 2152 3360 voluntate

503 3391 625 3447 haec
655 3393 1112 3462 mundana,quze
1144 3390 1202 3445 in
1236 3394 1447 3445 natura
1467 3391 1559 3445 sui
1583 3407 1814 3462 semper
1836 3397 1978 3448 sunt
1999 3397 2155 3448 tran-

502 3480 849 3546 sitoria,boc
869 3482 959 3533 est
982 3494 994 3532 :
1020 3495 1136 3533 non
1159 3479 1418 3550 reputavi
1443 3496 1534 3534 me
1557 3479 1652 3534 hic
1673 3479 1887 3535 habere
1909 3498 2148 3538 manen-

501 3573 618 3626 tem
643 3567 960 3638 civitatem,
985 3567 1086 3623 sed
1120 3584 1350 3640 semper
1379 3572 1588 3640 appeto
1615 3567 1928 3636 cozlestcm,
1952 3574 2010 3625 et
2041 3571 2150 3627 hoc

498 3681 527 3708 ‹‹
563 3658 622 3713 in
654 3655 988 3713 innocentia
1016 3656 1210 3713 cordis
1250 3657 1386 3712 mei.
1411 3679 1439 3707 »
1474 3658 1583 3713 Sed
1628 3674 1742 3712 non
1784 3661 2014 3714 tantum
2046 3660 2146 3716 ab-

497 3745 678 3802 stinui
713 3763 925 3802 manus
956 3763 1027 3802 ne
1059 3749 1336 3802 nocerent
1376 3745 1660 3818 proximo,
1695 3747 1794 3800 sed
1845 3747 2020 3802 etiam
2049 3766 2146 3803 vo-

497 3834 823 3892 luntatem:
858 3838 915 3891 et
946 3835 1056 3891 hoc
1087 3859 1113 3885 ‹‹
1141 3835 1200 3890 in
1233 3834 1423 3890 medio
1455 3835 1666 3890 domus
1697 3852 1862 3903 meae,
1886 3859 1913 3885 »
1947 3837 2002 3892 id
2038 3842 2146 3905 est,

498 3923 969 3994 congregationis
1017 3924 1302 3992 ﬁdelium,
1337 3923 1490 3979 inter
1537 3941 1683 3997 quos
1711 3923 1888 3989 junus
1936 3943 2094 3982 cram
2130 3945 2143 3982 :

499 4019 634 4063 cum
686 4009 827 4064 dicit
857 4033 884 4058 «
919 4011 978 4064 in
1030 4012 1242 4078 medio,
1279 4035 1305 4061 η
1340 4016 1503 4068 notat
1541 4014 1696 4086 quod
1752 4015 2028 4071 omnibus
2086 4016 2146 4071 in

500 4095 816 4166 semetipso
847 4099 1206 4167 proponebat
1232 4101 1563 4172 exemplum
1597 4103 1742 4158 bene
1772 4105 2072 4176 operandi.

572 4181 782 4236 Praater
809 4182 919 4237 hoc
950 4185 1128 4238 etiam
1151 4209 1178 4233 ‹‹
1209 4204 1322 4240 non
1357 4191 1748 4259 proponebam
1783 4196 1918 4247 ante
1947 4193 2146 4248 oculos

500 4285 662 4323 meos
714 4291 741 4316 »
774 4269 1098 4335 interiores,
1147 4271 1405 4344 aliquam
1438 4298 1466 4324 ‹‹
1518 4293 1638 4330 rem
1687 4277 1967 4348 injustam
2006 4304 2031 4328 η
2086 4286 2148 4335 ut

499 4355 643 4410 mihi
677 4355 931 4428 placeret
958 4355 1154 4428 aliqua
1183 4357 1496 4428 injustitia,
1522 4362 1620 4416 sed
1655 4363 1851 4432 potius
1873 4388 1898 4413 α
1931 4366 2143 4420 facien-

494 4448 582 4500 tes
613 4467 639 4494 »ι
665 4443 1022 4500 actualitem
1059 4447 1582 4517 przevaricationes,
1612 4472 1637 4497 ››
1673 4449 1728 4504 id
1779 4455 1868 4505 est
1918 4451 2144 4524 aliquas

494 4533 846 4590 offensiones
876 4538 1078 4590 contra
1110 4540 1464 4608 praeceptum
1496 4535 1642 4608 legis
1673 4561 1699 4586 ‹‹
1737 4538 1910 4594 odivi.
1941 4563 1965 4589 ι»

490 4625 498 4632 “
565 4622 634 4675 Et
662 4623 836 4678 etiam
862 4647 888 4672 ι(
913 4641 1012 4678 cor
1043 4641 1308 4695 pravum,
1337 4649 1364 4673 ››
1389 4625 1446 4680 id
1479 4630 1568 4680 est
1607 4625 1780 4680 homo
1829 4629 1984 4699 pravi
2018 4647 2141 4684 cor-

493 4710 604 4774 dis,
631 4709 850 4765 scilicet
882 4712 1200 4769 malevolus
1230 4713 1466 4784 aliquis,
1492 4741 1516 4764 ‹‹
1555 4715 1684 4769 licet
1717 4733 1829 4770 non
1859 4722 1988 4772 artu
2025 4737 2140 4774 ma-

491 4797 681 4853 litiam
709 4820 734 4846 υ
768 4817 935 4853 suam
987 4806 1360 4872 exsequatur,
1389 4828 1414 4850 ει
1452 4821 1565 4859 non
1617 4804 1864 4859 adhaesit
1909 4807 2072 4875 mihi,
2113 4834 2138 4858 ››

491 4887 544 4942 id
581 4889 690 4958 est,
725 4904 839 4942 non
871 4888 1092 4960 placuit
1122 4889 1287 4958 mihi,
1321 4909 1426 4946 nec
1465 4892 1574 4948 fuit
1604 4893 1747 4948 mihi
1782 4894 2088 4953 familiaris
2121 4915 2134 4952 :

490 5001 517 5026 α
551 4975 943 5031 declinantem
969 5000 994 5026 ››
1019 4995 1150 5033 vero
1174 5003 1202 5028 «
1234 4997 1268 5033 a
1297 4997 1408 5046 me,
1440 5002 1466 5028 »
1488 4980 1544 5034 id
1577 4985 1664 5036 est
1696 4983 1958 5040 moribus
1994 4985 2140 5041 meis

490 5066 775 5121 assentire
805 5066 1108 5133 vitantem,
1140 5067 1335 5138 ipsum
1366 5067 1494 5123 dico
1537 5073 1772 5140 propter
1811 5072 1920 5128 hoc
1950 5099 1976 5122 ‹‹
2015 5093 2134 5129 ma-

489 5151 747 5223 lignum;
775 5177 802 5203 ››
836 5155 886 5210 si
917 5156 1072 5228 apud
1127 5155 1356 5228 aliquos
1413 5158 1805 5227 praetendebat
1843 5161 2136 5231 justitiam

489 5255 733 5313 suam,«
773 5242 932 5300 hunc
990 5261 1104 5299 non
1165 5245 1588 5317 cognoscebam
1631 5267 1658 5294 »
1695 5247 1926 5318 justum
1985 5267 2134 5318 esse,

489 5327 641 5382 sicut
671 5329 768 5384 alii
801 5336 1030 5403 putant,
1056 5350 1160 5388 nec
1192 5333 1369 5388 vitam
1405 5333 1594 5404 ipsius
1625 5336 2042 5406 approbabam.

561 5437 586 5460 ‹‹
625 5415 1031 5476 Detrahentem
1067 5425 1287 5477 secreto
1319 5421 1581 5493 proximo
1613 5441 1719 5478 suo
1751 5423 1906 5479 hunc
1938 5442 2133 5496 perse—

490 5502 711 5570 quebar
743 5529 768 5552 ››
801 5506 1061 5578 diligenti
1113 5511 1532 5578 exhortatione,
1570 5516 1632 5566 ut
1683 5514 1754 5566 ab
1805 5532 1996 5570 errore
2028 5534 2134 5570 suo

489 5587 863 5647 retraherem.

948 317 1358 377 llAYMONIS
1390 313 1930 375 HALBERSTAT.
1968 313 2207 374 EPISC.
2243 315 2414 375 OPP.
2453 317 2652 378 PAltS
2681 318 2729 377 Ῑ.
2767 351 2839 362 -—
2871 318 3270 380 COMMENT.
3303 322 3496 383 DlBL.

3752 331 3854 392 53%

2207 447 2263 514 Α
2363 449 2546 506 Homo
2599 467 2732 506 vero
2790 451 2889 524 qui
2921 475 2948 502 ‹‹
3000 453 3252 526 superbo
3323 455 3477 512 oculo
3521 481 3546 507 ››
3581 465 3852 534 apparebat,

2289 560 2315 585 ‹‹
2345 541 2401 591 et
2432 538 2752 594 insatiabili
2774 542 3003 613 corde,»
3027 542 3082 596 id
3117 547 3207 598 est
3233 561 3419 612 avaro,
3443 570 3469 594 η
3499 564 3616 603 cum
3645 549 3733 606 hoc
3758 570 3848 610 non

2285 627 2530 682 edebam
2573 651 2600 676 ››
2631 629 2828 685 cibum
2879 631 3256 703 corporalem,
3285 633 3370 689 vel
3419 637 3596 708 potius
3637 641 3855 711 spiritua-

2286 713 2422 782 lem,
2456 715 2679 772 scilicet
2726 718 3011 775 Dominici
3046 721 3302 793 corporis
3353 725 3708 783 refectionem.
3735 730 3852 787 Sunt

2285 803 2439 858 enim
2466 805 2773 862 manifeste
2798 807 2893 863 isti
2919 808 3055 864 mali
3079 826 3113 864 a
3133 809 3259 866 cibo
3281 811 3550 870 bonorum
3571 821 3850 888 separandi;

2286 892 2441 946 unde
2471 893 2624 948 enim
2658 896 2969 968 Apostolus
2994 915 3039 954 :«
3068 899 3212 954 Cum
3241 899 3680 972 hujusmodi'noo
3697 907 3849 966 cibum

2286 996 2536 1037 sumere.
2564 1004 2590 1031 ))

2358 1069 2496 1125 Pars
2528 1074 2802 1129 secunda.
2829 1099 2856 1123 ‹‹
2892 1075 3115 1131 Oculi.»
3141 1077 3236 1132 Isti
3271 1097 3381 1134 non
3415 1080 3700 1152 placebunt
3724 1086 3849 1154 mihi,

2285 1158 2385 1212 sed
2411 1182 2438 1208 ‹‹
2464 1161 2612 1215 oculi
2640 1163 2772 1229 mei,
2803 1188 2828 1212 ››
2853 1163 2906 1218 id
2939 1169 3047 1232 est,
3069 1167 3402 1223 affectiones
3421 1186 3574 1238 mea),
3599 1177 3742 1227 erant
3759 1199 3779 1220 ει
3798 1177 3848 1230 ad

2286 1246 2506 1318 ﬁdeles,
2535 1274 2560 1297 υ
2585 1268 2697 1306 non
2748 1252 2924 1309 unius
2980 1254 3110 1322 loci,
3145 1257 3246 1310 sed
3289 1280 3316 1306 ‹‹
3361 1262 3536 1326 terrae,
3568 1264 3627 1314 ut
3665 1263 3853 1318 sedeant

2283 1351 2536 1403 mecum,
2565 1362 2592 1386 ››
2625 1339 2678 1393 id
2712 1345 2800 1395 est
2829 1347 2893 1396 ut
2923 1342 3146 1398 similes
3177 1345 3322 1400 mihi
3365 1347 3503 1402 fiant
3530 1351 3584 1403 et
3609 1349 3854 1420 quiescant

2284 1422 2340 1476 in
2390 1425 2775 1483 delectatione
2823 1430 3091 1503 justitiaz,
3135 1435 3288 1489 sicut
3335 1451 3456 1505 ego.
3480 1460 3505 1484 ‹‹
3537 1438 3810 1496 Ambulans
3831 1467 3851 1489 »

2280 1515 2473 1567 autem
2499 1537 2526 1563 ‹‹
2555 1515 2612 1570 ἱη
2642 1516 2734 1572 via
2764 1518 3161 1589 immaculata,
3197 1522 3293 1579 hic
3324 1524 3462 1579 mihi
3495 1525 3852 1585 ministrabat.»

2280 1601 2431 1690 Sunt
2459 1604 2617 1659 enim
2648 1605 2896 1679 eligendi
2945 1611 3149 1665 mundi
3191 1616 3250 1667 et
3291 1612 3512 1670 honesti
3542 1615 3638 1671 viri
3667 1617 3752 1690 qui
3773 1619 3854 1673 mi-

2279 1689 2531 1747 nistrent
2562 1692 2620 1748 in
2649 1695 2823 1751 domo
2855 1697 3107 1755 Domini.

2350 1801 2377 1826 ‹‹
2412 1780 2520 1846 Qui
2551 1782 2688 1838 facit
2717 1787 3074 1857 superbiam.
3097 1812 3123 1837 ››
3150 1790 3276 1846 Non
3299 1791 3428 1848 dico
3457 1793 3516 1848 in
3537 1793 3710 1867 aliqua
3735 1802 3854 1868 parte

2273 1866 2487 1923 domus
2519 1869 2642 1941 Dei,
2667 1873 2806 1944 quia
2846 1875 2984 1931 mali
3031 1883 3454 1950 supportantur
3499 1882 3554 1937 in
3599 1866 3855 1942 Ecclesiae

2275 1954 2548 2026 praelatis,
2565 1964 2629 2014 ut
2650 1961 3019 2035 corrigantur
3038 1970 3092 2020 et
3117 1967 3430 2037 desistant,
3445 1971 3541 2026 sed
3565 1995 3590 2022 ‹‹
3612 1989 3712 2028 non
3737 1973 3854 2030 babi-

2273 2043 2425 2134 tabit
2448 2045 2505 2100 in
2540 2049 2731 2104 medio
2764 2051 2976 2109 domus
3007 2071 3170 2121 mete,
3200 2079 3227 2105 »
3253 2055 3316 2112 id
3347 2063 3435 2115 est
3460 2063 3852 2134 congregationis

2273 2131 2557 2190 ﬁdelium.
2575 2137 2719 2193 Cum
2743 2139 2903 2208 dicit,
2931 2165 2958 2192 ‹‹
2983 2141 3045 2197 in
3077 2143 3333 2213 medio,»
3356 2147 3455 2202 dat
3482 2131 3850 2221 intelligendum

2273 2221 2426 2310 quod
2451 2223 2626 2279 talem
2651 2244 2763 2282 non
2789 2228 2958 2284 faciet
2971 2230 3082 2286 sibi
3103 2232 3476 2303 familiarem,
3493 2253 3591 2292 nec
3611 2237 3850 2310 praelatum

2273 2307 2330 2362 in
2361 2309 2534 2367 domo
2565 2313 2665 2369 Dei
2696 2317 3028 2387 constituet,
3056 2337 3090 2375 a
3111 2336 3226 2391 quo
3257 2321 3360 2377 alii
3383 2322 3466 2380 vel
3493 2307 3693 2382 malum
3713 2343 3851 2382 exem-

2270 2397 2454 2468 plum,
2479 2401 2814 2460 vel'malam
2846 2405 3136 2479 acuipiant
3159 2410 3490 2469 doctrinam
3513 2430 3526 2469 :
3551 2431 3654 2470 non
3675 2420 3850 2471 tantum

2270 2509 2296 2534 «
2323 2487 2420 2559 qui
2449 2489 2583 2544 facit
2604 2493 2999 2564 superbiam,»
3023 2499 3122 2552 sed
3146 2499 3330 2556 etiam
3354 2525 3383 2550 «
3408 2501 3505 2574 qui
3527 2501 3754 2576 loquitur
3771 2504 3848 2560 ini-

2269 2592 2405 2665 qua,
2433 2601 2460 2626 »
2485 2579 2705 2636 scilicet
2733 2583 2835 2654 qui
2885 2587 3218 2644 consuescit
3247 2589 3316 2644 in
3367 2590 3714 2665 maliloquio;
3753 2592 3850 2648 licet

2267 2664 2362 2721 bis
2387 2671 2444 2722 et
2474 2667 2584 2724 sibi
2611 2669 2908 2728 similibus
2929 2674 3186 2732 directus
3207 2685 3511 2752 appareat,
3531 2664 3706 2738 tamen
3727 2705 3749 2731 ιι
3765 2698 3848 2737 non

2269 2755 2478 2812 direxit
2508 2757 2566 2814 in
2611 2764 2923 2834 conspectu
2971 2763 3278 2822 oculorum
3333 2785 3656 2838 meorum,»
3683 2770 3850 2827 scilicet

2267 2849 2334 2900 ut
2360 2846 2502 2901 mihi
2537 2847 2810 2920 placeret.

2339 2958 2366 2984 ‹‹
2400 2935 2462 2990 In
2512 2938 2821 2995 matutino.
2857 2963 2884 2991 »
2929 2941 3096 2998 Ponit
3153 2961 3402 3002 causam
3451 2965 3618 3020 quare
3660 2949 3848 3005 istorum

2266 3023 2451 3096 fugiat
2481 3024 2840 3097 societatem,
2867 3029 3004 3101 quia
3031 3034 3398 3108 quandoque
3425 3037 3573 3094 videt
3610 3054 3695 3094 eos
3729 3040 3848 3092 aeter-

2265 3112 2479 3168 naliter
2507 3115 2800 3172 consortio
2841 3118 3126 3175 bonorum
3171 3125 3562 3194 separandos;
3591 3143 3650 3182 ac
3675 3125 3716 3180 si
3740 3125 3849 3180 dice-

2186 3183 2229 3249 C
2262 3205 2386 3256 ret:
2417 3202 2547 3258 Ideo
2600 3207 2946 3276 separabam
2979 3225 3073 3264 me
3121 3227 3155 3264 a
3201 3183 3450 3281 talibus,
3483 3183 3652 3286 quiau
3681 3213 3845 3269 interﬁ-

2260 3288 2510 3362 cicbam,
2533 3313 2560 3340 »
2589 3293 2648 3348 id
2678 3297 2768 3349 est
2795 3293 3196 3354 interficiendo
3227 3300 3620 3376 intelligebam
3641 3327 3666 3352 ‹‹
3693 3317 3846 3358 omnes

2261 3383 2593 3450 peccatores
2627 3386 2791 3436 terra:
2837 3383 2895 3438 in
2931 3387 3239 3458 matutino,
3275 3412 3309 3437 ››
3342 3390 3398 3446 id
3451 3395 3551 3459 est,
3582 3392 3634 3447 in
3655 3389 3844 3464 judicio,

2259 3469 2493 3540 quando
2524 3487 2658 3524 vera
2705 3471 2802 3526 lux
2843 3473 3084 3546 incipiet
3112 3477 3249 3531 oriri
3309 3479 3499 3546 bonis,
3529 3497 3634 3535 non
3675 3476 3843 3534 interii-

2257 3556 2518 3620 ciendos,
2550 3559 2648 3629 qui
2699 3560 3014 3633 aliquando
3045 3564 3116 3619 ad
3159 3565 3618 3624 misericordiam
3664 3568 3846 3640 possent

2258 3646 2536 3714 revenire,
2569 3649 2667 3702 sed
2702 3673 2728 3698 ‹‹
2765 3654 2831 3705 ut
2861 3650 3288 3724 disperderem,
3321 3677 3348 3706 »
3372 3656 3428 3712 id
3457 3662 3543 3714 est
3569 3655 3845 3730 disperden-

2257 3735 2363 3789 dos
2395 3751 2803 3807 cognoscerem
2827 3763 2854 3788 ‹‹
2881 3741 2952 3795 de
3001 3741 3233 3798 civitate
3263 3743 3524 3816 Domini,
3553 3770 3578 3794 η
3599 3747 3648 3801 id
3690 3750 3761 3800 est
3796 3743 3846 3797 de

2256 3841 2510 3896 superna
2544 3826 2930 3893 Hierusalem,
2957 3851 2984 3878 «
3016 3847 3222 3888 omnes
3271 3839 3581 3907 operantes
3623 3832 3845 3906 iniquita—

2255 3918 2394 3969 tem.
2425 3938 2450 3962 n
2475 3915 2599 3970 Non
2633 3915 2774 3971 dicit
2803 3917 2903 3989 qui
2953 3920 3173 3992 operati
3216 3929 3383 3992 sunt,
3418 3926 3514 3981 sed
3547 3924 3635 3997 qui
3681 3924 3728 3978 in
3767 3921 3844 3974 hoc

2255 4002 2579 4074 persistunt
2611 4021 2624 4059 :
2659 4004 2744 4060 vel
2776 4024 3093 4078 possumus
3125 4017 3463 4080 peccatores
3507 4013 3597 4069 hic
3643 4009 3842 4082 accipere

2255 4092 2547 4148 dannones
2571 4093 2728 4165 ipsos
2751 4100 2805 4149 et
2831 4097 3238 4167 suggestiones
3261 4099 3563 4158 immissas
3584 4119 3614 4157 a
3631 4097 3839 4156 diabolo:

2254 4185 2311 4237 et
2340 4187 2480 4236 tunc
2530 4181 2611 4236 ita
2641 4183 3098 4241 continuabitur.
3133 4187 3195 4242 In
3257 4189 3396 4246 aliis
3445 4207 3554 4246 non
3600 4185 3842 4262 placebant.

2254 4269 2400 4324 mihi
2434 4270 2607 4333 mala.
2634 4271 2732 4326 sed
2768 4272 2962 4344 potius
2995 4273 3052 4328 in
3077 4292 3169 4330 me
3197 4277 3328 4348 ipso
3353 4277 3739 4334 interficiebam
3757 4289 3842 4327 om-

2255 4375 2358 4412 nos
2398 4363 2730 4430 peccatores
2781 4365 2966 4428 terrae,
3003 4362 3060 4417 id
3111 4369 3199 4419 est
3246 4381 3455 4422 omnes
3502 4361 3841 4439 suggestiones

2255 4447 2394 4502 mihi
2423 4448 2722 4504 immissas
2742 4468 2776 4504 a
2799 4449 3028 4506 diabolo
3054 4468 3066 4506 :
3089 4456 3147 4506 et
3165 4452 3274 4508 hoc
3297 4454 3358 4509 in
3383 4455 3672 4518 matutino,
3695 4451 3742 4506 id
3760 4451 3839 4511 est,

2177 4549 2220 4612 D
2253 4536 2312 4590 in
2332 4535 2456 4606 ipso
2475 4535 2661 4605 initio,
2677 4537 2816 4592 dum
2843 4538 2981 4611 ipsa:
3005 4541 3417 4614 suggestiones
3435 4542 3702 4614 incipiunt
3717 4535 3838 4599 oriri,

2252 4623 2492 4692 scilicet,
2518 4643 2630 4680 non
2657 4627 3046 4698 perducebam
3071 4631 3139 4684 ad
3161 4635 3359 4687 actum
3384 4633 3440 4688 id
3461 4632 3608 4705 quod
3631 4628 3843 4700 suppete-

2249 4715 2391 4769 bant
2421 4715 2845 4786 suggestioncs.
2871 4717 2951 4770 Ad
2987 4717 3096 4773 hoc
3125 4717 3543 4776 interﬁciebam
3576 4723 3635 4774 ut
3661 4716 3840 4786 dispt‘P
3945 4785 3947 4794 Ι

2249 4804 2467 4868 (1(-ιιυιιι,
2491 4821 2558 4856 ne-
2577 4802 2850 4876 deinceps
2874 4805 3199 4862 radicarent
3220 4809 3290 4865 de
3315 4810 3543 4866 civitate
3564 4804 3780 4866 Domini,
3799 4799 3840 4853 id

2249 4895 2338 4946 est
2368 4892 2438 4946 de
2469 4891 2666 4946 anima
2715 4910 2865 4959 mea,
2891 4911 3018 4966 qua:
3049 4901 3140 4950 est
3172 4899 3406 4953 munita
3453 4896 3550 4952 Dei
3589 4889 3839 4950 habitatio,

2246 4998 2450 5035 omnes
2480 4985 2788 5052 operantes
2819 4983 3212 5055 iniquitatem,
3247 4986 3304 5040 id
3337 4990 3446 5055 est,
3480 4986 3762 5046 daemones,
3786 4990 3839 5029 ne

2246 5067 2457 5123 dehinc
2489 5069 2889 5126 habitaculum
2938 5073 2990 5127 in
3027 5091 3119 5129 me
3151 5075 3454 5141 haberent,
3486 5073 3579 5146 qui
3611 5070 3839 5126 dicuntur
3943 5105 3945 5127 ι

2249 5161 2578 5228 peccatores
2617 5164 2674 5214 et
2722 5160 2966 5232 operarii
3003 5163 3351 5235 iniquitatis,
3386 5164 3484 5236 qui
3532 5177 3696 5218 causa
3725 5150 3838 5211 'sunl

2247 5247 2426 5302 totius
2461 5247 2698 5320 peccati.

2769 5357 2838 5412 IN
2891 5357 3238 5416 PSALMUM
3278 5359 3366 5414 CI.

2345 5445 2618 5500 'l‘rruws.
2655 5444 2839 5501 Oratio
2863 5450 3145 5518 pauperis,
3180 5466 3302 5503 mm
3329 5449 3585 5518 anxietas
3618 5440 3764 5518 fuerit

2457 5524 2506 5571 cl
2528 5534 2709 5572 coram
2735 5518 2962 5573 Domino
2981 5517 3199 5590 precem
3223 5537 3382 5576 suam
3407 5517 3661 5590 effuderit.

2318 5629 2342 5648 υ
2381 5605 2642 5674 Domine,
2687 5606 2894 5662 exaudi
2943 5608 3264 5664 orationem
3315 5624 3524 5662 meam.
3560 5628 3584 5652 υ
3613 5597 3833 5657 Psalmus
