4018 6176
161 361 265 425 533

1321 359 1823 421 EXPLANATIO
1866 359 1942 420 1N
1987 330 2368 424 PSALMOS.

3431 368 3546 431 534

154 493 255 550 iste
274 492 493 550 dicitur
515 489 872 565 oratio,quia
902 490 960 547 in
993 492 1184 565 prima
1206 496 1368 565 parte
1388 492 1646 550 continet
1669 510 1789 549 ora-
1818 493 1875 561 Α
1904 494 2131 566 perdita
2158 494 2514 569 pinguedine
2562 497 2796 572 propria
2843 504 2900 556 et
2947 498 3377 559 illuminatione
3424 502 3546 574 Dei,

148 583 383 650 tionem,
401 586 460 639 et
489 581 605 637 alia
628 599 755 654 quis
777 586 1219 654 postponuntur
1246 599 1434 638 causae
1458 587 1598 639 sunt
1614 599 1795 654 quare

146 672 216 730 sit
235 673 547 729 orandum.
563 671 956 727 Nominantur
977 675 1173 728 autem
1189 671 1357 727 multi
1376 671 1508 727 libri
1528 676 1790 745 respectu

144 762 465 836 primarum
484 761 761 833 partium,
784 760 963 815 veluti
995 761 1237 832 quidam
1264 760 1409 816 liber
1430 762 1613 835 Moysi
1634 779 1796 818 voca-

145 856 237 908 tur
271 849 539 919 Genesis,
573 849 711 921 quia
740 848 799 904 in
828 849 1117 922 principio
1146 850 1454 922 exponitur
1497 854 1792 923 generatio

145 939 263 998 cali
290 944 350 995 et
396 942 595 1007 terrae;
629 942 687 993 et
735 938 856 994 haec
903 942 993 995 est
1040 939 1224 994 oratio
1271 938 1448 995 David
1499 941 1792 1013 propheta:

145 1028 540 1103 pauperis,vel
571 1026 825 1100 alicujus
853 1027 971 1083 veri
1002 1028 1299 1101 pauperis,
1314 1028 1372 1083 in
1405 1029 1515 1084 hac
1535 1032 1795 1086 conside-

144 1119 367 1174 ratione
382 1117 794 1185 habitus,cum
826 1134 1055 1190 precem
1090 1135 1259 1173 suam
1280 1121 1414 1174 ante
1435 1119 1618 1175 Deum
1650 1121 1791 1177 etfu-

144 1207 308 1263 derit.
338 1207 545 1262 Preces
577 1205 686 1261 illa:
719 1206 996 1262 dicuntur
1024 1206 1243 1262 effundi
1277 1224 1471 1263 coram
1502 1210 1639 1277 Deo,
1665 1228 1792 1282 qua:

141 1296 321 1352 nullis
349 1294 807 1367 cogitationibus
854 1294 1308 1366 prmveniuntur,
1343 1296 1522 1352 nullis
1553 1297 1792 1353 omnino

141 1384 463 1441 obstaculis
492 1382 709 1439 diaboli
743 1384 1165 1455 impediuntur,
1191 1386 1290 1439 sed
1323 1402 1470 1456 pura
1491 1386 1792 1442 devotione

139 1474 207 1529 ad
235 1474 438 1545 ipsum
480 1472 663 1528 Deum
713 1472 1067 1545 diriguntur.
1102 1473 1388 1545 Loquitur
1434 1474 1526 1529 hic
1574 1492 1794 1547 pauper

136 1560 443 1630 David,vel
477 1560 726 1633 quilibet
753 1560 1061 1629 alius,non
1092 1578 1195 1634 pro
1238 1580 1355 1618 una
1386 1579 1655 1635 persona,
1690 1565 1790 1620 sed

136 1667 238 1723 pro
268 1649 527 1723 singulis
553 1667 566 1705 :
592 1666 812 1722 pauper
837 1649 1013 1706 etiam
1047 1650 1171 1723 ipse
1200 1651 1407 1707 anxius
1438 1652 1671 1725 propria
1701 1654 1793 1708 de-

136 1739 274 1795 licta
303 1742 365 1794 et
394 1738 575 1794 totius
604 1738 847 1794 humani
882 1739 1113 1811 generis
1144 1739 1505 1808 miserias,et
1534 1741 1649 1796 Deo
1672 1758 1795 1813 prc-

139 1846 233 1885 ces
252 1845 396 1930 suas
411 1827 716 1929 humiliter
736 1828 1021 1885 deferens.
1040 1829 1246 1884 Modus
1273 1847 1285 1884 :
1312 1829 1371 1883 in
1396 1830 1585 1901 prima
1607 1834 1790 1901 parte,
1820 1865 1870 1931 Β

141 1918 309 1991 quasi
332 1917 743 1990 deprecatione
769 1922 1092 1986 utens,non
1123 1923 1361 1973 excusat
1394 1920 1592 1987 se,sed
1625 1919 1791 1991 quasi

144 2025 273 2064 reus
305 2005 449 2062 facit
470 2007 813 2073 orationem,
847 2011 904 2062 et
932 2007 1101 2079 quasi
1133 2007 1417 2062 miserum
1447 2024 1509 2063 se
1549 2008 1793 2063 confitc-

145 2101 253 2163 tur,
286 2100 353 2151 ut
384 2112 489 2168 per
516 2095 640 2150 haec
670 2094 1123 2151 misericordiam
1160 2100 1387 2152 moveat
1415 2096 1474 2150 in
1491 2096 1711 2167 judice.
1731 2096 1792 2151 In

146 2186 400 2243 secunda
429 2189 612 2258 parte,
638 2201 764 2257 quae
796 2184 1035 2257 incipit:
1062 2208 1089 2235 ‹‹
1115 2186 1432 2241 Percussus
1462 2203 1593 2241 sum
1625 2190 1692 2240 ut
1721 2186 1795 2241 fe-

147 2292 305 2343 num,
330 2299 359 2325 ››
394 2278 706 2331 enumerat
735 2273 1004 2330 miserias
1038 2291 1186 2346 quas
1217 2274 1440 2346 patitur
1460 2291 1646 2346 genus
1678 2274 1792 2329 hu-

144 2380 407 2420 manum.
438 2364 503 2418 In
530 2363 702 2419 tertia
730 2367 915 2434 parte,
948 2379 1077 2435 quae
1106 2362 1312 2435 incipit
1342 2380 1355 2418 :
1392 2385 1420 2413 ‹‹
1443 2365 1530 2418 Tu
1570 2367 1789 2430 autem,

144 2453 405 2521 Domine,
439 2474 470 2503 »
504 2452 759 2508 ostendit
789 2452 1201 2507 conﬁdentiam
1235 2468 1408 2524 quam
1442 2451 1635 2520 habet,
1657 2452 1796 2524 quia

148 2541 397 2597 miseriis
429 2540 561 2595 istis
592 2539 892 2611 eripiatur.
926 2539 995 2594 Et
1024 2556 1127 2612 per
1174 2540 1387 2611 quem?
1418 2540 1642 2597 scilicet
1695 2558 1797 2612 per

144 2628 459 2686 Christum.
493 2630 565 2685 Et
591 2628 696 2683 filii
727 2644 1025 2684 servorum
1056 2629 1155 2685 Dei
1206 2645 1340 2683 cum
1391 2629 1518 2700 ipso
1562 2629 1792 2685 habita-

146 2718 313 2786 bunt,
330 2722 389 2774 et
413 2734 615 2774 semen
648 2734 850 2773 eorum
880 2718 938 2771 in
971 2716 1246 2772 saeculum
1280 2717 1584 2790 dirigetur.
1609 2719 1796 2773 Inten-

145 2806 226 2862 tio
258 2811 349 2863 est
378 2822 488 2862 nos
508 2805 757 2861 invitare
788 2810 853 2861 ut
882 2806 966 2861 sic
1013 2806 1419 2878 pmniteamus,
1456 2811 1521 2862 ut
1560 2811 1797 2879 peccata

152 2900 348 2951 nostra
377 2899 436 2951 et
463 2894 581 2951 alia
603 2894 995 2966 deploremus.

215 2982 301 3037 Ab
329 2982 594 3038 oratione
634 2981 718 3037 sic
748 2980 956 3054 incipit
990 2999 1001 3036 :
1039 3004 1067 3030 «
1100 2982 1366 3051 Domine,
1417 2983 1624 3038 exaudi
1668 2999 1795 3039 ora-

144 3069 358 3125 tionem
391 3085 607 3137 meam,
643 3073 699 3123 et
749 3068 970 3124 clamor
1018 3085 1203 3135 meus,
1241 3092 1268 3118 »
1300 3068 1357 3125 id
1410 3073 1517 3136 est,
1557 3069 1799 3125 interior

144 3157 408 3226 intentio,
444 3158 566 3214 sive
592 3174 726 3213 cum
760 3174 898 3214 voce
930 3159 1049 3224 fiat,
1083 3156 1201 3213 sive
1230 3174 1370 3227 non,
1403 3181 1431 3207 ‹‹
1467 3159 1539 3213 ad
1582 3162 1638 3214 te
1667 3176 1793 3230 per-

1906 582 2191 655 implicita
2213 586 2418 642 multis
2450 588 2722 660 peccatis,
2739 589 2917 661 digna
2937 594 2993 645 et
3007 589 3223 647 habilis
3252 596 3553 665 reputetur

1905 689 2149 729 cremari
2161 715 2172 727 .

1976 784 2005 810 «
2028 762 2344 820 Percussus
2361 782 2513 820 sum.
2544 789 2568 813 ››
2589 766 2724 821 Pars
2745 769 3022 823 secunda.
3040 769 3190 825 Bene
3222 770 3352 826 dico
3391 771 3548 843 quod

1905 851 2030 906 dies
2061 851 2364 907 dcfecerun
2376 857 2415 920 t,
2433 854 2570 925 quia
2600 856 2833 927 cgo,qui
2859 872 3018 911 eram
3038 859 3363 914 secundum
3385 863 3551 915 natu-

1906 956 2030 994 ram
2062 944 2120 994 et
2151 940 2401 1011 primam
2434 943 2808 1010 creationem,
2843 967 2869 992 «
2904 948 2969 999 ut
2997 945 3195 1001 fenum
3230 970 3257 996 ››
3286 947 3468 1004 viride
3492 952 3551 1004 et

1905 1029 2199 1095 floridum,
2221 1046 2582 1101 «percussus
2613 1049 2745 1087 sum
2773 1056 2798 1081 ››
2831 1051 2864 1089 a
2882 1034 3315 1107 diabolo,quasi
3337 1054 3372 1092 a
3394 1037 3549 1094 malo

1903 1116 2201 1185 falcatore,
2236 1118 2373 1173 dum
2404 1135 2496 1175 me
2528 1125 2583 1175 et
2624 1126 2893 1192 parentes
2945 1138 3106 1179 meos
3135 1124 3204 1178 ad
3245 1128 3548 1196 peccatum

1903 1204 2160 1276 impulit,
2196 1222 2298 1277 per
2327 1223 2455 1278 qua:
2487 1209 2709 1279 perdidi
2759 1209 3008 1264 virorem
3060 1228 3257 1266 meum
3290 1216 3347 1268 et
3382 1215 3551 1271 flores

1895 1293 2175 1365 justitim;
2209 1298 2265 1349 et
2294 1299 2434 1349 tunc
2466 1320 2493 1344 «
2526 1296 2683 1352 aruit
2704 1315 2802 1353 cor
2827 1313 3044 1365 meum,
3066 1322 3091 1348 ››
3114 1316 3319 1356 carens
3341 1302 3554 1358 illumi-

1904 1382 2163 1452 natione,
2192 1383 2383 1455 gratia
2411 1384 2690 1441 interiora
2720 1388 2970 1456 foventc;
2996 1388 3124 1444 ideo
3167 1390 3339 1459 aruit,
3365 1415 3390 1441 α
3416 1392 3555 1463 quia
3631 1454 3634 1463 η

1903 1470 2120 1527 oblitus
2172 1488 2304 1526 sum
2338 1474 2640 1529 comedere
2671 1493 2879 1547 panem
2930 1494 3150 1546 meum,
3190 1501 3215 1527 ››
3249 1478 3304 1534 id
3346 1484 3456 1549 est,
3492 1485 3556 1536 ut

1903 1559 2393 1632 contemplatione
2450 1563 2730 1635 Dei,quae
2798 1570 2954 1622 esset
3008 1568 3265 1637 perfecta
3295 1569 3552 1638 refectio,

1904 1650 2146 1704 fruerer.

1974 1739 2118 1793 Ecce
2148 1738 2351 1811 incipit
2374 1742 2677 1797 ostendere
2709 1745 2995 1814 pmnitens
3048 1744 3156 1801 iste
3207 1746 3552 1801 satisfactio-

1904 1844 2037 1881 nem
2084 1845 2187 1899 pro
2241 1828 2485 1897 delictis,
2521 1830 2721 1886 dicens
2754 1854 2781 1881 ‹‹
2817 1849 2851 1886 a
2880 1849 3036 1901 voce,
3078 1852 3099 1880 α
3130 1834 3297 1904 quasi
3347 1834 3505 1889 dicat
3537 1851 3550 1890 :

1906 1917 2022 1988 Ego
2046 1933 2361 1987 percussus
2384 1935 2515 1973 sum
2540 1937 2572 1974 a
2590 1920 3073 1988 diabolo,oblitus
3094 1938 3226 1977 sum
3249 1922 3553 1978 comedere

1906 2021 2117 2078 panem
2151 2012 2438 2073 mcum,et
2467 2008 2592 2063 ideo
2625 2014 2779 2064 certe
2808 2010 3025 2081 gemui,
3045 2015 3102 2066 et
3130 2011 3363 2067 interim
3396 2012 3551 2083 quod

1905 2094 2159 2166 gemitus
2182 2094 2239 2148 in
2262 2111 2460 2149 vocem
2484 2099 2769 2169 prorupit,
2785 2104 2842 2152 et
2872 2099 3079 2154 deinde
3101 2116 3313 2172 corpus
3332 2099 3415 2154 ita
3437 2117 3555 2156 ma-

1906 2182 2091 2237 ceravi
2126 2182 2280 2252 quod
2316 2200 2450 2238 ossa
2495 2184 2601 2239 feci
2647 2185 2941 2241 adhaerere
2971 2187 3110 2242 cuti.
3144 2188 3261 2243 Hoc
3295 2188 3437 2244 dicit
3458 2212 3485 2238 ‹‹
3522 2206 3556 2244 a

1903 2287 2041 2326 voce
2070 2269 2325 2342 gemitus
2356 2272 2530 2339 mei,»
2554 2272 2610 2326 id
2635 2277 2724 2327 est
2745 2278 2979 2346 propter
2999 2275 3246 2331 nimium
3269 2277 3554 2349 gemitum

1907 2382 1934 2408 ‹‹
1970 2358 2215 2414 adhaesit
2235 2376 2301 2415 os
2332 2376 2529 2414 meum
2562 2361 2723 2416 carni
2748 2378 2909 2429 mem,
2946 2386 2973 2412 ››
3006 2364 3063 2418 id
3097 2368 3205 2431 est,
3240 2366 3357 2421 cuti
3391 2382 3554 2436 mem,

1903 2446 1991 2502 vel
2014 2446 2247 2502 interim
2272 2464 2401 2521 gem
2413 2447 2469 2502 ui
2491 2465 2593 2520 pro
2608 2450 2864 2520 peccatis
2880 2452 3026 2506 meis
3040 2455 3097 2507 et
3130 2452 3549 2524 proximorum,

1906 2536 2061 2606 quod
2094 2552 2177 2603 os,
2205 2536 2259 2590 id
2293 2541 2401 2603 est,
2427 2537 2632 2593 fortior
2674 2555 2810 2610 pars
2857 2540 3116 2611 corporis
3146 2541 3279 2610 mei,
3332 2542 3555 2599 scilicet

1904 2623 2197 2689 Ecclesiae,
2219 2624 2485 2693 adhaesit,
2518 2627 2575 2681 id
2607 2631 2716 2695 est,
2753 2628 3165 2683 condescendit
3194 2631 3553 2688 condolendo

1906 2716 1962 2767 et
1981 2712 2449 2769 commiserando
2480 2715 2638 2770 carni
2669 2731 2831 2782 meis,
2867 2716 2924 2771 id
2958 2721 3069 2786 est,
3101 2717 3466 2775 mollioribus
3495 2724 3554 2775 et

1908 2799 2160 2855 infirmis
2184 2801 2254 2855 de
2284 2800 2560 2858 Ecclesia.
2577 2803 2730 2858 sicut
2757 2803 3071 2875 Apostolus
3087 2804 3228 2860 dicit
3260 2823 3273 2861 :
3308 2807 3448 2873 Quis
3470 2807 3554 2862 in-

1908 2890 2196 2956 ﬁrmatur,
2231 2893 2288 2943 et
2318 2906 2424 2961 ego
2456 2906 2572 2945 non
2603 2890 2911 2946 infirmor?
2943 2892 3013 2946 Et
3044 2914 3071 2941 ‹‹
3106 2892 3320 2949 similis
3363 2895 3552 2951 factus

1908 2994 2041 3033 sum
2076 2976 2339 3048 pelicano
2386 2977 2721 3034 solitudinis
2748 3002 2774 3027 υ
2804 2979 2944 3051 quia
2968 2996 3156 3053 genus
3185 2985 3274 3037 est
3304 2982 3551 3054 pelicani

1908 3067 2065 3138 quod
2096 3065 2323 3121 habitat
2353 3065 2413 3121 in
2446 3067 2691 3139 stagnis,
2716 3069 2787 3123 ad
2828 3069 2999 3140 cujus
3037 3069 3426 3125 differentiam
3458 3071 3554 3128 hic

1910 3154 2054 3211 dicit
2087 3177 2113 3204 «
2146 3154 2502 3210 solitudinis.
2538 3178 2565 3204 ››
2598 3156 2774 3211 Istius
2804 3156 2939 3212 talis
2984 3163 3074 3213 est
3123 3162 3333 3214 natura
3375 3162 3553 3231 quod,
3618 3168 3635 3205 ε

144 3247 357 3313 veniat,
391 3269 419 3296 ››
444 3247 504 3301 id
537 3250 647 3313 est,
673 3246 852 3302 nullis
900 3244 1218 3301 obstaculis
1267 3245 1622 3319 impediatur
1652 3228 1792 3318 quin
1825 3228 1868 3295 (ἶ
1909 3244 2139 3315 fugiens
2156 3242 2405 3299 atiarum
2420 3242 2615 3299 avium
2644 3245 3076 3315 «societatem,»
3099 3228 3421 3304 solitariam
3443 3228 3556 3305 sibi

148 3335 216 3390 ad
250 3340 408 3391 tuam
441 3335 818 3408 praesentiam
850 3334 1224 3390 conscendat.

218 3423 377 3491 Dico,
410 3446 438 3474 ι(
480 3423 704 3479 clamor
750 3422 1067 3496 perveniat,
1104 3445 1131 3471 »
1164 3426 1221 3477 et
1270 3439 1404 3479 cum
1450 3424 1794 3496 pervenerit,

150 3527 263 3567 non
294 3516 597 3569 remaneat
627 3511 1018 3567 inexauditus.
1037 3511 1155 3566 Hoc
1186 3511 1346 3580 dicit,
1373 3535 1401 3561 «
1427 3530 1541 3568 non
1574 3516 1799 3568 avertas

150 3601 348 3658 faciem
376 3608 563 3669 tuam,
588 3624 615 3653 ››
650 3602 709 3656 id
750 3605 857 3673 est,
883 3601 1255 3674 praesentiam
1288 3605 1401 3657 tuae
1449 3601 1800 3674 cognitionis

154 3713 179 3736 η
213 3707 377 3759 ame,
414 3716 442 3741 »
472 3691 573 3747 sed
636 3707 827 3746 meam
872 3688 1268 3745 humilitatem
1318 3693 1375 3745 et
1422 3691 1798 3763 fragilitatem

155 3779 384 3851 respice,
417 3787 476 3836 et
525 3779 807 3835 «inclina
847 3780 919 3834 ad
969 3795 1126 3834 me»
1172 3779 1474 3834 infirmum
1520 3803 1547 3827 α
1597 3796 1799 3836 aurem

157 3869 331 3935 tuam,
364 3892 393 3918 ››
425 3870 483 3924 id
515 3872 627 3938 est,
661 3868 1060 3923 condescende
1110 3883 1248 3922 mea:
1300 3866 1627 3922 infirmitati
1677 3891 1705 3917 ‹‹
1740 3868 1799 3923 in

162 3969 498 4028 quacunque
528 3956 624 4015 die
653 3954 922 4021 tribulor,
960 3978 987 4003 υ
1019 3960 1077 4010 et
1106 3954 1200 4011 hic
1231 3959 1394 4010 notat
1422 3971 1483 4010 se
1514 3972 1665 4028 saepe
1693 3956 1801 4010 tri-

164 4042 361 4099 bulari.
386 4045 495 4099 Vix
525 4045 684 4100 enim
717 4048 952 4100 cessant
973 4044 1140 4114 justo
1172 4043 1585 4101 tribulationes
1606 4049 1663 4101 et
1682 4048 1804 4100 ten-

166 4131 401 4189 tationes
430 4132 670 4189 diaboli.

233 4222 397 4285 Quasi
430 4222 652 4278 diceret
685 4239 696 4275 :
732 4222 894 4295 Saepe
923 4220 1195 4290 tribulor,
1226 4226 1285 4277 ot
1315 4222 1372 4275 in
1406 4222 1802 4277 tribulationi-

171 4305 274 4365 bus
300 4310 517 4378 invoco,
542 4315 601 4366 et
650 4333 677 4360 ‹‹
712 4309 771 4365 in
812 4326 1162 4383 quacunque
1209 4309 1300 4365 die
1347 4310 1684 4365 invocavero
1725 4315 1831 4377 te,.

169 4396 423 4455 velociter
453 4399 666 4455 exaudi
698 4416 813 4454 me.
849 4422 876 4449 »

234 4485 300 4541 Et
316 4503 459 4560 opus
476 4493 569 4543 est
606 4492 672 4543 ut
698 4487 994 4554 exaudias,
1018 4487 1154 4559 quia
1170 4510 1195 4535 α
1221 4487 1397 4542 dies'»
1420 4487 1690 4543 humana:
1722 4488 1803 4543 vi-

168 4575 283 4626 18η
304 4576 464 4632 mei»
498 4577 612 4633 acti
646 4577 705 4632 in
738 4576 991 4648 peccatis
1021 4579 1079 4631 et
1108 4574 1489 4648 miseriaz,qui
1522 4582 1661 4632 sunt
1680 4602 1708 4628 ‹‹
1735 4578 1808 4633 si-

178 4666 262 4715 cut
290 4663 509 4720 fumus:
549 4688 578 4713 ››
611 4665 765 4720 sicut
793 4664 951 4719 enim
983 4663 1184 4719 fumus
1214 4680 1283 4718 ex
1314 4664 1465 4735 igne,
1497 4669 1556 4720 et
1586 4671 1805 4737 quanto

178 4751 345 4823 magis
398 4752 689 4817 accendit,
734 4757 894 4808 tanto
945 4752 1133 4810 magis
1181 4752 1491 4820 evanescit,
1538 4753 1618 4807 ita
1670 4755 1807 4809 mali

182 4842 326 4895 actus
358 4840 627 4897 humana:
660 4842 786 4894 vitm
837 4860 905 4896 ex
948 4843 1153 4897 ardore
1202 4842 1806 4913 concupiscentiarum

186 4929 500 4997 procedunt,
528 4934 587 4985 et
635 4930 837 4985 oculos
891 4929 1083 4985 cordis
1141 4934 1459 4996 excwcant;
1494 4935 1549 4984 et
1589 4937 1809 5002 quanto

186 5015 348 5087 magis
368 5018 718 5085 ascendunt,
734 5022 895 5073 tanto
929 5017 1117 5090 magis
1136 5035 1170 5072 a
1187 5016 1475 5089 dignitate
1494 5018 1610 5073 veri
1635 5019 1808 5074 lumi~

186 5102 265 5159 nis
290 5105 580 5162 deﬁciunt.
622 5105 778 5175 Dies,
810 5105 959 5173 dico,
996 5128 1023 5155 «
1056 5104 1391 5160 defecerunt
1423 5129 1449 5155 ››
1480 5107 1619 5178 quia
1666 5108 1810 5163 nihil

187 5205 306 5247 vera:
334 5195 603 5267 utilitatis
635 5194 976 5262 attulerunt,
1013 5217 1040 5244 «
1074 5198 1132 5250 et
1166 5216 1191 5242 ι)
1225 5193 1364 5248 item
1418 5200 1651 5267 pr0pter
1700 5198 1809 5253 hoc

187 5294 309 5350 opus
327 5288 413 5339 est
432 5283 804 5340 exauditione
820 5288 943 5351 tua,
960 5282 1097 5355 quia
1117 5303 1145 5332 «
1168 5299 1303 5337 ossa
1320 5299 1450 5338 mea
1470 5290 1804 5355 aruerunt,»

186 5367 363 5427 animae
384 5372 608 5428 scilicet
628 5372 856 5439 robora,
872 5371 932 5426 id
956 5370 1211 5443 est,ipsa
1246 5369 1392 5425 ratio
1415 5372 1589 5439 aruit,
1610 5372 1666 5427 id
1698 5378 1805 5442 est,

184 5460 526 5515 consentiens
554 5458 841 5532 voluptati
871 5459 1084 5527 carnis,
1119 5459 1313 5514 deficit
1343 5476 1377 5513 a
1426 5459 1630 5514 robore
1679 5478 1806 5529 suo,

182 5544 371 5604 scilicet
399 5566 433 5604 a
462 5549 828 5604 contuitione
851 5548 967 5603 veri
1002 5547 1157 5602 boni.
1184 5571 1210 5595 ‹‹
1241 5545 1404 5601 Sicut
1435 5548 1739 5607 cremium.
1783 5575 1809 5599 ››

183 5630 230 5686 ln
255 5634 353 5693 hoc
381 5637 644 5693 maxima
693 5640 927 5692 notatur
961 5634 1225 5705 ariditas,
1241 5635 1394 5705 quod
1438 5637 1565 5708 ipsa
1591 5638 1808 5705 anima,

1907 3333 2085 3404 eligat
2111 3333 2385 3400 vitam,ct
2414 3350 2647 3405 semper
2676 3350 2872 3390 macer
2892 3335 3121 3391 existat.
3147 3337 3293 3393 Huic
3322 3353 3557 3411 compa-

1908 3426 1999 3477 rat
2025 3438 2088 3477 se
2120 3422 2427 3493 pmnitens,
2462 3423 2561 3494 qui
2612 3423 2867 3479 locuitur
2916 3427 3239 3482 secundum
3290 3428 3558 3501 quaedam

1909 3512 2176 3566 membra
2219 3527 2345 3579 sua,
2381 3511 2602 3567 scilicet
2635 3513 2929 3582 eremitas,
2966 3515 3062 3586 qui
3096 3519 3152 3570 et
3177 3515 3558 3572 solitudinem

1910 3599 2153 3671 eligunt,
2189 3603 2246 3653 et
2276 3599 2355 3653 ibi
2389 3600 2578 3655 multa
2620 3618 2682 3655 se
2734 3600 2919 3656 macie
2969 3603 3259 3675 afﬂigunt.
3294 3628 3321 3653 «
3348 3605 3559 3661 Factus

1911 3705 2102 3758 sum,»
2126 3688 2449 3743 secundum
2483 3688 2595 3743 alia
2624 3689 2908 3757 membra,
2930 3713 2955 3738 «
2983 3690 3136 3746 sicut
3167 3692 3497 3763 nycticorax
3524 3713 3551 3744 η

1911 3794 2038 3849 qua:
2063 3775 2290 3831 habitat
2313 3800 2335 3827 ι
2361 3775 2419 3830 in
2445 3777 2802 3843 domicilio,»
2825 3777 3047 3832 scilicet
3078 3795 3183 3833 nec
3214 3796 3456 3850 prorsus
3477 3798 3560 3836 re-

1911 3869 2071 3921 mota
2099 3864 2562 3937 est.Nycticorax
2593 3866 2860 3937 quaedam
2895 3865 3015 3920 avis
3046 3870 3154 3934 est,
3189 3866 3247 3921 id
3279 3871 3387 3936 est,
3441 3886 3561 3925 cor-

1910 3971 2017 4009 vus
2047 3953 2394 4020 nocticorax,
2420 3957 2486 4007 ut
2515 3953 2611 4008 alii
2647 3955 2870 4022 dicunt,
2888 3958 3269 4028 noctua,quze
3292 3956 3415 4012 avis
3446 3956 3557 4013 sibi

1910 4059 2103 4098 escam
2139 4041 2197 4095 in
2230 4044 2396 4096 nocte
2428 4041 2697 4113 acquirit,
2716 4046 2772 4097 et
2801 4047 2891 4098 est
2926 4042 3092 4098 valde
3137 4043 3341 4099 odiosa
3369 4044 3559 4101 homi-

1913 4130 2109 4199 nibus,
2144 4128 2282 4200 quia
2312 4130 2453 4184 dum
2487 4132 2703 4198 cantat,
2740 4135 2986 4187 mortem
3019 4131 3233 4188 minari
3286 4131 3561 4206 intelligi-

1913 4223 2040 4286 tur;
2075 4235 2178 4274 nec
2210 4235 2451 4290 prorsus
2483 4222 2706 4275 remota
2735 4224 2824 4275 est
2873 4237 2907 4275 ει
2956 4221 3333 4277 conversione
3374 4221 3562 4278 homi-

1914 4324 2201 4378 num,nec
2224 4324 2293 4362 ex
2323 4311 2442 4363 toto
2466 4324 2599 4362 cum
2631 4308 2717 4363 eis
2747 4308 2996 4364 habitat.
3034 4310 3176 4365 lluic
3206 4311 3566 4383 comparabi-

1912 4401 2011 4452 tur
2040 4397 2151 4451 iste
2180 4394 2469 4466 generalis
2500 4412 2741 4467 pauper,
2767 4396 2865 4468 qui
2900 4396 3161 4469 loquitur
3181 4398 3251 4452 de
3274 4414 3335 4452 se
3356 4414 3563 4453 secun-

1916 4486 2057 4541 dum
2090 4485 2355 4540 membra
2377 4484 2475 4539 illa
2505 4502 2634 4556 qum
2656 4502 2761 4540 nec
2790 4503 2858 4540 ex
2906 4490 3028 4541 toto
3066 4485 3563 4541 conversationem

1837 4597 1883 4660 Ι)
1916 4574 2297 4646 reliquerunt,
2314 4592 2420 4629 nec
2441 4574 2679 4629 omnino
2701 4591 2834 4629 cum
2857 4575 2941 4628 eis
2964 4573 3206 4639 habitat,
3226 4572 3403 4629 veluti
3427 4574 3565 4629 boni

1915 4663 2146 4735 viri,qui
2172 4663 2228 4717 in
2253 4663 2464 4718 saeculo
2488 4663 2837 4730 habitantes,
2855 4660 3117 4717 saeculari
3140 4662 3566 4718 conversationi

1919 4771 2035 4807 non
2074 4751 2478 4819 consentiunt;
2511 4756 2567 4805 et
2595 4751 2655 4806 hi
2687 4754 2828 4805 sunt
2876 4750 3043 4823 quasi
3094 4754 3380 4806 nocturna
3420 4751 3567 4819 avis,

1920 4840 2058 4912 quia
2090 4840 2147 4894 in
2181 4844 2346 4895 nocte
2375 4840 2618 4911 vigilant
2661 4844 2720 4895 et
2748 4844 2935 4905 orant,
2970 4838 3127 4894 velut
3172 4840 3329 4911 quod
3384 4840 3442 4893 in
3476 4840 3568 4895 die

1922 4929 2163 4993 faciunt,
2200 4928 2280 4982 ita
2309 4933 2397 4982 est
2427 4928 2595 4998 quasi
2646 4928 2703 4982 in
2738 4933 2905 4984 nocte
2956 4929 3135 4995 fieret,
3163 4928 3302 4999 quia
3334 4926 3567 4999 fugiunt

1920 5019 2295 5087 conspectum
2319 5015 2625 5070 hominum
2645 5017 2777 5071 etin
2808 5015 3151 5073 abscondito
3176 5015 3398 5071 faciunt
3416 5014 3568 5068 bona

1920 5120 2097 5177 opera
2123 5121 2232 5159 sua
2264 5120 2277 5157 :
2311 5108 2451 5159 sunt
2482 5104 2659 5159 etiam
2695 5105 2885 5159 infein
2923 5101 3437 5173 hominibus,quia
3462 5101 3569 5155 mi-

1921 5198 2138 5249 nantur
2156 5193 2241 5249 cis
2264 5197 2679 5263 mortem,cuin
2715 5194 2920 5247 nolunt
2953 5194 3008 5246 in
3042 5192 3125 5246 eis
3148 5207 3353 5262 capere
3374 5207 3565 5246 exem-

1899 5283 2084 5355 ‘plum
2119 5284 2263 5338 bene
2294 5282 2541 5337 vivendi.

1991 5370 2214 5429 Similis
2262 5372 2451 5425 factus
2498 5387 2630 5424 sum
2674 5369 2824 5435 istis,
2858 5372 2915 5422 et
2963 5370 3200 5439 propter
3232 5367 3341 5422 hoc
3390 5366 3567 5423 etiam

1922 5485 1949 5509 ‹‹
1970 5459 2257 5533 vigilavi,»
2280 5458 2335 5513 id
2358 5456 2757 5524 est,sollicitus
2778 5461 2835 5511 et
2855 5454 3122 5511 curiosus
3146 5455 3227 5511 fui
3251 5456 3321 5511 de
3352 5471 3571 5511 correc-

1922 5550 2079 5605 tione
2101 5565 2229 5603 mca
2250 5551 2307 5601 et
2329 5544 2744 5616 proximorum,
2762 5560 3047 5597 meorum.
3076 5565 3102 5596 α
3124 5544 3193 5598 Et
3213 5543 3402 5599 factus
3434 5560 3568 5599 sum

1924 5638 2075 5695 sicut
2096 5652 2295 5709 passer
2323 5631 2639 5699 solitarius,
2669 5654 2695 5680 ››
2713 5631 2832 5702 qui,
2852 5631 3108 5703 fugitans
3130 5631 3393 5705 laqueos,
3418 5632 3568 5688 nidi-
