4018 6176
457 356 576 416 535

878 353 1289 416 HAYMONIS
1320 349 1863 411 HALBEBSTAT.
1899 315 2140 406 EPISC.
2172 345 2344 406 OPP.
2375 343 2576 403 PAIIS
2611 341 2656 400 Ι.
2690 375 2766 383 -
2795 339 3200 400 COMMENT.
3233 338 3437 399 BlBL.

3702 343 3800 404 538

461 487 600 546 ﬂeat
625 487 683 544 in
713 491 840 544 tuto
869 487 1015 554 loco,
1038 483 1259 566 scilicet
1287 507 1315 534 ‹‹
1349 483 1408 538 in
1440 485 1612 538 tecto.
1651 503 1677 532 »
1711 482 1874 549 Item,
1899 497 2104 536 secun-
2141 478 2191 545 Α
2289 478 2360 532 Et
2395 480 2516 566 «tu
2551 498 2589 566 δ
2611 475 2711 566 qui
2757 476 3009 566 aeternus
3041 487 3123 539 es,
3147 469 3247 566 qui
3291 469 3502 526 videris
3539 471 3800 566 dormisse,

463 578 606 634 dum
635 577 921 649 quosdam
952 575 1024 630 de
1045 589 1282 646 corpore
1313 589 1419 628 suo
1451 573 1752 644 comparat
1793 587 1857 626 se
1887 585 2108 642 pauper

462 665 574 722 iste
622 663 910 739 paenitens
949 659 1192 734 passeri,
1225 662 1284 716 in
1335 664 1488 717 tecto
1536 657 1824 714 habitanti
1856 676 1868 714 :
1903 657 2106 730 quales

461 755 602 809 su‘nt
631 749 903 808 monachi
933 753 991 806 et
1037 749 1175 806 boni
1219 748 1507 816 canonici,
1540 748 1640 820 qui
1690 750 2108 820 comparantur

459 839 702 913 passeri.
723 838 863 912 quia
889 837 1064 896 calidi
1093 842 1232 894 sunt
1252 838 1310 893 in
1332 837 1585 895 vitandis
1605 836 1834 909 laqueis
1855 835 2102 903 diaboli;

456 932 514 985 et
541 932 682 985 sunt
706 927 972 996 solitarii,
1005 927 1146 1000 quia
1170 926 1432 982 dimissis
1461 924 1896 982 diversitatibus
1925 923 2106 995 hujus

458 1015 676 1085 seaculi,
711 1015 896 1074 solam
949 1017 1228 1072 unionem
1276 1014 1546 1071 Ecclesiae
1596 1019 1968 1086 sequuntur:
2003 1014 2102 1085 qui

455 1105 842 1162 habitant-in
903 1108 1075 1172 tecto,
1125 1105 1184 1159 id
1243 1109 1352 1170 est,
1404 1104 1462 1158 in
1516 1106 1643 1158 tuto
1695 1103 1842 1171 loco,
1885 1102 2108 1158 scilicet

457 1193 520 1250 in
575 1193 870 1249 consortio
936 1193 1248 1259 bonorum,
1299 1208 1403 1263 per
1457 1207 1708 1263 quorum
1771 1190 2104 1262 exemplum

457 1285 517 1339 et
561 1280 993 1338 admonitiones
1046 1281 1154 1336 tuti
1203 1285 1345 1336 sunt
1382 1280 1454 1336 ab
1503 1279 1931 1352 expugnatione
1986 1278 2104 1333 ini-

459 1386 596 1426 ωιοι
604 1411 618 1426 ο

530 1481 560 1509 ‹‹
593 1461 740 1516 Tota
768 1459 882 1515 die.
917 1481 944 1508 »
975 1460 1180 1516 Adhuc
1201 1463 1507 1515 enumerat
1537 1457 1802 1514 miserias
1833 1476 1983 1531 quas
2003 1459 2108 1514 hu-

459 1563 703 1604 manum
734 1563 922 1618 genus
952 1546 1202 1619 patitur;
1235 1547 1406 1620 quasi
1435 1547 1654 1604 diceret
1685 1565 1699 1602 :
1733 1548 1852 1620 Ego
1897 1547 2105 1620 vigila-

459 1637 594 1692 bam
615 1639 673 1691 et
693 1635 871 1691 talem
888 1651 982 1691 me
997 1635 1310 1704 faciebam;
1330 1640 1389 1692 et
1409 1639 1550 1692 tunc
1576 1659 1604 1686 «
1629 1637 2059 1708 exprobrabant
2079 1660 2105 1685 »

457 1723 604 1780 mihi
625 1723 849 1780 inimici
879 1723 1020 1792 mei,
1045 1747 1072 1775 »
1093 1724 1152 1780 id
1183 1727 1292 1793 est,
1312 1724 1625 1798 opprobria
1645 1723 1917 1780 dicebant
1937 1723 2103 1794 mihi,

455 1811 652 1912 ethoc
681 1811 1040 1912 «itote-die,»
1074 1813 1256 1912 idest
1285 1812 1744 1912 assidue.Etiam
1767 1812 1938 1912 amici
1956 1831 1977 1912 ;.
1996 1813 2106 1869 hoc
2139 1847 2185 1912 Β

456 1903 547 1956 est
575 1901 729 1990 quod
763 1900 907 1956 dicit
940 1918 954 1958 :
988 1924 1017 1952 «
1051 1901 1151 1974 qui
1179 1901 1506 1958 laudabant
1529 1917 1644 1972 me,
1672 1924 1699 1951 »
1730 1901 1904 1958 veluti
1931 1901 2111 1957 simu-

455 1988 558 2045 lati
593 1988 800 2058 amici,
825 2012 855 2039 «
886 1989 1196 2046 adversum
1257 2007 1352 2046 me
1391 1991 1696 2062 jurabant.
1725 2011 1752 2042 »
1784 1991 1890 2046 Per
1917 1989 2111 2046 simile

456 2077 626 2147 dicit;
659 2077 800 2151 quia
827 2078 982 2135 sicut
1011 2077 1214 2151 aliqui,
1247 2095 1381 2134 cum
1415 2079 1739 2151 persistunt
1767 2082 1969 2135 contra
1997 2079 2108 2134 ali-

457 2183 654 2240 quem,
685 2169 891 2228 contra
945 2181 1079 2222 eum
1129 2167 1358 2239 jurant,
1391 2167 1475 2224 ita
1523 2167 1620 2224 isti
1665 2167 1992 2241 persistunt
2047 2168 2108 2223 in

459 2253 751 2312 derisione
783 2253 1094 2311 bonorum.

529 2343 662 2400 Ideo
691 2343 1140 2416 exprobrabant,
1162 2361 1278 2400 non
1300 2345 1454 2416 quod
1491 2343 1548 2399 in
1583 2361 1676 2400 me
1708 2344 1930 2400 malum
1957 2345 2108 2401 vide-

459 2435 610 2500 rent,
624 2433 725 2489 sed
752 2453 780 2483 ‹‹
801 2431 942 2504 quia
961 2431 1276 2501 cinerem,»
1298 2432 1358 2488 id
1375 2432 1892 2501 est,minutissima
1914 2451 2108 2506 pecca-

459 2525 538 2590 ta,
553 2537 681 2594 quis
701 2523 842 2578 sunt
863 2517 1120 2593 reliquiae
1143 2522 1435 2593 majorum
1466 2525 1867 2594 peccatorum;
1894 2539 2104 2578 «man-

459 2609 778 2678 ducabam,
793 2631 816 2658 ι
837 2609 897 2666 id
919 2611 1454 2678 est,consumebam
1482 2634 1503 2660 ι
1528 2615 1810 2684 tanquam
1833 2628 2106 2684 panem,»

459 2697 597 2772 quia
616 2699 844 2756 tantam
865 2696 1240 2756 refectionem
1261 2699 1396 2756 inde
1415 2699 1724 2770 habebam,
1739 2704 2021 2773 quantam
2037 2718 2107 2758 ex

458 2802 628 2862 pane.
647 2785 755 2845 Per
783 2785 1038 2844 cinerem
1076 2785 1206 2844 ideo
1235 2786 1557 2860 accipimus
1593 2785 1874 2861 reliquias
1902 2803 2104 2861 pecca-

454 2879 678 2944 torum,
705 2873 845 2948 quia
871 2873 1098 2932 oineres
1147 2881 1289 2933 sunt
1329 2875 1587 2949 reliquias
1627 2877 1970 2945 carbonum,
2005 2894 2108 2949 per

455 2979 604 3038 quos
635 2963 1046 3037 intelliguntur
1073 2969 1309 3036 peccata
1332 2982 1460 3038 quae
1491 2968 1743 3021 exurunt
1765 2965 1958 3021 corda.
1984 2989 2012 3016 ‹‹
2036 2965 2108 3021 Et

369 3117 375 3124 _
454 3051 734 3126 poculum
765 3065 964 3109 meum
995 3067 1132 3108 cum
1153 3052 1291 3108 ﬂetu
1323 3053 1696 3119 miscebam,»
1721 3055 1805 3108 Ad
1826 3053 2102 3121 litteram,

447 3141 630 3224 flebat
679 3138 919 3211 quidem
960 3139 1164 3211 justus
1209 3139 1339 3207 iste,
1373 3141 1679 3196 attendens
1705 3139 1812 3196 has
1851 3141 2102 3197 necessi-

438 3209 607 3285 itat'es
664 3209 1006 3282 comedendi
1055 3230 1114 3282 et
1158 3227 1392 3282 bibendi
1443 3244 1513 3282 ex
1559 3233 1795 3300 peccato
1839 3229 2100 3284 evenisse
2130 3209 2175 3277 (ἶ

363 3308 427 3364 /
452 3315 620 3383 Adae;
649 3312 739 3370 vel
761 3312 1037 3386 poculum
1062 3313 1421 3386 accipiamus
1441 3315 1813 3371 Dominicum
1838 3315 2100 3384 calicem,

340 3406 368 3468 ,’
453 3401 558 3475 qui
606 3413 742 3460 cum
797 3401 1073 3475 lacrymis
1119 3404 1179 3459 et
1233 3402 1684 3475 compunctione
1727 3404 2104 3478 accipiendus

452 3493 565 3547 est.

527 3579 662 3636 Ideo
692 3577 778 3636 sic
809 3578 1116 3650 faciebam,
1151 3579 1292 3652 quia
1337 3579 1504 3652 quasi
1553 3583 1897 3653 praesentem
1945 3581 2102 3638 vide-

451 3669 589 3725 bam
620 3667 768 3726 iram
796 3668 980 3732 futuri
1003 3668 1250 3741 judicii;
1283 3673 1344 3725 et
1371 3669 1481 3726 hoc
1521 3673 1611 3727 est
1641 3687 1654 3725 :
1687 3691 1716 3721 «
1747 3687 1782 3726 a
1813 3671 1956 3727 faeie
2005 3671 2102 3726 irae

449 3759 624 3827 tua,»
655 3755 718 3814 id
744 3761 853 3825 est,
866 3761 1103 3830 propter
1121 3757 1494 3832 praesentiam
1525 3759 1870 3828 futurzeiraa,
1895 3759 1953 3816 in
1987 3779 2105 3833 qua

449 3845 764 3903 damnabis
795 3845 1015 3916 malos;
1046 3851 1104 3904 et
1133 3863 1168 3903 a
1187 3847 1332 3904 faeie
1355 3847 1888 3922 «indignationis,»
1911 3849 1968 3906 id
1990 3854 2100 3918 est,

449 3933 826 3992 correctionis
853 3940 988 4006 tuae,
1014 3951 1195 4008 quam
1242 3935 1302 3992 in
1357 3936 1466 3992 hac
1513 3938 1632 3993 vita
1679 3936 1844 4004 facis,
1880 3955 1996 3994 non
2029 3939 2100 3994 ad

449 4023 876 4091 damnandum,
909 4024 1012 4080 sed
1043 4026 1115 4080 ad
1149 4027 1521 4098 purgandum
1552 4027 2012 4098 praedestinatos.
2033 4028 2105 4082 Et

451 4110 599 4166 bene
627 4108 762 4166 dico
791 4111 946 4183 quod
979 4127 1084 4184 per
1111 4111 1575 4186 indignationem
1611 4115 1872 4188 corrigis,
1899 4139 1927 4166 «
1964 4115 2103 4189 quia

449 4196 684 4254 elevans
703 4219 731 4246 »
749 4213 844 4254 me
873 4198 933 4253 in
955 4200 1446 4272 prosperitatibus
1465 4202 1646 4273 hujus
1659 4204 1808 4272 vitm,
1825 4228 1854 4254 ‹‹
1870 4204 2098 4260 allisisti

451 4301 548 4341 me
579 4307 608 4334 »
641 4284 846 4342 multis
874 4285 1376 4344 tribulationibus.
1411 4289 1535 4364 Hoc
1558 4290 1700 4346 dicit
1727 4309 1966 4363 pauper,
2000 4293 2098 4365 qui

449 4371 546 4430 hic
596 4371 862 4446 loquitur
908 4392 1026 4432 non
1072 4377 1398 4432 secundum
1445 4379 1644 4434 omnia
1689 4381 1977 4448 membra,
1999 4381 2098 4436 sed

448 4463 778 4519 secundum
811 4463 1101 4536 quaedam.

521 4551 673 4609 Bene
703 4552 834 4609 dico
886 4570 981 4610 me
1023 4554 1394 4611 considerare
1441 4555 1700 4610 futuram
1749 4557 1896 4612 iram
1930 4559 2094 4630 quasi
2125 4587 2168 4651 υ

448 4644 817 4710 prensantem,
851 4641 991 4714 quia
1019 4666 1048 4692 ‹‹
1084 4642 1209 4699 dies
1240 4643 1354 4699 mei
1387 4666 1416 4693 »
1448 4643 1592 4698 mihi
1641 4643 1784 4699 nihil
1829 4644 2098 4702 utilitatis

447 4727 776 4796 atterentes,
811 4729 951 4801 quia
981 4731 1106 4787 dies
1135 4735 1275 4786 sunt
1305 4755 1332 4782 ‹‹
1357 4733 1510 4788 sicut
1541 4733 1770 4800 umbra,
1795 4757 1821 4781 »
1843 4732 1983 4806 quia
2002 4735 2097 4790 hic

447 4833 564 4870 non
599 4815 848 4872 habetur
876 4835 1010 4874 vera
1039 4819 1420 4888 illuminatio;
1455 4821 1511 4874 in
1545 4838 1660 4892 qua
1687 4822 2092 4893 declinatione,

447 4920 580 4976 quae
608 4921 677 4960 ex
704 4909 942 4976 peccato
991 4910 1099 4976 est,
1133 4925 1418 4981 cognosco
1466 4910 1721 4966 futuram
1764 4911 1942 4982 iram;
1971 4913 2096 4968 dies

448 5015 474 5043 ‹‹
512 4992 973 5060 declinaverunt,
996 4999 1053 5052 et
1081 5013 1186 5069 ego
1217 4997 1374 5052 sicut
1404 4997 1600 5054 fenum
1634 5001 1782 5054 arui.
1820 5023 1840 5049 ι

519 5105 546 5130 α
581 5083 668 5138 Tu
700 5085 966 5139 autem.»
999 5084 1140 5140 Pars
1173 5085 1360 5140 tertia.
1381 5087 1498 5160 Ego
1523 5088 1790 5144 miserias
1811 5091 2091 5162 sustineo,

446 5169 548 5224 sed
581 5193 606 5219 ‹‹
641 5174 726 5238 tu,
758 5172 1023 5242 Domine,
1048 5172 1107 5228 in
1138 5177 1419 5230 internum
1442 5192 1769 5246 permanes,
1795 5183 1852 5234 et
1875 5197 2096 5236 momo-

446 5256 592 5313 riale
621 5262 812 5329 tuum,
839 5284 868 5311 »
913 5261 972 5316 id
1019 5262 1292 5330 est,illnd
1343 5263 1574 5337 insigne
1619 5265 2097 5335 factum,scilicet

445 5345 772 5419 redemptio
790 5348 1033 5406 humani
1063 5351 1292 5424 generis
1315 5369 1415 5425 per
1433 5353 1642 5409 Filium
1666 5362 1900 5428 propter
1915 5376 2091 5429 quam

446 5434 512 5485 tu
571 5435 826 5492 tenebris
885 5439 939 5492 in
999 5444 1283 5498 memoria
1339 5442 1642 5498 hominum
1681 5445 1796 5498 «in
1847 5463 2090 5516 genera-

445 5516 604 5573 tione
633 5525 899 5590 praasenti
932 5527 1234 5598 duratura,
1269 5555 1294 5578 ‹‹
1336 5535 1393 5585 et
1421 5533 1792 5602 generatione
1813 5554 1840 5584 ιι
1887 5535 2088 5590 subse-

446 5610 681 5679 quente.

2216 567 2359 620 dum
2392 563 2674 620 distulisti
2724 561 3010 629 misereri,
3045 560 3218 616 modo
3265 579 3292 613 α
3318 575 3632 632 exsurgens,
3659 563 3802 620 mise-

2215 654 2435 709 reberis
2465 653 2670 719 Sion,»
2694 651 2752 706 id
2783 655 2890 719 est,
2924 648 3286 716 Ecclesiae,et
3313 664 3506 704 secure
3533 649 3806 706 dicosmi-

2215 740 2521 808 sereberis,
2555 741 2696 814 quia
2723 744 2958 811 tempus
3005 737 3317 794 misereudi
3346 738 3491 808 ejus,
3513 738 3640 810 quia
3676 741 3808 796 venit

2213 835 2467 904 tempus,
2501 849 2528 883 ιι
2565 830 2626 886 id
2653 833 2761 900 est,
2793 828 3059 902 aptitudo
3089 825 3388 900 temporis,
3419 826 3478 882 in
3518 844 3625 899 quo
3665 829 3810 888 debet

2215 919 2500 976 misereri.
2535 917 2982 992 lngeminando,
3015 915 3372 972 desiderium
3403 915 3550 987 quod
3580 915 3736 972 habet
3755 933 3810 972 ex

2214 1007 2316 1064 illa
2363 1009 2737 1064 miseratione
2785 1009 2967 1062 notat.
2999 1005 3147 1060 Vere
3183 1025 3212 1057 α
3240 1002 3598 1060 misereberis
3630 1003 3808 1073 Sion,»

2215 1097 2494 1170 quoniam
2521 1095 2703 1152 servis
2731 1095 2867 1162 tuis,
2901 1113 2929 1145 υ
2967 1093 3026 1148 id
3057 1097 3164 1160 est,
3179 1091 3456 1165 apostolis
3483 1096 3540 1148 et
3564 1091 3685 1148 aliis
3703 1111 3815 1165 prte-

2213 1184 2592 1254 dicatoribus,
2625 1201 2876 1256 quorum
2908 1185 2998 1239 est
3042 1181 3360 1238 Ecclesiam
3404 1181 3502 1237 Dei
3549 1182 3815 1251 aediﬁcare,

2215 1299 2244 1326 «
2278 1274 2627 1348 placuerunt
2671 1273 2917 1346 lapides,
2949 1291 2976 1324 ιο
3030 1271 3090 1326 id
3135 1274 3244 1339 est,
3275 1271 3389 1326 vivi
3437 1269 3707 1339 homines,
3734 1274 3814 1344 qui

2217 1368 2357 1421 sunt
2411 1363 2583 1420 solidi
2639 1367 2701 1420 et
2756 1361 2997 1418 stabiles
3052 1364 3113 1416 et
3167 1360 3228 1415 in
3287 1360 3401 1416 ﬁde
3461 1363 3519 1416 et
3569 1359 3627 1414 in
3679 1360 3820 1417 bonis

2214 1453 2509 1526 operibus,
2543 1457 2602 1508 et
2655 1452 2775 1526 apti
2836 1455 2900 1506 ut
2957 1455 3254 1522 ponantur
3313 1449 3374 1504 in
3440 1448 3672 1504 mdiiicio
3715 1451 3822 1521 ejus

2216 1543 2377 1610 Sion,
2409 1541 2632 1599 scilicet
2674 1539 2965 1596 Ecclesiae.
3007 1560 3034 1592 α
3062 1539 3134 1594 Et
3164 1560 3192 1588 »
3245 1537 3330 1592 illi
3383 1537 3530 1593 servi
3563 1559 3591 1588 «
3622 1537 3821 1594 misere-

2215 1633 2436 1688 buntur
2464 1651 2492 1684 ι»
2527 1630 2884 1686 exhortando
2941 1633 3000 1684 et
3047 1625 3414 1684 condolendo
3467 1627 3536 1682 de
3584 1627 3822 1698 peccatis,

2217 1744 2244 1772 «
2280 1725 2500 1790 terrae,»
2528 1719 2586 1775 id
2611 1723 2700 1776 est
2723 1723 3110 1786 terrenarum,
3127 1715 3228 1788 qui
3250 1715 3470 1772 debent
3495 1731 3618 1772 esse
3639 1737 3664 1765 α
3681 1716 3822 1788 ejus»

2215 1810 2376 1866 Sion.

2288 1897 2448 1954 Servi
2478 1897 2914 1952 miserebantur
2936 1915 2964 1948 α
2983 1897 3041 1950 et
3054 1915 3081 1946 η
3109 1911 3212 1966 per
3230 1893 3345 1949 hoc
3370 1917 3396 1942 α
3423 1891 3696 1949 timebunt
3711 1909 3832 1966 gem.

2217 1991 2304 2042 tes
2335 2003 2547 2042 nomen
2579 1990 2768 2053 tuum,
2803 1983 3071 2049 Domine,
3098 1986 3157 2038 et
3187 1998 3402 2038 omnes
3431 1997 3592 2054 reges
3619 1985 3777 2049 terra,
3802 1997 3826 2031 ιν

2215 2075 2275 2130 id
2305 2080 2415 2143 est,
2447 2074 2783 2147 quicunque
2812 2073 2960 2130 bene
2989 2075 3201 2146 regunt
3229 2087 3408 2127 suam
3453 2070 3826 2137 terrenitatem,

2219 2188 2246 2216 α
2279 2165 2572 2221 timebunt
2597 2162 2846 2236 gloriam
2876 2167 3062 2228 tuam,
3092 2185 3112 2211 ι
3150 2161 3208 2217 id
3238 2165 3356 2230 est,
3381 2166 3460 2230 te,
3492 2160 3624 2232 quia
3649 2158 3829 2233 glorio-

2216 2270 2350 2309 sum
2381 2257 2754 2326 cognoscent.

2288 2343 2420 2398 Ideo
2451 2341 2766 2410 timebunt,
2800 2363 2830 2392 ι(
2860 2339 2999 2412 quia
3031 2336 3316 2396 Dominus
3355 2336 3657 2394 aedificabit
3677 2358 3702 2386 »
3737 2336 3826 2392 vir-

2215 2431 2443 2486 tutibus
2482 2428 2741 2498 «Sion,»
2775 2429 2832 2484 id
2865 2426 3333 2496 est,Ecclesiam,
3383 2449 3405 2476 ι
3431 2430 3489 2482 et
3513 2424 3775 2481 videbitur
3802 2447 3824 2473 ιο

2213 2521 2451 2576 tandem
2484 2535 2518 2574 a
2548 2518 2674 2574 suis
2705 2541 2730 2568 (ι
2764 2517 2827 2572 in
2857 2517 3045 2590 gloria
3073 2533 3248 2584 sua,»
3282 2514 3349 2571 id
3406 2518 3496 2572 est
3538 2513 3596 2570 in
3643 2513 3826 2570 interni-

2213 2613 2362 2678 tate;
2393 2607 2482 2664 vel
2503 2607 2564 2663 in
2595 2607 2866 2680 praesenti
2896 2604 3082 2680 gloria
3108 2603 3419 2661 videbitur
3449 2621 3483 2660 a
3509 2602 3714 2672 suis,id
3741 2605 3829 2672 est,

2214 2700 2566 2771 agnoscatur
2595 2713 2631 2752 a
2659 2695 2786 2752 suis
2816 2693 3135 2769 gloriosus.

2284 2787 2430 2842 Vere
2459 2784 2790 2853 mdificabit,
2823 2783 2964 2857 quia
3001 2804 3028 2838 α
3056 2785 3310 2855 respexit
3343 2801 3381 2836 ιι
3412 2787 3469 2840 et
3499 2781 3832 2855 respicietau.

2213 2875 2424 2932 diendo
2459 2895 2486 2927 α
2517 2874 2576 2929 in
2610 2873 2934 2930 orationem
2965 2871 3284 2928 humilium
3315 2893 3356 2923 ››
3389 2873 3491 2944 qui
3532 2869 3668 2928 nihil
3695 2869 3754 2926 de
3775 2886 3826 2926 se

2212 2967 2600 3038 prmsumunt,
2631 2963 2784 3019 sicut
2811 2962 3067 3034 respexit
3102 2961 3442 3018 orationem
3489 2959 3756 3034 publicani
3783 2962 3828 3014 et

2213 3052 2513 3126 phariszei;
2547 3052 2676 3109 dico
2705 3073 2733 3103 «
2765 3049 3036 3123 respexit,
3057 3072 3078 3100 ι
3104 3055 3162 3106 et
3189 3050 3381 3106 etiam
3411 3050 3614 3108 habuit
3637 3047 3826 3105 vultum

2213 3139 2664 3214 aceeptabilem;
2711 3143 2770 3197 et
2814 3139 2924 3196 hoc
2971 3144 3081 3207 est,
3122 3159 3152 3192 α
3179 3155 3297 3195 non
3370 3140 3585 3212 sprevit
3633 3151 3823 3212 precem

2209 3247 2432 3286 eorum.
2469 3254 2496 3280 »
2526 3231 2780 3286 Dicendo
2830 3229 3048 3296 minus,
3077 3227 3211 3302 plus
3258 3227 3574 3302 intelligit;
3612 3226 3710 3294 vel,
3737 3241 3826 3280 non

2211 3319 2428 3391 sprevit
2483 3319 2808 3375 orationem
2853 3333 2956 3391 pro
3005 3333 3067 3374 se
3117 3317 3367 3382 factam,
3403 3322 3463 3374 et
3492 3333 3604 3374 non
3631 3317 3826 3390 spernet

2211 3423 2442 3480 precem
2492 3408 2704 3464 factam
2733 3424 2836 3480 pro
2879 3405 3041 3474 aliis;
3071 3405 3157 3462 vel
3186 3405 3492 3480 respiciet,
3523 3411 3580 3463 et
3623 3419 3723 3462 non
3764 3401 3822 3458 ad

2211 3493 2437 3562 horam,
2463 3494 2563 3550 sed
2596 3511 2902 3566 nunquam
2924 3497 3182 3566 spernet.

2282 3582 2408 3638 Dixi
2439 3583 2578 3654 quia
2615 3582 2885 3654 respexit,
2909 3582 3082 3638 modo
3112 3581 3395 3641 dicturus
3445 3583 3718 3657 quomodo
3757 3595 3827 3635 re-

2211 3670 2669 3744 spextt,seilicet
2715 3687 2817 3744 per
2863 3673 3178 3728 adventum
3220 3670 3384 3728 Filii.
3419 3673 3566 3740 Quia
3609 3671 3832 3728 dicturus

2211 3776 2332 3816 rem
2367 3777 2641 3832 magnam
2669 3763 2758 3816 est
2787 3763 2844 3815 et
2872 3761 2932 3815 in
2976 3759 3263 3816 memoria
3309 3763 3650 3831 tenendam,
3671 3760 3831 3814 adma

2212 3847 2565 3918 net,'dicens
2599 3865 2612 3903 :
2647 3873 2674 3898 «
2707 3849 3072 3916 Scribantur,
3097 3865 3125 3900 ιι
3161 3848 3222 3904 id
3253 3851 3344 3904 est
3385 3847 3672 3906 memoriae
3693 3845 3834 3902 ﬁrmi-

2209 3941 2300 3994 ter
2326 3939 2811 3994 commendentur
2839 3961 2867 3987 «
2901 3938 2960 3992 in
2991 3939 3375 4010 generatione
3407 3937 3606 4006 altera,
3633 3957 3660 3986 »
3687 3935 3737 3992 id
3763 3935 3833 3989 est

2211 4027 2271 4083 in
2303 4025 2552 4098 posteris
2583 4024 2820 4094 nostris,
2852 4029 2920 4080 ut
2948 4024 3060 4098 ipsi
3083 4023 3274 4081 sciant
3305 4048 3335 4077 «
3374 4027 3500 4083 haec
3533 4049 3556 4076 ι
3591 4042 3708 4100 quae
3741 4021 3835 4078 die-

2209 4121 2379 4172 turus
2409 4131 2572 4184 snm;
2607 4119 2666 4171 et
2695 4131 2798 4186 pro
2827 4113 2922 4170 his
2951 4113 3220 4170 laudabit
3249 4113 3578 4172 Dominum
3617 4110 3832 4188 populus

2210 4205 2308 4278 qui
2341 4203 2653 4259 creabitur.

2281 4293 2410 4348 Haec
2441 4290 2663 4348 scilicet
2693 4291 3045 4359 scribantur,
3076 4313 3096 4341 α
3133 4290 3274 4364 quia
3308 4314 3328 4341 ιι
3371 4291 3658 4349 Dominus
3687 4311 3712 4340 α
3732 4302 3836 4360 pro-

2207 4382 2458 4454 spexit,n
2495 4379 2720 4439 scilicet
2745 4378 2878 4436 illos
2907 4379 3008 4452 qui
3041 4379 3244 4452 procul
3273 4385 3452 4437 erant
3480 4398 3516 4438 a
3535 4375 3832 4446 cognitione

2207 4471 2330 4540 Dei,
2353 4469 2578 4526 scilicet
2627 4468 2876 4541 gentiles
2935 4468 3400 4526 misericorditer
3449 4467 3700 4526 visitavit
3725 4487 3752 4516 ‹‹
3777 4463 3838 4518 de

2205 4558 2430 4616 excelso
2462 4562 2662 4614 saneto
2693 4575 2821 4626 suo,
2840 4579 2868 4606 »
2899 4557 2956 4612 id
2989 4563 3098 4625 est,
3115 4557 3186 4614 de
3207 4557 3584 4615 humanitate
3597 4554 3720 4614 Filii
3737 4550 3832 4617 sui,

2207 4664 2333 4721 quae
2365 4648 2473 4702 fuit
2500 4646 2746 4714 excelsa,
2761 4645 2901 4718 quia
2929 4647 3002 4702 ab
3033 4647 3193 4702 omni
3226 4651 3470 4718 peccato
3491 4641 3837 4710 immunis,et

2205 4735 2329 4809 ipse
2359 4761 2386 4786 ‹‹
2422 4735 2707 4792 Dominus
2737 4735 2796 4788 in
2821 4741 3037 4790 terram
3070 4733 3363 4806 aspexit,»
3395 4735 3456 4790 id
3491 4739 3584 4791 est
3612 4733 3733 4788 illos
3750 4725 3834 4800 qui

2205 4825 2362 4881 culta
2391 4829 2558 4881 erant
2589 4824 2932 4892 terra,sicut
2959 4824 3144 4881 Judrei
3169 4841 3318 4895 quos
3349 4824 3711 4896 propinquos
3729 4815 3838 4874 visi-

2205 4913 2372 4978 tavit;
2407 4911 2559 4966 sicut
2587 4910 2902 4982 Apostolus
2933 4910 3016 4966 ait
3037 4907 3739 4982 Venicns,evangelizavit
3757 4903 3836 4958 bis

2205 5001 2302 5073 qui
2337 5015 2514 5071 prope
2545 5003 2712 5053 erant
2759 5003 2817 5054 et
2855 4999 2948 5054 his
2998 5000 3096 5072 qui
3143 4999 3316 5072 longe
3366 4999 3582 5070 (Eph..)
3615 5013 3628 5051 :
3659 4999 3714 5051 et
3744 4993 3836 5048 hoc

2205 5115 2230 5139 α
2267 5090 2338 5144 de
2369 5086 2530 5153 ccelo,
2565 5108 2593 5136 »
2623 5087 2694 5142 de
2728 5087 2858 5159 ipsa
2895 5087 3118 5144 scilicet
3140 5086 3514 5143 humanitate
3544 5081 3766 5146 Christi,
3784 5077 3832 5132 in

2205 5195 2323 5251 qua
2351 5177 2480 5248 ipsa
2508 5174 2692 5230 celata
2725 5177 2836 5231 fuit
2865 5175 3167 5233 divinitas.

2271 5266 2357 5321 Ad
2386 5265 2496 5320 hoc
2529 5265 2825 5336 prospexit
2853 5287 2880 5314 α
2916 5271 2980 5319 ut
3013 5287 3041 5313 »
3074 5281 3177 5338 per
3223 5265 3422 5338 ipsum
3467 5261 3832 5318 mediaterem

2205 5355 2411 5413 Filium
2449 5377 2476 5403 ‹‹
2515 5351 2742 5408 audiret
2773 5354 3028 5426 gemitus
3058 5349 3624 5426 compeditorum,id
3648 5350 3836 5416 est,»

2201 5429 2329 5500 ruin
2363 5441 2462 5515 qui
2485 5458 2598 5496 non
2637 5430 2958 5498 lasciviunt.
2987 5458 3088 5514 per
3118 5442 3340 5514 plateas
3361 5439 3558 5510 hujus
3585 5437 3730 5499 vitae,
3754 5427 3840 5487 sed

2201 5536 2339 5588 sunt
2384 5529 2545 5602 ligati
2599 5529 2901 5601 prmceptis
2949 5530 3048 5585 Dei
3081 5547 3093 5584 :
3131 5530 3203 5586 ad
3238 5531 3348 5586 hoc
3413 5525 3662 5590 audiret,
3699 5540 3726 5570 «
3749 5521 3846 5574 ut»

2199 5623 2359 5694 ipsos
2391 5643 2418 5670 ‹‹
2442 5618 2590 5674 [ilics
2623 5619 3127 5690 interemptorum,
3155 5642 3180 5667 ››
3211 5618 3266 5674 id
3300 5619 3414 5684 est,
3439 5617 3676 5687 patrum
3704 5621 3839 5664 mor-
