4080 6180
266 331 383 390 537

1443 332 1938 395 EXPLANATIO
1984 335 2061 395 IN
2111 336 2493 400 PSALMOS.

3547 342 3666 407 538

263 467 502 520 tuorum
529 463 588 519 in
620 462 894 537 peccatis,
931 485 958 512 «
992 462 1237 520 solveret
1266 487 1294 514 »
1326 482 1359 519 a
1387 464 1619 521 vinculo
1651 471 1912 539 peccato-
1939 469 1993 536 Α
2023 473 2288 526 mentum
2339 471 2684 541 mutabitur,
2728 472 2865 546 quia
2906 473 3114 531 stabile
3164 475 3281 541 fiet,
3313 474 3442 532 dico
3476 498 3503 527 ‹‹
3537 476 3667 533 οωιὶ

263 569 396 609 rum
429 570 534 626 pro
564 553 780 626 quibus
809 552 1139 625 gemebant.

329 644 419 698 Ad
445 642 555 698 hoc
587 640 799 711 solum,
834 662 862 692 «
892 644 959 696 ut
988 664 1016 689 ››
1046 641 1159 713 ipsi
1203 641 1376 697 soluti
1413 665 1440 691 α
1473 644 1823 699 annuntient
1853 645 1911 699 in

261 731 424 799 Sion,
462 753 490 781 ››
522 732 582 786 id
612 734 720 799 est,
745 730 805 785 in
835 730 1103 802 praesenti
1136 731 1413 803 Ecclesia,
1439 754 1466 782 ‹‹
1489 749 1700 787 nomen
1728 734 1914 789 Domi-

262 821 346 891 ni,
377 819 526 876 etin
569 818 954 889 Hierusalem,
988 841 1016 869 »
1052 819 1109 875 id
1158 824 1247 874 est
1288 818 1348 874 in
1396 821 1613 888 futura,
1648 839 1775 894 qua:
1824 827 1914 878 est

260 909 407 966 visio
438 908 621 980 pacis,
648 930 675 958 «
711 908 1066 963 annuntient
1096 907 1331 963 laudem
1363 910 1491 981 ejus
1517 931 1543 959 ››
1565 909 1817 980 Domini,
1851 911 1907 966 id

261 1003 370 1067 est,
402 996 759 1053 laudabilem
791 996 1121 1052 ostendant.

333 1085 474 1141 Dico
505 1083 876 1155 annuntient,
901 1087 959 1139 et
988 1084 1096 1140 hoc
1128 1102 1242 1141 non
1275 1085 1496 1157 paucis,
1522 1089 1621 1143 sed
1647 1112 1673 1138 ‹‹
1700 1089 1758 1144 in
1780 1107 1912 1145 con-

259 1175 548 1231 veniendo
578 1173 825 1247 populos
856 1173 912 1227 in
948 1191 1155 1244 unum,
1187 1196 1214 1223 n
1246 1174 1305 1229 id
1345 1180 1434 1231 est
1480 1181 1907 1251 eongregande,

260 1265 319 1320 id
349 1268 443 1319 est
469 1264 532 1317 in
561 1262 1012 1335 congregatione
1043 1264 1414 1336 populorum.
1438 1266 1537 1320 Vel
1562 1290 1588 1315 ‹‹
1626 1267 1680 1321 in
1704 1285 1909 1324 conve-

263 1353 538 1419 niendo,»
567 1351 624 1407 id
657 1355 747 1407 est
774 1350 1147 1423 alloquendo,
1179 1374 1209 1401 ‹‹
1241 1353 1488 1425 populos
1520 1354 1575 1409 in
1612 1375 1817 1428 unum,
1850 1358 1906 1413 id

261 1447 350 1499 est
377 1441 649 1496 ducendo
686 1456 788 1496 eos
833 1439 893 1494 in
944 1457 1121 1496 unam
1172 1441 1527 1498 voluntatem
1577 1449 1636 1499 et
1682 1447 1905 1501 ﬁdem:

260 1555 289 1581 α
318 1535 377 1585 et
408 1552 438 1580 »ι
471 1528 647 1585 etiam
678 1529 1074 1585 conveniundo
1106 1552 1135 1579 ‹‹
1170 1548 1355 1605 reges,
1384 1555 1411 1581 ››
1433 1531 1491 1587 id
1515 1537 1604 1590 est
1634 1536 1907 1606 majores,

259 1621 333 1676 ad
359 1620 474 1675 hoc
504 1642 533 1669 «
569 1622 635 1675 ut
661 1618 916 1674 serviant
945 1618 1212 1675 Domino.
1251 1644 1278 1669 ››

327 1708 620 1765 Dominus
651 1706 876 1779 aspexit
903 1712 1142 1779 terram,
1175 1713 1235 1765 et
1261 1734 1287 1759 «
1324 1711 1454 1783 ipsa
1482 1715 1784 1785 respondit
1804 1715 1853 1769 ei
1881 1737 1908 1763 ››

258 1797 508 1866 voeanti,
541 1795 869 1853 assentiens
918 1814 1037 1853 sum
1087 1799 1397 1867 voeationi,
1428 1806 1484 1856 et
1513 1803 1905 1875 subserviens,

258 1891 317 1943 et
343 1886 658 1943 ambulans
688 1908 716 1935 ‹‹
748 1886 810 1940 in
839 1886 989 1955 via,»
1014 1887 1071 1942 id
1092 1891 1183 1943 est
1211 1888 1271 1942 in
1302 1890 1606 1962 prmceptis
1635 1891 1734 1947 Dei
1757 1893 1911 1948 bona

258 1976 643 2049 operatione:
677 1974 769 2030 via
820 1974 949 2031 dico
1000 1997 1029 2025 «
1073 1976 1308 2033 virtutis
1369 1996 1509 2048 sum,
1544 2002 1572 2028 ››
1604 1981 1661 2036 id
1714 1986 1803 2037 est
1850 1983 1909 2036 in

261 2083 376 2138 qua
395 2080 461 2120 se
481 2064 738 2120 ostendit
754 2064 1248 2137 virtuosam,quia
1260 2066 1422 2123 nulla
1442 2069 1815 2126 tribulatione
1838 2072 1909 2127 ab

259 2171 326 2210 ea
355 2152 617 2226 separari
650 2157 872 2226 potest;
907 2154 1063 2209 unde
1111 2155 1424 2227 Apostolus
1458 2175 1470 2213 :
1506 2159 1703 2232 Neque
1729 2177 1910 2229 mors,

262 2261 448 2316 neque
477 2243 597 2299 vita
637 2245 908 2316 poterunt
955 2259 1061 2298 nos
1109 2259 1383 2316 separare
1411 2263 1445 2301 a
1475 2246 1757 2304 charitate
1786 2249 1911 2319 Dei,

261 2334 460 2402 (Rom,
488 2334 619 2401 xm)
649 2348 663 2385 :
701 2331 999 2403 respondit
1046 2331 1198 2404 dico,
1232 2333 1314 2389 ita
1363 2334 1563 2391 dicens
1597 2354 1609 2391 :
1647 2338 1908 2407 Domine,

263 2446 290 2471 «ι
320 2421 530 2477 nuntia
577 2419 744 2489 mihi,
780 2443 808 2469 υ
838 2420 899 2474 id
929 2424 1037 2491 est,
1072 2422 1161 2477 fac
1207 2439 1300 2477 me
1350 2425 1671 2498 intelligere
1702 2451 1731 2477 «
1764 2446 1909 2501 pau-

260 2510 495 2566 citatem
548 2507 775 2564 dierum
817 2525 1105 2578 meorum,
1142 2532 1169 2559 ››
1201 2511 1258 2566 id
1292 2516 1382 2567 est
1430 2512 1770 2570 brevitatem
1802 2517 1911 2572 hu-

260 2615 450 2655 manu:
480 2598 645 2665 vitae;
677 2600 743 2652 ut
769 2613 837 2653 ea
867 2597 1101 2671 cognita
1130 2598 1400 2656 festinem
1434 2602 1504 2657 ad
1536 2602 1713 2659 vitam
1746 2610 1912 2661 aeter-

260 2704 422 2744 nam.

330 2776 403 2832 Et
432 2791 527 2830 me
558 2779 888 2832 currentem
936 2778 1007 2832 ad
1050 2778 1230 2834 vitam
1279 2784 1555 2836 aeternam
1588 2805 1615 2831 ‹‹
1649 2798 1721 2838 ne
1754 2800 1912 2841 revo-

260 2882 359 2921 ces
390 2885 420 2914 ››
454 2881 490 2919 a
517 2880 695 2920 cursu
727 2863 847 2936 illo,
880 2865 988 2922 hoc
1015 2870 1105 2922 est
1143 2883 1216 2923 ne
1264 2869 1581 2926 subtrahas
1628 2872 1912 2944 gratiam;

257 2954 402 3027 quia
420 2957 565 3009 tunc
586 2953 969 3010 subsisterem
994 2972 1099 3029 ego
1114 2980 1140 3007 ‹‹
1158 2956 1216 3012 in
1241 2956 1485 3015 dimidio
1508 2960 1733 3016 dierum
1758 2977 1913 3017 meo-

254 3059 389 3100 rum
418 3064 447 3093 »
470 3042 789 3109 tantum,id
824 3047 913 3099 est
943 3043 1124 3100 solam
1157 3045 1481 3102 humanam
1511 3048 1692 3104 vitam
1725 3052 1912 3105 actam

252 3134 312 3191 in
346 3131 776 3204 temporalibus
807 3132 978 3189 bonis
1009 3133 1285 3189 haberem
1320 3151 1332 3189 :
1368 3128 1496 3209 quae
1537 3137 1655 3193 vita
1701 3137 1917 3194 dicitur

2021 558 2314 630 peribunt,
2353 563 2413 615 tu
2441 564 2657 629 autem,
2696 562 2958 631 Domine,
2993 563 3052 617 in
3102 568 3382 620 aeternum
3432 582 3667 638 perma-

2021 664 2187 703 nens.
2224 671 2252 697 »
2283 649 2565 717 Ostendit,
2587 652 2876 723 quomodo
2925 651 3217 724 peribunt,
3252 653 3454 709 dicens
3488 671 3501 709 :
3541 676 3568 704 «
3599 654 3670 710 Et

2021 751 2225 791 omnes
2247 737 2400 793 sicut
2419 739 2834 795 vestimentum
2860 743 3238 807 veterascent,
3256 764 3283 789 »
3307 740 3444 813 quia
3466 758 3668 797 secun-

2020 824 2160 879 dum
2175 827 2605 898 corruptionem
2618 828 2923 883 hominum
2948 828 3077 900 ipsa
3095 828 3383 885 elementa
3403 847 3663 885 corrum-

2020 917 2240 983 puntur
2270 932 2283 970 :
2316 916 2492 971 veluti
2542 920 2716 985 terra,
2749 933 2878 989 quae
2919 918 3045 987 jam
3096 918 3295 974 minus
3337 918 3544 973 fertilis
3575 923 3665 975 est

2020 1017 2197 1072 quam
2230 1004 2415 1074 prius,
2449 1022 2547 1061 aer
2577 1006 2776 1061 minus
2808 1006 3081 1061 salubris.

2091 1114 2119 1139 «
2148 1092 2218 1147 Et
2244 1116 2268 1139 »ι
2292 1095 2353 1147 tu
2378 1116 2404 1141 ‹‹
2439 1094 2700 1149 mutabis
2730 1111 2829 1149 eos
2861 1094 3013 1150 sicut
3044 1095 3399 1166 opertorium
3425 1100 3452 1145 ἡ
3479 1103 3666 1153 muta-

2018 1183 2378 1253 tur,quando
2410 1182 2693 1254 recipient
2723 1182 2899 1239 aliam
2931 1182 3311 1255 qualitatem:
3340 1188 3397 1240 et
3428 1184 3527 1241 illa
3554 1186 3665 1241 im-

2019 1270 2345 1326 mutatione
2377 1288 2725 1343 permanens
2756 1270 3089 1327 immutatio
3120 1271 3250 1338 erit,
3273 1272 3458 1327 ethoc
3480 1272 3622 1328 dicit
3650 1290 3663 1327 :

2019 1382 2046 1407 ‹‹
2080 1360 2149 1413 Et
2175 1360 2581 1427 mutabuntur,
2621 1382 2647 1409 ››
2680 1360 2736 1415 id
2769 1363 2858 1417 est
2879 1360 2938 1415 in
2970 1360 3070 1421 illa
3098 1360 3508 1417 immutatione
3539 1380 3667 1434 per-

2019 1447 2366 1502 manebunt:
2384 1466 2497 1504 non
2513 1448 2802 1515 erit,sicut
2815 1449 3055 1520 quidam
3071 1449 3323 1505 haeretici
3336 1449 3665 1519 voluerunt,

2019 1536 2171 1607 quod
2203 1535 2516 1608 aliquando
2548 1537 2805 1591 redirent
2832 1536 3124 1593 elementa
3153 1539 3224 1593 ad
3248 1538 3559 1610 pristinam
3586 1540 3667 1595 fa-

2017 1623 2251 1693 ciem,et
2274 1616 2412 1681 item
2443 1625 2712 1682 homines
2743 1627 2816 1682 ad
2847 1626 3269 1685 habitationem
3292 1630 3477 1683 terrm.
3505 1630 3669 1700 Ipsos

2019 1713 2298 1781 mutabis,
2322 1736 2350 1763 «
2386 1718 2451 1769 tu
2483 1717 2679 1769 autem
2712 1714 2870 1770 idem
2891 1731 2975 1781 es,
3004 1736 3031 1764 ››
3054 1714 3111 1770 id
3132 1714 3664 1783 estimmutabilis;

2020 1824 2047 1851 ‹‹
2083 1800 2225 1874 ipse,
2264 1824 2292 1850 »
2324 1802 2381 1857 id
2414 1806 2503 1858 est
2532 1801 2904 1875 omnipotens
2937 1821 2950 1858 :
2986 1826 3013 1853 ‹‹
3048 1806 3106 1858 et
3131 1804 3267 1859 anni
3303 1802 3391 1859 tui
3416 1826 3444 1855 ››
3461 1803 3521 1859 in
3546 1805 3671 1877 qui-

2023 1890 2134 1945 bus
2164 1893 2228 1945 tu
2256 1891 2421 1961 vivis,
2455 1914 2482 1941 «
2519 1908 2632 1947 non
2684 1891 2977 1959 deficient,
3012 1914 3039 1941 »
3071 1892 3210 1964 quia
3255 1893 3454 1947 interni
3503 1898 3663 1949 sunt.

2017 1978 2117 2034 Vel
2134 1996 2309 2051 possu
2318 1997 2449 2036 mus
2462 1980 2562 2036 coal
2572 1998 2670 2035 um
2683 1984 2741 2036 et
2752 1984 2965 2037 terram
2983 1980 3315 2055 intellegere
3336 1980 3666 2054 allegorice,

2022 2070 2086 2122 ut
2131 2067 2213 2123 sic
2264 2068 2533 2124 dicamus
2566 2085 2578 2123 :
2616 2058 2770 2137 Dico,
2807 2092 2835 2119 ‹‹
2868 2086 2940 2125 ne
2992 2086 3244 2137 revoces,
3277 2091 3305 2119 »
3338 2074 3396 2125 et
3424 2086 3669 2127 securus

2021 2173 2174 2224 sum,
2200 2161 2437 2230 propter
2465 2158 2619 2213 bona
2647 2156 2817 2213 initia
2846 2175 2975 2229 qua:
3005 2161 3066 2212 tu
3087 2159 3213 2229 jam
3265 2157 3475 2226 fecisti,
3512 2159 3667 2230 quod

2022 2262 2136 2300 non
2170 2245 2465 2301 revocabis
2490 2263 2502 2301 :
2524 2246 2682 2318 quia,
2708 2262 2741 2301 ο
2762 2245 3026 2313 Domine,
3052 2250 3115 2301 tu
3142 2246 3402 2301 fundasti
3431 2249 3670 2315 terram,

2022 2334 2080 2389 id
2112 2339 2218 2401 est,
2252 2334 2593 2405 Ecclesium,
2636 2335 2825 2403 initio,
2861 2335 2920 2390 id
2968 2340 3057 2391 est
3106 2351 3209 2407 per
3258 2334 3494 2403 Filium,
3519 2335 3675 2413 vela

2021 2423 2210 2495 primo
2232 2424 2396 2495 justo
2425 2424 2599 2492 Abel;
2634 2428 2691 2481 et
2711 2424 2860 2490 cceli,
2890 2424 2947 2480 id
2972 2428 3080 2491 est,
3110 2423 3346 2479 altiores
3365 2424 3471 2479 viri
3492 2423 3553 2479 in
3576 2425 3672 2480 Ec-

2022 2511 2325 2584 clesia,qui
2359 2513 2657 2569 continent
2687 2517 2909 2569 secreta
2938 2512 3370 2579 cmlestia,sunt
3397 2512 3671 2585 spiritua-

2022 2598 2101 2656 lia
2129 2618 2304 2673 opera
2331 2618 2614 2657 manuum
2646 2605 2878 2656 tuarum
2904 2601 2964 2656 in
2989 2600 3207 2673 quibus
3229 2600 3481 2656 maxime
3500 2618 3675 2674 appa-

2022 2694 2111 2745 ret
2143 2689 2427 2745 Deminus
2458 2688 2792 2745 laudabilis.
2827 2690 2943 2761 Ipsi
2984 2688 3111 2745 cceli
3165 2689 3443 2761 peribunt
3487 2694 3674 2746 morte

2021 2777 2352 2849 temporali,
2394 2783 2459 2833 tu
2510 2782 2728 2850 autem,
2763 2777 2939 2847 Deus,
2973 2793 3281 2849 permanes
3314 2794 3328 2832 :
3363 2781 3420 2833 et
3466 2794 3672 2835 omnes

2023 2866 2106 2921 illi
2137 2870 2519 2935 veterascent,
2536 2871 2842 2922 senescant
2863 2870 2921 2922 et
2939 2869 3390 2937 corrumpentur
3409 2882 3669 2937 corpore,

2024 2955 2599 3011 sicutvestimentum
2622 2956 2776 3027 quod
2799 2955 3090 3024 atteritur,
3105 2958 3163 3010 et
3175 2959 3298 3010 tum
3322 2953 3672 3011 immutabis

2023 3061 2142 3111 eos,
2176 3045 2411 3116 quando
2442 3044 2649 3099 induas
2670 3060 2769 3099 eos
2790 3042 3225 3116 incorruptione
3245 3045 3303 3099 et
3325 3041 3670 3098 immortali-

2022 3137 2160 3200 tate,
2194 3132 2348 3189 sicut
2373 3132 2730 3204 opertorium
2757 3135 2924 3188 vetus
2953 3135 3293 3200 renovatur;
3329 3154 3355 3181 ‹‹
3389 3134 3448 3186 et
3478 3134 3671 3186 muta-

250 3220 523 3288 dimidia,
556 3220 615 3276 id
645 3225 736 3277 est
765 3220 1124 3295 imperfecta.
1155 3222 1258 3278 Vel
1292 3224 1417 3281 dies
1464 3240 1783 3297 possumus
1814 3226 1911 3285 hic
1941 3209 1984 3275 C
2022 3221 2260 3288 buntur,
2299 3243 2326 3270 »
2357 3221 2414 3275 id
2445 3224 2553 3292 est,
2587 3220 2689 3276 illa
2727 3237 2875 3277 nova
2925 3220 3259 3275 immutatio
3307 3218 3677 3292 permanebit

251 3310 521 3382 accipere
548 3308 726 3364 vitam
753 3310 1079 3381 justorum,
1114 3310 1254 3384 quia
1283 3311 1343 3368 in
1375 3330 1443 3369 ea
1486 3314 1736 3371 habetur
1777 3333 1914 3372 vera

248 3397 635 3467 illuminatio,
666 3401 733 3453 ut
762 3397 843 3454 sic
871 3398 1139 3455 dicatur:
1173 3400 1255 3455 Ne
1287 3417 1516 3457 revoces
1548 3418 1641 3458 me
1671 3420 1705 3458 a
1735 3420 1911 3460 cursu

248 3492 480 3544 aeternae
501 3486 652 3555 vitae,
678 3490 742 3542 ut
767 3490 997 3543 tantum
1022 3488 1134 3544 sim
1159 3488 1214 3544 in
1241 3489 1487 3547 dimidio
1509 3492 1737 3548 dierum
1761 3510 1914 3549 meo-

250 3593 406 3643 rum,
440 3573 503 3629 id
534 3578 625 3633 est
654 3578 721 3630 ut
751 3574 1121 3633 solummodo
1153 3577 1401 3633 habeam
1445 3585 1791 3652 praesentem
1823 3581 1909 3637 vi-

250 3669 373 3720 tam
397 3664 722 3736 justorum,
758 3664 897 3737 quia
927 3665 1055 3737 ipsa
1085 3669 1175 3722 est
1203 3667 1467 3738 dimidia,
1492 3667 1551 3724 id
1579 3674 1667 3726 est
1694 3670 1907 3744 imper-

247 3753 404 3809 fecta
431 3755 493 3808 et
515 3751 762 3821 inutilis,
796 3753 909 3809 nisi
941 3758 1157 3811 aeterna
1180 3756 1298 3812 vita
1318 3758 1613 3814 succedat.
1638 3758 1771 3816 Dies
1794 3762 1906 3817 mei

250 3846 395 3898 sunt
442 3840 833 3905 dimidii,sed
865 3865 894 3891 «
928 3844 1066 3898 anni
1116 3843 1225 3912 tui,
1262 3867 1289 3894 ››
1333 3846 1392 3901 id
1442 3852 1532 3902 est
1578 3848 1905 3917 aeternitas;

249 3948 431 4003 quam
462 3930 734 4003 designat
763 3930 1000 4010 nomine
1030 3932 1188 4002 anni,
1214 3950 1329 3989 non
1354 3939 1589 4007 propter
1609 3936 1905 3993 mutabili-

250 4023 458 4088 tatem,
484 4034 612 4091 qua:
643 4018 723 4075 ibi
746 4019 909 4075 nulla
929 4024 1037 4088 est,
1051 4022 1153 4078 sed
1176 4027 1413 4094 propter
1440 4023 1866 4097 longitudinem
1890 4045 1903 4096 ;

247 4110 392 4163 sunt
424 4130 454 4157 «
487 4106 549 4162 in
579 4109 951 4181 generatione
982 4131 1011 4160 »
1043 4112 1312 4184 praesenti
1346 4136 1371 4162 ‹‹
1396 4116 1453 4168 et
1476 4135 1503 4161 ››
1527 4114 1824 4170 durabunt
1844 4114 1905 4171 in

247 4219 273 4245 α
304 4194 689 4269 generatione
719 4198 1075 4265 succedenti,
1099 4221 1127 4249 υ
1161 4199 1270 4256 hoc
1301 4203 1411 4266 est,
1443 4201 1641 4257 aeterni
1671 4208 1831 4258 sunt.

314 4308 343 4334 κ
385 4283 567 4341 Initio
596 4289 679 4354 tu,
708 4286 969 4354 Domine,
994 4290 1209 4343 terram
1242 4289 1521 4346 fundasti.
1550 4314 1578 4340 »
1601 4291 1751 4347 Bene
1774 4292 1903 4349 dico

246 4373 407 4445 quod
438 4371 581 4428 anni
611 4374 696 4429 tui
717 4378 858 4431 sunt
876 4376 1098 4444 aeterni,
1123 4378 1263 4449 quia
1282 4382 1368 4446 tu,
1391 4378 1767 4451 Domine,nee
1792 4382 1902 4437 ini-

243 4460 397 4517 tium
424 4461 711 4531 habuisti,
734 4480 840 4519 nec
861 4464 1038 4521 ﬁnem
1062 4465 1308 4522 habebis
1331 4484 1345 4522 :
1367 4467 1465 4539 qui
1487 4470 1640 4540 quod
1667 4469 1901 4526 initium

2022 3309 2080 3365 in
2110 3310 2214 3378 eis,
2247 3312 2307 3365 tu
2340 3314 2536 3366 autem
2569 3310 2724 3366 idem
2757 3326 2841 3377 es,
2863 3313 2922 3366 et
2940 3310 3078 3365 anni
3110 3308 3196 3365 tui
3228 3327 3343 3365 non
3376 3309 3671 3366 deficient.

2089 3399 2241 3455 Anni
2272 3400 2357 3455 tui
2392 3403 2532 3456 sunt
2560 3400 2781 3467 aeterni,
2808 3401 2865 3454 in
2902 3416 3018 3471 qua
3047 3399 3370 3456 mternitate
3393 3421 3421 3449 «
3443 3399 3671 3455 habita-

2020 3489 2169 3544 bunt
2198 3488 2301 3544 filii
2332 3506 2632 3545 servorum
2662 3493 2920 3560 tuorum,
2951 3512 2977 3538 ››
3001 3489 3059 3543 id
3081 3493 3172 3544 est
3201 3489 3525 3544 imitatores
3545 3505 3675 3544 san-

2019 3581 2244 3634 ctorum
2291 3577 2736 3650 Apostolorum;
2771 3600 2799 3627 ‹‹
2832 3582 2890 3633 et
2919 3594 3119 3632 semen
3170 3593 3397 3645 eorum,
3433 3597 3461 3626 »
3493 3575 3552 3630 id
3584 3580 3675 3633 est

2019 3666 2173 3722 bona
2200 3666 2458 3739 operatio
2489 3667 2775 3737 ipsorum,
2811 3688 2839 3716 ‹‹
2871 3665 3155 3737 dirigetur
3182 3688 3209 3714 η
3231 3682 3265 3720 a
3290 3669 3346 3720 te
3366 3665 3437 3719 de
3456 3663 3671 3720 virtute

2017 3753 2077 3809 in
2110 3754 2404 3822 virtutem,
2426 3754 2483 3809 in
2506 3753 2777 3826 praasenti
2806 3757 2863 3809 et
2887 3776 2913 3802 ‹‹
2942 3754 2998 3808 in
3026 3752 3308 3809 saeculum
3341 3774 3368 3802 ‹‹
3404 3753 3669 3807 futurum

2018 3842 2337 3915 dirigetur:
2361 3843 2500 3916 quia
2529 3847 2668 3898 tunc
2700 3860 2813 3898 non
2846 3843 3165 3897 cessabunt
3192 3858 3226 3895 a
3251 3839 3425 3896 laude
3456 3836 3578 3907 Dei,
3614 3843 3677 3895 et

2016 3931 2111 3987 hic
2161 3932 2492 3988 ostenditur
2548 3931 2718 3987 laatus
2768 3930 2904 3985 ﬁnis
2959 3928 3390 4002 paenitentiam,
3427 3928 3580 3984 sicut
3606 3927 3667 3983 in

2016 4020 2147 4076 aliis
2180 4020 2702 4093 paenitentialibus.
2724 4078 2729 4083 ,

2529 4108 2602 4163 ΙΝ
2644 4107 2991 4164 PSALMUM
3030 4107 3149 4163 Cll.

2369 4197 2624 4252 Trruws
2648 4212 2661 4250 :
2695 4197 2948 4252 Psalmus
2979 4198 3089 4269 ipsi
3116 4195 3309 4252 David.

2085 4309 2113 4335 «
2146 4285 2417 4341 Benedic.
2452 4285 2494 4341 Ι.
2528 4308 2556 4335 »
2589 4285 2860 4341 Psalmus
2889 4284 3000 4341 iste
3029 4284 3299 4341 convenit
3328 4284 3507 4341 David
3541 4302 3669 4357 pro-

2012 4374 2220 4447 phetis,
2254 4374 2352 4445 qui
2385 4374 2479 4430 hic
2509 4375 2788 4446 loquitur.
2806 4374 3108 4430 Materiam
3128 4375 3306 4429 habet
3324 4373 3529 4429 laudes
3542 4374 3664 4429 Dei.

2013 4463 2221 4519 Modus
2254 4481 2266 4519 :
2300 4463 2361 4518 in
2392 4464 2584 4536 prima
2614 4466 2799 4536 parte,
2832 4462 3171 4518 exhortatur
3199 4463 3271 4519 ad
3303 4461 3665 4516 laudandum

245 4567 357 4605 non
391 4549 721 4619 habuisset,
754 4552 1189 4621 ostendit,-cum
1223 4554 1365 4610 dicit
1384 4572 1518 4611 eum
1542 4561 1757 4613 terram
1780 4559 1907 4614 fun-
1932 4575 1981 4639 Ι)
2012 4553 2218 4620 Deum,
2248 4556 2485 4625 propter
2513 4551 2723 4607 collata
2769 4550 3073 4606 beneﬁcia.
3108 4551 3173 4606 In
3227 4549 3503 4639 secunda,
3534 4564 3664 4639 quae

242 4639 462 4696 desse:
495 4655 565 4695 ex
596 4657 712 4712 quo
741 4645 973 4697 constat
1002 4643 1157 4715 quod
1190 4643 1315 4715 ipse
1346 4647 1479 4699 ante
1508 4650 1727 4701 terram
1771 4647 1898 4715 fuit,

242 4731 299 4782 et
327 4728 482 4783 inde
508 4728 651 4784 dicit
680 4746 694 4785 :
730 4754 758 4779 ‹‹
792 4730 1059 4800 Domine,
1090 4734 1152 4787 tu
1201 4736 1418 4788 terram
1469 4734 1751 4801 fundasti,
1788 4760 1816 4785 ››
1849 4740 1907 4791 et

242 4816 348 4872 hoc
382 4842 415 4864 «ι
454 4817 643 4889 initio,
681 4842 707 4867 ι)
740 4820 794 4875 id
826 4823 936 4888 est,
973 4820 1027 4875 in
1063 4821 1254 4893 prima
1285 4821 1573 4878 creatione
1594 4850 1617 4871 (ι
1646 4828 1701 4879 et
1726 4824 1899 4879 οωιί»

242 4905 583 4962 materiales
606 4932 633 4956 ‹‹
661 4913 799 4963 sunt
828 4927 1003 4981 opera
1029 4927 1313 4964 manuum
1344 4914 1599 4980 tuarum,
1632 4937 1658 4961 υ
1680 4914 1817 4985 quia
1842 4918 1901 4968 tu

238 5009 337 5051 eos
368 4994 565 5051 fecisti
592 5012 606 5050 :
640 4997 742 5052 sed
772 4996 901 5053 ideo
931 4998 1013 5053 ita
1043 5016 1312 5071 expresse
1343 4998 1483 5055 dicit
1514 5024 1540 5048 ‹‹
1575 5018 1750 5073 opera
1779 5021 1899 5057 ma-

241 5100 432 5138 nuum
464 5088 725 5153 tuarum,
755 5107 783 5135 »
808 5087 945 5157 quia
974 5088 1130 5159 quod
1163 5087 1402 5161 dignius
1423 5106 1571 5161 opus
1594 5094 1700 5159 est,
1728 5092 1900 5148 ascri-

238 5170 409 5227 bitur
436 5190 700 5244 persona:
733 5174 997 5231 artificis.

310 5260 589 5316 Ostendit
625 5264 805 5318 Deum
840 5263 968 5319 sine
997 5266 1112 5321 fine
1151 5282 1300 5334 esse,
1337 5266 1476 5338 quia
1524 5266 1655 5339 post
1701 5268 1903 5324 omnia

238 5345 369 5415 erit,
396 5364 535 5405 cum
557 5350 737 5406 dicit:
764 5375 791 5401 ‹‹
818 5350 935 5423 Ipsi
964 5375 990 5400 ››
1013 5352 1140 5408 cceli
1165 5377 1192 5404 «
1218 5353 1527 5426 peribunt:
1558 5378 1584 5403 ››
1606 5373 1719 5410 non
1744 5358 1898 5428 quod

237 5436 579 5493 substantia
610 5445 825 5509 pereat,
860 5442 963 5496 sed
996 5441 1309 5513 qualitates
1343 5443 1746 5498 mutabuntur.
1772 5444 1900 5499 Haec

236 5524 482 5596 quidem
506 5525 937 5600 inferiora,quee
951 5547 1019 5585 ex
1041 5535 1240 5586 nostra
1262 5532 1623 5587 habitatione
1646 5550 1901 5588 corrum-

234 5616 810 5688 puntur,perignem
837 5619 1275 5690 purgabuntur:
1297 5619 1492 5691 ipsum
1512 5619 1684 5675 etiam
1713 5622 1901 5678 firma-

2012 4641 2219 4714 incipit
2251 4658 2265 4696 :
2299 4664 2325 4692 ‹‹
2361 4642 2541 4697 Notas
2571 4640 2708 4696 fecit
2736 4639 2861 4694 vias
2900 4656 3060 4707 suas,
3098 4661 3125 4688 »
3158 4638 3414 4695 ostendit
3459 4636 3665 4693 laudes

2014 4730 2115 4785 Dei
2146 4729 2206 4784 in
2237 4729 2538 4784 beneficiis
2569 4726 2865 4799 prioribus
2894 4727 3123 4784 collatis
3152 4726 3523 4799 patribus.ln
3544 4729 3661 4781 ter-

2013 4818 2116 4884 tia,
2148 4836 2275 4889 qua:
2308 4817 2515 4889 incipit
2542 4834 2554 4870 :
2594 4838 2622 4866 «
2656 4815 2986 4872 Benedicite
3018 4816 3286 4885 Domino,
3320 4832 3523 4870 omnes
3555 4833 3662 4869 an-

2011 4907 2123 4979 geli
2155 4907 2303 4977 ejus,
2338 4928 2366 4955 ››
2399 4907 2654 4961 ostendit
2685 4907 2868 4960 Deum
2902 4905 3127 4960 laudari
3161 4906 3232 4959 ab
3265 4903 3487 4975 angelis
3505 4906 3564 4956 et
3587 4902 3661 4956 ab

2012 4996 2287 5052 omnibus
2317 4994 2623 5049 creaturis.
2658 4994 2765 5048 Per
2792 4994 2914 5050 haec
2946 4994 3145 5050 omnia
3170 4992 3421 5049 intendit
3452 5006 3557 5045 nos
3579 4989 3663 5044 in-

2010 5085 2189 5140 vitare
2220 5083 2293 5137 ad
2326 5082 2557 5138 laudem
2591 5083 2706 5137 Dei.

2079 5174 2158 5227 Ac
2189 5172 2239 5226 si
2270 5172 2487 5227 diceret
2509 5189 2522 5226 :
2547 5172 2591 5226 Ο
2616 5195 2643 5221 ‹‹
2677 5174 2875 5226 anima
2906 5188 3035 5226 mea
3061 5195 3086 5218 ››
3110 5187 3235 5241 qua:
3268 5167 3469 5222 multis
3498 5167 3661 5222 curis

2011 5260 2295 5334 implicita
2324 5278 2407 5327 es,
2439 5264 2497 5316 et
2526 5259 2658 5315 aliis
2690 5259 3125 5331 impedimentis
3155 5256 3371 5322 szeculi,
3397 5253 3660 5310 dimissis

2010 5350 2286 5404 omnibus
2316 5347 2500 5413 istis,«
2525 5346 2768 5401 benedic
2800 5344 3107 5410 Domino,»
3139 5344 3198 5398 id
3229 5346 3320 5399 est
3349 5341 3526 5397 lauda
3558 5343 3661 5398 Do-

2011 5439 2260 5504 minum,
2294 5439 2351 5490 et
2380 5434 2675 5505 ampliﬁca
2707 5433 2910 5489 laudes
2940 5434 3094 5505 ejus,
3119 5437 3176 5488 et
3191 5432 3516 5489 secundum
3539 5448 3661 5487 om-

2010 5545 2112 5583 nes
2156 5527 2343 5591 vires;
2376 5526 2433 5577 et
2461 5522 2570 5576 hoe
2617 5520 2776 5587 dicit,
2812 5545 2837 5571 ‹‹
2873 5526 2931 5577 et
2958 5521 3157 5577 omnia
3203 5538 3330 5592 qua:
3379 5520 3533 5577 intra
3561 5536 3658 5579 me

2009 5620 2149 5675 sunt
2174 5638 2200 5664 ››
2232 5610 2577 5668 benedicant
2608 5635 2635 5659 ‹‹
2670 5610 2893 5668 nomini
2928 5614 3132 5667 sancto
3163 5611 3311 5683 ejus.
3350 5634 3375 5659 ››
