4080 6180
232 283 244 292 ’
325 297 444 360 539

745 299 1150 364 HAYMONIS
1181 296 1710 360 HALBEllSTAT.
1746 269 1986 356 EPlSC.
2022 291 2194 355 OPP.
2224 293 2451 356 PARS.
2486 293 2534 355 Ι.
2567 327 2646 338 -
2675 283 3078 358 COMMENT.
3111 292 3308 356 BIBL.

3599 292 3714 354 540

395 433 468 490 Et
495 431 604 488 hoc
635 433 774 506 quia
814 433 968 488 videt
997 429 1248 486 maxime
1297 429 1650 496 faciendum,
1681 431 1738 483 et
1769 427 1828 482 in
1859 426 1970 482 hoc
1996 426 2045 493 Α
2149 427 2218 482 Et
2245 426 2370 499 ipse
2402 456 2422 482 (ι
2459 425 2744 484 Dominus
2766 454 2793 486 υ
2825 431 2916 484 est
2947 453 2974 482 et
3001 427 3330 496 miseratur,
3363 457 3386 480 ι»
3421 427 3478 483 id
3507 431 3598 484 est
3625 443 3714 483 ex-

324 523 831 596 perseverandum,
867 517 1188 591 ingeminat
1217 519 1417 573 dicens
1450 535 1463 572 :
1503 539 1530 568 «
1561 516 1968 585 Benedic,ani-

324 629 422 667 ma
452 628 600 677 mea,
624 609 867 664 Domino
889 625 902 674 ;
926 629 953 656 »
977 611 1034 661 et
1055 607 1333 678 supponit
1354 607 1792 673 causas,dicens
1817 623 1830 660 :
1858 607 1970 661 «Et

322 699 441 755 noli
472 697 732 754 oblivisci
763 713 965 751 omnes
998 696 1411 752 retributiones
1441 697 1635 767 ejus,»
1661 697 1720 752 id
1749 700 1840 752 est
1871 697 1966 752 be-

322 786 529 842 neficia
553 803 679 856 quat
710 785 835 857 ipse
868 783 1056 840 reddit
1088 789 1291 840 contra
1320 783 1628 842 malefacta
1655 803 1780 858 quae
1821 785 1967 841 iaci-

317 893 452 931 mus
480 875 553 930 ei.

387 963 740 1034 Exsequitur
762 963 1174 1020 retributiones
1196 964 1348 1035 illas,
1365 982 1497 1020 cum
1522 965 1702 1020 dicitu
1719 966 1815 1036 qui
1842 983 1966 1038 pro-

313 1053 560 1127 pitia'tur
590 1054 866 1109 omnibus
897 1052 1310 1124 iniquitatibus
1343 1054 1479 1120 tuis,
1513 1076 1540 1104 ››
1570 1053 1789 1109 scilicet
1827 1072 1962 1109 con-

311 1145 493 1200 donat
523 1143 627 1198 tibi
651 1147 918 1215 peccata;
945 1147 1002 1198 et
1022 1142 1136 1196 alia
1159 1142 1624 1210 retributio,cum
1649 1142 1790 1198 dicit
1814 1166 1840 1191 α
1864 1143 1962 1214 qui

313 1235 487 1289 sanat
516 1249 720 1287 omnes
753 1231 1124 1286 inﬁrmitates
1157 1234 1344 1296 tuas,»
1380 1230 1486 1285 hoc
1517 1234 1626 1296 est,
1661 1231 1742 1286 ita
1780 1231 1961 1286 stabi-

309 1321 426 1377 lem
459 1324 514 1375 te
535 1321 692 1386 facit,
719 1321 924 1391 utjam
949 1318 1373 1374 tentationibus
1395 1319 1746 1386 diaboli,nec
1767 1319 1962 1391 aliquo

309 1409 468 1484 gravi
503 1413 739 1482 peccato
770 1407 1058 1480 permittit
1088 1412 1142 1462 te
1177 1406 1467 1478 impediri.
1488 1407 1610 1474 Vel,
1639 1431 1665 1457 «
1689 1412 1860 1463 sanat
1883 1409 1964 1462 in-

309 1499 620 1554 ﬁrmitates
651 1501 804 1565 tuas,
840 1518 866 1546 η
901 1496 1040 1568 quia
1071 1496 1306 1552 tandem
1338 1495 1612 1552 liberabit
1641 1499 1695 1553 te
1719 1515 1963 1553 acorru-

309 1587 644 1662 ptibilitate.

378 1675 550 1732 Aliud
582 1675 723 1732 item
757 1675 1101 1731 beneficium
1129 1674 1284 1745 quod
1317 1675 1460 1730 dicit
1495 1695 1517 1723 κ
1542 1676 1641 1747 qui
1675 1677 1958 1732 redimit»

309 1783 414 1839 per
443 1765 693 1838 pretium
746 1763 1053 1836 sanguinis
1083 1763 1173 1820 sui
1210 1786 1237 1814 ‹‹
1268 1763 1446 1818 vitam
1478 1767 1665 1830 tuam,
1699 1786 1726 1814 ››
1761 1765 1819 1820 id
1849 1769 1958 1834 est,
1993 1799 2041 1865 Β

308 1856 499 1930 ipsam
549 1855 807 1910 animam
841 1876 868 1902 «
901 1854 972 1908 de
1009 1852 1270 1918 interitu,
1303 1874 1332 1902 ν»
1366 1851 1424 1906 id
1473 1857 1564 1908 est
1607 1871 1677 1909 ne
1725 1856 1961 1910 tandem

307 1943 658 2002 aeternaliter
687 1945 920 2014 pereat:
957 1964 985 1990 «
1021 1941 1121 2012 qui
1159 1963 1184 1989 »
1217 1941 1394 1996 etiam
1429 1963 1456 1991 «
1489 1946 1728 1998 coronat
1754 1947 1810 1999 te
1843 1967 1870 1993 ››
1902 1944 1961 1998 in

307 2031 578 2108 praesenti
612 2053 640 2083 ‹‹
673 2031 730 2086 in
764 2029 1164 2086 misericordia
1194 2034 1252 2084 et
1303 2018 1802 2099 miserationibus,
1837 2053 1866 2082 »
1901 2031 1960 2087 id

307 2127 398 2180 est
419 2119 624 2177 multis
643 2119 943 2176 beneﬁciis
971 2135 1073 2190 per
1094 2116 1554 2172 misericordiam
1577 2117 1964 2176 collatis.Pos-

307 2213 448 2269 sunt
475 2210 601 2266 haec
621 2209 733 2265 dici
769 2209 836 2264 de
869 2209 1070 2263 futura
1097 2203 1326 2272 vita,sic
1349 2221 1362 2261 :
1386 2205 1496 2271 Qui
1529 2206 1849 2276 redimit,id
1872 2212 1962 2264 est

307 2300 410 2374 qui
431 2299 642 2355 liberat
669 2299 740 2354 de
771 2295 1009 2353 interitu
1051 2295 1232 2350 vitam
1263 2297 1450 2360 tuam,
1483 2312 1554 2350 ne
1585 2296 1791 2352 audias
1821 2315 1960 2353 sen—

305 2389 553 2446 tentiam
583 2403 716 2443 cum
741 2384 912 2441 malis
936 2401 948 2438 :
974 2407 1001 2433 ‹‹
1029 2383 1128 2450 Ite,
1157 2380 1472 2449 maledicti,
1496 2382 1555 2437 in
1577 2383 1770 2456 ignem
1795 2389 1956 2440 azter-

307 2493 450 2533 num
483 2475 686 2549 (Matth.
718 2472 870 2544 xxv.)
905 2495 933 2521 »
965 2471 1071 2537 Qui
1103 2473 1342 2527 coronat
1365 2473 1440 2538 te,
1466 2471 1606 2542 quia
1627 2471 1705 2527 ibi
1729 2473 1960 2529 ornabit

307 2571 364 2623 te
394 2563 797 2622 misericordia
826 2564 881 2618 et
903 2555 1402 2626 miserationibus,
1426 2558 1483 2612 id
1505 2564 1593 2615 est
1613 2577 1716 2634 per
1737 2561 1960 2618 miseri-

307 2655 568 2712 cordiam
596 2648 895 2710 beneﬁciis
926 2645 1100 2704 datis.

255 2725 267 2732 ’
380 2744 526 2800 Item
558 2741 673 2798 alia
702 2737 1030 2804 retributio,
1063 2751 1198 2791 cum
1248 2735 1392 2792 dicit
1419 2759 1446 2786 «
1475 2736 1577 2810 qui
1628 2739 1812 2811 replet
1839 2761 1867 2790 ››
1894 2740 1954 2796 in

305 2836 416 2891 hac
444 2831 564 2888 vita
591 2853 618 2881 «
645 2826 1002 2886 desiderium
1027 2829 1197 2880 tuum
1225 2825 1284 2880 in
1316 2825 1507 2896 nobis,
1533 2849 1560 2876 υ
1593 2827 1733 2900 quia
1761 2828 1956 2884 multi.

305 2921 482 2996 plicat
496 2917 764 2992 justitias
792 2921 926 2972 tuas
955 2931 1058 2986 pro
1086 2916 1218 2970 voto
1249 2917 1372 2986 tuo,
1393 2915 1478 2970 vel
1501 2916 1573 2972 de
1601 2915 1718 2972 alia
1739 2916 1853 2973 vita
1873 2917 1956 2972 di-

306 3007 600 3077 catur,ubi
633 3003 986 3062 desiderium
1010 3001 1162 3074 justi
1193 3001 1255 3057 in
1285 3002 1446 3059 nullo
1477 3003 1714 3076 falliiur,
1739 3029 1768 3056 «
1793 3023 1956 3062 reno-

303 3099 539 3155 vabitur
553 3119 580 3144 n
593 3094 769 3150 etiam
791 3093 851 3147 in
873 3093 980 3147 hac
1002 3091 1138 3158 vita,
1155 3113 1184 3143 ‹‹
1199 3095 1264 3147 ut
1283 3091 1478 3164 aquila
1489 3093 1770 3164 juventus
1789 3099 1947 3151 tua.»

2079 513 2288 570 hibens
2319 514 2538 572 multos
2568 516 2808 572 ell‘ectus
2833 515 3266 584 misericordia},
3299 515 3358 572 id
3391 520 3498 584 est,
3531 515 3719 572 multa

2079 603 2360 660 beneficia
2409 621 2536 676 quae
2589 604 2813 660 confert
2854 603 3022 661 nobis
3071 603 3197 660 sine
3244 603 3451 660 merito
3499 607 3716 672 nostro,

2086 711 2108 742 ι
2133 695 2190 747 et
2215 720 2238 744 υ
2272 691 2424 748 idem
2459 692 2744 750 Dominus
2771 697 2860 748 est
2908 713 2933 738 α
2966 693 3298 751 misericors
3327 713 3352 739 υ
3397 693 3462 765 ⁵ἱῐι
3513 697 3721 748 natura

2077 798 2214 849 sua;
2251 811 2273 834 α
2322 780 2698 853 longaminis,
2748 803 2770 827 υ
2821 781 2960 854 quia
3001 785 3297 854 exspectat
3345 798 3451 837 nos
3495 781 3596 837 diu
3646 782 3716 836 ad

2007 883 2017 892 '
2077 869 2518 942 paenitentiam;
2554 897 2581 926 ι(
2611 874 2667 924 et
2692 901 2716 926 »
2749 870 2903 926 idem
2935 870 3061 942 ipse
3107 875 3197 926 est
3225 871 3378 926 Deus
3409 892 3432 916 u
3467 870 3715 925 multum

2077 958 2431 1026 misericors,
2487 983 2510 1008 ι)
2567 957 2704 1030 quia
2762 959 3102 1030 quotidiana
3152 962 3210 1014 et
3269 959 3718 1015 innumerabilia

2075 1050 2314 1121 peccata
2341 1047 2634 1102 condonet
2661 1047 2850 1102 nobis.

2145 1137 2216 1191 Et
2244 1153 2378 1192 cum
2411 1135 2693 1190 Dominus
2711 1135 2830 1190 hinc
2863 1135 3139 1191 beneficia
3155 1135 3330 1192 faciat
3361 1135 3549 1202 nobis,
3567 1154 3716 1193 anne

2078 1245 2106 1272 «
2137 1223 2194 1278 in
2225 1227 2569 1296 perpetuum
2603 1224 2886 1278 irascetur
2906 1223 3110 1279 nobis?
3129 1225 3249 1280 Non
3269 1241 3324 1282 τι
3351 1225 3489 1297 quia
3509 1224 3712 1281 licetin

2075 1311 2345 1383 praesenti
2375 1312 2638 1368 videatur
2667 1312 2872 1379 iratus,
2899 1313 3039 1367 dum
3073 1313 3360 1385 permittit
3386 1331 3492 1370 nos
3523 1313 3714 1370 tribu-

2071 1401 2202 1465 lari,
2237 1405 2432 1456 tamen
2467 1400 2553 1456 ira
2581 1400 2682 1456 illa
2711 1417 2825 1456 non
2858 1400 2969 1456 erit
2999 1404 3299 1473 perpetua,
3334 1403 3434 1458 sed
3477 1403 3712 1458 tandem

2071 1489 2278 1561 eripiet
2307 1507 2414 1545 nos
2443 1491 2516 1544 ab
2547 1489 2707 1544 omni
2737 1506 2943 1561 pcena:
2976 1493 3036 1544 et
3066 1506 3180 1544 non
3211 1492 3440 1545 tantum
3473 1491 3713 1548 nonira-

2073 1583 2285 1645 scctur,
2319 1579 2442 1646 sed,
2475 1577 2629 1650 quod
2663 1577 2862 1632 minus
2892 1581 3000 1643 est,
3030 1600 3057 1630 α
3087 1594 3274 1650 neque
3325 1577 3384 1632 in
3433 1582 3712 1654 aeternum

2071 1665 2547 1723 comminabitur.
2583 1689 2604 1717 ι
2641 1667 2750 1732 Qui
2799 1665 2956 1722 enim
2997 1666 3169 1722 modo
3221 1666 3480 1722 minatur
3525 1667 3716 1736 nobis,

2071 1754 2272 1810 dicens
2305 1769 2318 1807 :
2353 1753 2478 1808 Nisi
2528 1752 2786 1808 conversi
2838 1752 3090 1821 fueritis,
3125 1757 3310 1810 morte
3358 1755 3712 1824 moriemini,

2075 1843 2426 1916 quandoque
2457 1840 2709 1897 blandus
2739 1843 2796 1895 et
2825 1840 2988 1897 mitis
3015 1841 3319 1914 apparebit
3348 1842 3538 1899 nobis.

2146 1933 2297 1987 Bene
2327 1930 2456 1986 dico
2488 1929 2642 2002 quod
2674 1929 2960 1985 Dominus
2991 1929 3348 2002 longanimis
3378 1931 3457 1986 sit
3501 1934 3560 1987 et
3605 1931 3714 1986 mi-

2071 2021 2338 2089 sericors,
2373 2021 2514 2092 quia
2545 2044 2569 2069 ιι
2603 2035 2717 2075 non
2749 2018 2886 2074 fecit
2914 2017 3082 2098 nobis
3121 2019 3446 2075 secundum
3478 2025 3718 2092 peccata

2071 2112 2290 2177 nostra,
2323 2135 2350 2165 ι)
2383 2107 2606 2164 scilicet
2635 2107 2961 2180 originalia,
2990 2112 3056 2162 ut
3084 2124 3190 2162 nos
3222 2109 3548 2177 damnaret,
3563 2110 3718 2165 sicut

2070 2201 2308 2270 peccata
2338 2197 2668 2271 exigerent;
2707 2214 2730 2238 (ι
2763 2211 2952 2268 neque
2975 2221 3000 2246 ιι
3035 2195 3210 2252 etiam
3243 2224 3270 2255 α
3301 2196 3568 2253 retribuit
3606 2215 3708 2254 no-

2067 2285 2160 2340 bis
2191 2287 2518 2342 secundum
2558 2283 2901 2357 iniquitates
2933 2288 3164 2341 nostras
3195 2303 3218 2327 ιι
3271 2285 3551 2355 actualcs,
3583 2303 3714 2358 qua:

2067 2375 2362 2447 exigerent
2386 2379 2451 2430 ut
2483 2391 2588 2429 nos
2620 2390 2852 2448 semper
2879 2371 2940 2430 in
2973 2375 3226 2446 majores
3275 2373 3546 2431 vitiorum
3590 2392 3726 2448 pro-

2067 2463 2420 2520 funditatem
2451 2464 2746 2536 dcjiceret.
3611 2532 3614 2535 _

2137 2553 2290 2608 Bene
2319 2550 2447 2608 dico
2497 2576 2520 2601 «ι
2571 2569 2688 2608 non
2740 2551 3010 2607 retribuit
3058 2553 3385 2608 secundum
3431 2553 3715 2624 iniquita-

2064 2643 2173 2708 tes,
2211 2672 2234 2696 ιι
2270 2669 2294 2694 ι(
2326 2641 2606 2714 quoniam
2635 2641 2831 2714 potius
2861 2641 3222 2697 contrarium
3253 2641 3426 2710 fecit;
3462 2673 3486 2696 α
3518 2658 3715 2698 corro-

2064 2729 2308 2800 boravit,
2329 2758 2342 2781 ι
2373 2729 2430 2784 id
2450 2733 2540 2786 est
2559 2729 3006 2786 immutabiliter
3026 2729 3187 2786 dedit
3208 2755 3231 2780 α
3245 2731 3710 2793 misericordiam

2065 2835 2256 2888 suam,
2278 2837 2302 2862 »
2320 2818 2724 2874 remissionem
2738 2821 3202 2891 peccatorum,et
3221 2817 3712 2892 aliaquacunque

2063 2907 2364 2976 beneﬁcia,
2399 2932 2423 2957 (ι
2457 2923 2634 2980 super
2661 2906 2936 2964 timentes
2967 2923 3092 2976 se,»
3125 2907 3184 2963 id
3215 2911 3304 2964 est
3333 2909 3404 2964 de
3434 2909 3712 2982 supernis

2061 2995 2219 3052 venit
2237 2995 2340 3052 illa
2360 2995 2780 3053 misericordia.
2794 2995 2896 3052 Vel
2919 3012 3055 3052 cum
3081 2996 3222 3053 dicit
3253 3015 3278 3039 α
3299 3014 3495 3070 super,
3512 3018 3542 3049 ι
3573 3015 3712 3071 pos—

2064 3102 2273 3141 sumus
2304 3084 2625 3158 intelligere
2636 3086 2790 3157 quod
2811 3085 3060 3158 amplior
3089 3085 3168 3142 sit
3188 3085 3288 3142 illa
3310 3086 3716 3144 misericordia

305 3187 528 3243 Natura
557 3181 766 3254 aquila:
797 3184 886 3236 est
916 3183 980 3234 ut
1009 3180 1068 3234 in
1101 3180 1262 3236 senio
1293 3185 1522 3237 tantum
1561 3183 1612 3236 ci
1659 3189 1956 3240 excrescat
1983 3167 2026 3233 C
2065 3191 2240 3246 quam
2275 3173 2532 3247 dignitas
2548 3173 3066 3246 accipientium.Et
3085 3173 3236 3230 hanc
3257 3174 3718 3232 scilicetmiseri-

305 3277 562 3330 rostrum
593 3274 651 3324 et
679 3285 907 3342 ungues
928 3269 1082 3341 quod
1105 3287 1220 3326 non
1244 3270 1431 3342 possit
1452 3287 1513 3326 se
1533 3271 1662 3327 cibo
1686 3273 1954 3342 reficere;

306 3359 574 3418 ascendit
603 3363 799 3414 autem
830 3361 887 3413 et
917 3360 1056 3414 tunc
1086 3359 1366 3414 adversus
1391 3358 1793 3430 solem,donec
1817 3379 1954 3433 pcn-

305 3467 392 3506 nae
427 3467 544 3506 suae
566 3447 757 3504 calore
779 3451 1058 3503 exurantu
1069 3467 1113 3516 r,
1132 3452 1188 3503 et
1210 3448 1416 3504 deinde
1437 3448 1668 3504 decidat
1687 3449 1744 3504 in
1767 3449 1956 3506 vivam

305 3555 542 3611 aquam,
576 3538 732 3593 unde
762 3537 979 3604 exiens,
1013 3536 1170 3592 acuit
1219 3537 1292 3593 ad
1341 3541 1564 3609 petram
1612 3541 1868 3594 rostrum
1899 3543 1958 3594 et

305 3645 553 3701 ungues,
582 3630 640 3682 ct
687 3629 889 3698 postea
939 3625 1137 3682 cibum
1187 3625 1444 3698 capiens,
1489 3627 1840 3697 juvenescit.
1873 3627 1958 3684 Ita

304 3733 412 3772 nos
431 3713 698 3787 occupati
722 3713 926 3770 multis
946 3714 1223 3786 peccatis,
1239 3731 1372 3770 cum
1396 3719 1666 3771 tenemur
1686 3715 1746 3770 in
1759 3719 1954 3772 vetus-

300 3807 419 3861 tate
438 3805 596 3862 Adae.
619 3802 953 3860 accedimus
983 3804 1055 3860 ad
1083 3803 1400 3872 Christum,
1417 3805 1519 3875 qui
1541 3809 1632 3861 est
1651 3822 1824 3862 verus
1846 3803 1956 3873 sol,

303 3894 473 3965 cujus
501 3891 692 3950 calore
713 3896 770 3946 et
796 3891 1089 3948 infusione
1109 3891 1309 3964 gratiae
1333 3897 1572 3964 peccata
1591 3897 1792 3948 nostra
1811 3909 1954 3948 exu-

303 3983 548 4047 runtur;
579 3983 637 4034 et
669 3979 804 4034 inde
835 3979 1006 4050 aquis
1047 3977 1325 4051 baptismi
1373 3977 1658 4048 lavamur,
1689 3979 1826 4034 inde
1857 3995 1956 4034 ro-

303 4071 490 4123 strum
525 4067 854 4133 incurvum,
883 4066 942 4121 id
971 4070 1062 4122 est
1094 4067 1308 4122 malam
1340 4067 1827 4122 consuetudinem
1860 4085 1956 4123 no-

303 4159 485 4211 stram
501 4153 788 4209 illidimus
805 4157 862 4208 et
877 4154 1303 4226 confringimus
1321 4155 1581 4226 pctraa,id
1600 4159 1690 4211 est
1701 4155 1952 4221 Christo,

302 4241 394 4298 cui
429 4260 534 4297 nos
565 4241 1018 4309 conformautes,
1041 4245 1392 4297 vetustatem
1425 4241 1771 4314 deponimus
1791 4244 1956 4314 etju-

302 4330 670 4386 veneseimus
702 4347 716 4385 :
749 4329 836 4386 vel
871 4347 1189 4402 possumus
1225 4329 1416 4386 dicere
1446 4331 1518 4386 de
1551 4330 1650 4386 tali
1680 4331 1818 4397 vita,
1854 4331 1953 4386 ubi

295 4419 574 4490 juventus
597 4422 798 4476 nostra
826 4419 1218 4488 renovabitur,
1233 4420 1469 4492 quando
1483 4419 1953 4492 impassibilitate

302 4512 360 4563 et
388 4507 830 4564 immortalitate
859 4507 1194 4564 induemur.

374 4597 526 4652 Bene
556 4597 704 4664 dico,
735 4597 918 4670 replet
945 4597 1322 4664 desiderium,
1357 4597 1497 4670 quia
1523 4597 1650 4670 ipse
1680 4599 1770 4653 est
1791 4620 1817 4647 ‹‹
1841 4597 1953 4654 Do-

303 4685 502 4740 minus
563 4685 782 4741 fariens
841 4685 1450 4754 misericordias;etn
1494 4687 1672 4742 etiam
1733 4686 1952 4742 faciens

304 4771 673 4845 «judicium,
708 4798 734 4822 ››
768 4775 822 4829 id
855 4779 944 4830 est
971 4775 1290 4830 vindictam
1316 4775 1640 4831 «omnibus
1675 4775 1949 4845 injuriam

303 4862 684 4935 patientibus.
719 4885 748 4911 »
785 4863 944 4918 Unde
975 4863 1325 4934 Apostolus:
1360 4888 1386 4912 ‹‹
1423 4863 1561 4918 Mihi
1608 4863 1948 4930 vindictam,

301 4955 359 5007 et
386 4967 494 5021 ego
545 4949 890 5021 retribuam,
923 4951 1065 5006 dicit
1095 4951 1378 5007 Dominus
1407 4953 1582 5019 (Rom.
1617 4968 1725 5018 xu;
1757 4951 1948 5006 Emit.

303 5056 394 5106 Ix;
431 5039 584 5093 Deut.
617 5039 815 5110 χχχιι.)
853 5061 878 5088 ››

375 5150 399 5174 α
439 5125 640 5180 Notas.
677 5149 705 5174 ››
739 5126 877 5181 Pars
907 5128 1181 5182 secunda.
1211 5125 1348 5182 Dico
1383 5125 1561 5198 replet
1597 5126 1950 5182 desiderium

302 5215 496 5280 tuum,
531 5219 588 5268 et
627 5214 752 5286 ipse
809 5215 1094 5270 Dominus
1125 5239 1150 5264 α
1185 5215 1322 5271 fecit
1375 5215 1556 5287 Moysi
1611 5218 1778 5270 notas
1830 5215 1953 5270 vias

304 5317 464 5368 suas,
507 5323 532 5349 ››
560 5301 616 5356 id
648 5305 755 5368 est,
785 5307 1073 5376 praecepta
1103 5320 1229 5371 sua,
1263 5306 1322 5358 et
1349 5320 1452 5374 per
1479 5302 1676 5374 ipsum
1715 5303 1952 5375 Moysen

305 5392 475 5443 notas
507 5389 644 5443 fecit
668 5412 695 5437 ‹‹
730 5389 868 5445 filiis
911 5391 1107 5459 Israel,
1145 5415 1171 5439 ››
1202 5391 1258 5446 id
1292 5395 1381 5446 est
1428 5389 1640 5462 populo
1685 5390 1954 5463 Juilaico,

308 5495 334 5522 ‹‹
371 5474 698 5532 voluntates
725 5495 883 5547 suas,
923 5501 948 5526 »ι
975 5479 1033 5534 id
1065 5483 1153 5534 est
1183 5479 1322 5550 quid
1354 5480 1508 5535 Deus
1550 5477 1723 5534 vellet
1769 5479 1956 5534 facere

305 5562 588 5634 populum
621 5564 810 5620 illum.

2065 3262 2324 3318 cordiam
2357 3261 2517 3318 dedit
2537 3287 2560 3310 «
2593 3263 2920 3318 secundum
2953 3261 3326 3319 altitudinem
3359 3263 3486 3320 cmli
3517 3281 3553 3320 a
3593 3268 3718 3320 ter-

2065 3368 2152 3417 ra,
2183 3368 2210 3398 »
2243 3351 2383 3423 quia
2411 3350 2566 3407 sicut
2597 3350 2810 3407 coelum
2839 3350 3018 3408 altius
3047 3355 3106 3407 et
3135 3351 3372 3424 dignius
3403 3357 3495 3408 est
3536 3371 3718 3426 quam

2065 3444 2240 3511 terra,
2273 3444 2331 3495 et
2359 3439 2612 3512 irrigans
2646 3439 2782 3495 facit
2811 3457 2940 3496 eam
2971 3441 3353 3511 fructiferam,
3382 3442 3465 3498 ita
3493 3442 3716 3498 miseri-

2065 3529 2262 3584 cordia
2291 3528 2389 3584 Dei
2426 3527 2658 3600 dignior
2688 3545 2867 3600 quam
2899 3529 3020 3584 sint
3050 3529 3135 3584 illi
3179 3530 3280 3602 qui
3314 3530 3626 3603 recipiunt,
3661 3535 3718 3587 et

2065 3617 2273 3691 pluens
2305 3615 2594 3688 spirituali
2620 3633 2766 3685 rore,
2781 3618 2956 3674 corda
2969 3635 3173 3675 eorum
3191 3619 3541 3675 fructiﬁcare
3553 3620 3712 3676 facit.

2137 3706 2288 3761 Bene
2336 3705 2466 3760 dico
2515 3705 2671 3777 quod
2704 3705 2860 3762 Deus
2891 3727 2914 3752 «
2947 3707 3340 3764 corroboravit
3379 3708 3712 3765 misericor-

2065 3792 2244 3861 diam,
2277 3809 2304 3840 ο
2337 3792 2560 3850 scilicet
2588 3793 2729 3866 quia
2757 3816 2782 3840 α
2815 3794 2986 3868 longe
3009 3797 3147 3852 fecit
3177 3815 3211 3853 a
3241 3796 3411 3854 nobis
3430 3797 3711 3870 iniquita-

2062 3887 2151 3937 tes
2177 3885 2426 3950 nostras,
2456 3897 2481 3928 ν
2509 3881 2568 3936 in
2603 3886 2830 3938 tantum
2869 3909 2892 3934 (ι
2923 3889 3210 3956 quantum
3241 3889 3406 3942 ortus
3436 3886 3618 3944 distat
3637 3887 3712 3942 ab

2063 3970 2382 4028 occidente.
2419 3995 2442 4019 »
2475 3973 2627 4027 Bene
2659 3972 2897 4044 quidem
2931 3991 3037 4028 nos
3067 3979 3371 4048 comparat
3399 3974 3710 4047 occidenti,

2067 4061 2209 4133 quia
2239 4061 2382 4117 dum
2413 4060 2472 4116 in
2505 4061 2761 4133 peccatis
2793 4061 3036 4130 fuimus,
3069 4064 3239 4134 quasi
3282 4063 3554 4120 occidens
3585 4081 3712 4121 era-

2064 4166 2198 4206 mus
2231 4167 2243 4204 :
2279 4149 2417 4222 quia
2446 4149 2778 4224 cognitione
2809 4154 2868 4206 et
2897 4150 3206 4224 splendore
3233 4152 3351 4208 veri
3403 4151 3580 4221 Solis,
3611 4154 3708 4224 qui

2063 4243 2153 4295 est
2181 4240 2356 4310 Deus,
2389 4256 2504 4294 non
2532 4237 2978 4308 illuminamur;
3007 4240 3244 4297 remotis
3275 4258 3408 4298 vero
3437 4240 3714 4314 iniquita-

2063 4327 2248 4396 tibus,
2281 4328 2448 4400 quasi
2481 4329 2678 4384 oriens
2727 4329 2865 4384 facti
2897 4345 3130 4398 sumus,
3162 4329 3302 4402 quia
3337 4331 3464 4401 jam
3513 4330 3712 4403 splen-

2062 4417 2202 4472 dore
2232 4415 2385 4472 Solis
2408 4415 2658 4487 justitize
2682 4416 3059 4474 irradiamur.

2134 4503 2272 4560 Dico
2309 4529 2331 4554 ιι
2364 4504 2539 4578 longe
2569 4503 2914 4577 iniquitates
2945 4507 3102 4574 fecit,
3123 4526 3146 4551 η
3185 4510 3243 4562 et
3289 4506 3466 4562 etiam
3510 4512 3716 4580 postea

2064 4611 2200 4650 cum
2231 4592 2608 4666 deliquimus,
2645 4613 2668 4638 ι(
2701 4594 2980 4650 misertus
3010 4599 3100 4650 est
3127 4595 3413 4651 Dominus
3449 4596 3716 4652 timenti-

2059 4682 2217 4736 tibus
2247 4698 2328 4749 se,
2361 4681 2654 4754 quomodo
2684 4681 2994 4738 miseretur
3024 4686 3188 4754 pater
3219 4682 3498 4738 ﬁliorum.
3519 4683 3715 4738 »Sicut

2059 4771 2217 4826 enim
2256 4775 2421 4842 pater
2451 4769 2765 4842 aliquando
2799 4771 3010 4826 blande
3041 4771 3379 4827 consolatur
3408 4771 3582 4839 filios,
3614 4771 3715 4828 ali-

2060 4861 2296 4932 quando
2330 4857 2422 4930 pie
2447 4861 2580 4913 voto
2614 4860 3032 4915 recordationis
3065 4861 3332 4933 castigat,
3353 4861 3434 4916 ita
3463 4861 3620 4917 Deus
3649 4879 3713 4918 se

2059 4948 2333 5004 timentes
2387 4945 2516 5002 ideo
2569 4947 2808 5018 quidem
2854 4947 3165 5004 miseretur
3211 4947 3546 5020 «quoniam
3580 4947 3708 5020 ipse

2061 5033 2331 5108 cognovit
2360 5035 2704 5106 figmentum
2737 5039 3026 5104 nostrum,
3059 5051 3086 5082 η
3137 5035 3195 5090 id
3243 5040 3354 5102 est,
3392 5036 3463 5091 de
3513 5036 3708 5110 fragili

2063 5121 2308 5178 materia
2339 5140 2444 5178 nos
2473 5123 2742 5196 cognovit
2767 5141 2916 5192 esse,
2951 5123 3090 5196 quia
3119 5141 3225 5180 nec
3257 5142 3358 5197 per
3383 5141 3490 5180 nos
3521 5129 3712 5182 tenta-

2058 5211 2322 5266 tionibus
2351 5228 2669 5283 possumus
2701 5211 2992 5268 resistere.

2134 5301 2286 5355 Bene
2317 5299 2445 5355 dico
2477 5300 2743 5373 cognovit
2767 5317 2876 5356 nos
2904 5301 3282 5374 figmentum,
3313 5301 3453 5374 quia
3482 5303 3716 5358 confor-

2063 5389 2242 5445 tando
2273 5405 2399 5458 nos,
2419 5411 2441 5434 «
2471 5389 2809 5445 recordatus
2841 5393 2930 5445 est
2953 5416 2976 5440 ιι
3011 5389 3114 5462 qui
3143 5390 3450 5446 videbatur
3467 5389 3720 5458 oblitus,

2065 5478 2208 5532 dum
2243 5494 2350 5532 nos
2381 5475 2648 5548 permisit
2677 5476 2735 5531 in
2767 5477 3022 5548 peccatis
3069 5479 3340 5549 detineri,
3377 5498 3399 5522 α
3432 5478 3721 5550 quoniam

2069 5567 2393 5624 secundum
2427 5583 2532 5620 nos
2565 5579 2592 5610 α
2623 5565 2812 5636 pulvis
2843 5583 3072 5635 sumus,
3108 5587 3130 5610 υ
3165 5567 3390 5624 scilicet
3419 5582 3526 5623 nos
3548 5565 3723 5622 colli-
3801 5627 3816 5634 ,
