4018 6176
237 331 349 392 519

1416 328 1911 392 EXPLANATIO
1951 327 2034 392 IN
2079 332 2456 395 I’SALMOS.

3519 345 3643 408 550

232 467 476 519 mortem
508 462 815 529 dederunt,
850 466 907 515 et
946 461 1004 516 in
1051 462 1178 533 ipsa
1224 467 1390 518 nocte
1441 462 1879 535 pertransibunt
1905 460 1964 529 Α
1994 468 2181 534 gente,
2215 470 2592 537 praetereunt;
2619 490 2645 517 ‹‹
2680 472 2737 523 et
2775 468 2893 523 haec
2924 470 3121 525 omnia
3156 494 3180 519 υ
3213 473 3435 529 scilicet
3465 475 3639 530 draco
3694 538 3701 541 μ

231 568 431 608 omnes
461 551 662 606 bestiae
684 549 862 615 silvaa,
887 549 945 604 id
968 554 1057 605 est
1076 550 1370 607 daemones
1390 550 1505 606 late
1527 551 1876 618 discurrent,

229 644 523 713 putantes,
562 642 793 694 mortuo
838 637 1086 707 Christo,
1110 656 1286 710 quem
1326 640 1601 695 videbant
1638 656 1878 693 causam

228 727 695 799 totiusjustitize,
714 744 830 781 sua:
854 727 1122 798 potentiae
1145 745 1315 782 omne
1337 728 1663 782 humanum
1693 744 1879 800 genus

225 815 571 871 derelictum
609 814 809 870 fuisse.
843 814 1202 870 Determinat
1232 833 1334 887 per
1363 818 1648 888 quasdam
1684 820 1879 886 partes

223 923 370 977 quas
403 904 497 959 hic
520 904 769 976 accipiat
789 903 1179 971 bestias,cum
1204 905 1384 959 dixit:
1409 905 1594 959 Catuli
1618 905 1875 969 leonum,

225 994 278 1048 id
308 998 422 1061 est,
455 992 712 1047 minores
751 993 1077 1060 daemones,
1101 996 1157 1048 et
1184 992 1324 1047 mali
1355 1010 1556 1049 eorum
1601 992 1876 1059 ministri,

222 1082 321 1154 qui
370 1080 816 1153 pertransibunt
846 1081 1164 1153 rugientes,
1200 1082 1257 1136 id
1290 1086 1397 1149 est,
1434 1082 1765 1137 frendentes
1804 1082 1875 1136 ad

222 1169 454 1242 aliquos
489 1169 885 1225 devorandum
923 1186 935 1223 :
970 1171 1042 1225 ad
1073 1169 1182 1225 hoc
1212 1170 1673 1240 pertransibunt,
1699 1175 1765 1225 ut
1796 1187 1881 1225 ra-

222 1258 387 1331 piant
419 1262 476 1313 et
508 1262 771 1329 quaerant
800 1276 834 1313 a
865 1257 980 1311 Deo
1009 1275 1202 1313 escam
1237 1258 1369 1326 sibi,
1401 1258 1621 1313 scilicet
1650 1258 1878 1330 aliquos

220 1364 371 1418 quos
415 1346 646 1418 possint
695 1345 809 1401 sibi
859 1346 1248 1417 incorporare,
1283 1350 1339 1401 et
1384 1346 1494 1402 hoc
1527 1369 1554 1397 «
1587 1364 1620 1402 a
1648 1348 1763 1402 Deo
1797 1364 1810 1401 :
1850 1369 1876 1395 »

221 1434 456 1490 nullum
478 1434 635 1490 enim
660 1433 771 1489 nisi
790 1434 889 1489 Dei
916 1433 1302 1507 permissione
1321 1440 1568 1506 possunt
1583 1436 1875 1491 devorare.

220 1523 498 1579 Permisit
528 1528 723 1579 autem
756 1523 909 1579 Deus
945 1524 1110 1594 justo
1146 1523 1370 1595 judicio
1402 1524 1614 1580 Judam
1647 1524 1879 1579 diabolo

216 1611 606 1685 incorporari,
631 1617 689 1667 et
717 1611 862 1667 alios
908 1612 1200 1668 similiter.
1226 1613 1305 1667 Ex
1335 1617 1522 1668 morte
1552 1613 1765 1668 Christi
1798 1612 1882 1668 ita

218 1702 354 1769 fuit,
386 1701 491 1757 sed
525 1704 833 1772 postquam
866 1705 1029 1756 ortus
1074 1705 1165 1755 est
1197 1700 1303 1771 sol,
1338 1702 1394 1756 id
1437 1705 1526 1757 est
1565 1700 1881 1757 resurrexit

217 1790 518 1856 Christus,
541 1790 640 1862 qui
667 1790 832 1860 quasi
859 1788 943 1843 sol
968 1788 1163 1845 oriens
1188 1790 1476 1845 mundum
1506 1789 1875 1855 illuminavit,

217 1884 362 1935 tunc
395 1878 732 1951 congregati
764 1882 904 1933 sunt
933 1877 1228 1933 daemones
1256 1895 1269 1932 :
1297 1896 1410 1933 non
1434 1880 1587 1950 quod
1621 1877 1882 1934 localiter

216 1967 655 2035 convenissent,
682 1968 781 2023 sed
814 1983 917 2039 per
938 1965 1133 2022 simile
1158 1967 1299 2022 dicit
1323 1984 1335 2021 ε
1362 1966 1500 2039 quia
1520 1968 1672 2023 sicut
1702 1968 1881 2039 aliqui

215 2057 517 2129 fugientes
546 2055 915 2127 praesentiam
948 2054 1205 2126 alicujus
1239 2055 1495 2127 potentis
1514 2055 1775 2125 victoris,
1799 2055 1884 2111 ita

214 2146 545 2210 daemones,
568 2144 669 2216 qui
693 2143 909 2199 Christi
942 2160 1072 2200 esse
1096 2143 1367 2199 volebant
1396 2143 1679 2213 dimissis,
1704 2161 1886 2199 reces-

215 2238 435 2290 serunt
462 2233 537 2288 ad
569 2250 738 2302 suos;
775 2238 833 2289 et
859 2238 1002 2289 tunc
1034 2232 1094 2287 in
1127 2232 1353 2288 malitia
1391 2233 1736 2305 pertinaces,
1759 2256 1787 2283 ‹‹
1822 2234 1881 2288 in

211 2322 523 2378 cubilibus
582 2321 707 2377 suis
755 2322 1219 2393 collocabuntur,
1261 2345 1288 2371 »
1326 2323 1383 2377 id
1434 2326 1541 2390 est,
1584 2325 1885 2394 quiescent

213 2413 275 2467 in
312 2410 439 2467 iliis
468 2410 568 2483 qui
600 2414 741 2465 sunt
785 2410 1017 2483 proprie
1049 2410 1267 2466 cubilia
1311 2427 1534 2480 eorum,
1569 2411 1791 2466 scilicet
1823 2412 1881 2466 in

211 2500 338 2555 illis
360 2500 468 2571 qui
489 2498 762 2554 obdurati
786 2503 841 2554 et
866 2502 1301 2571 perseverantes
1332 2499 1392 2553 in
1423 2500 1696 2570 peccatis,
1722 2500 1882 2555 nullo

210 2589 399 2644 modo
431 2589 505 2643 ad
538 2589 711 2643 fidem
740 2587 944 2643 volunt
991 2588 1263 2643 accedere
1289 2606 1301 2643 :
1330 2587 1411 2642 illi
1443 2588 1886 2644 collocabuntur

210 2680 273 2733 in
311 2677 614 2733 cubilibus
646 2676 801 2745 suis;
834 2677 1008 2732 homo
1037 2681 1232 2732 autem
1268 2676 1569 2733 rationalis
1600 2678 1778 2732 exibit
1809 2680 1881 2733 ad

209 2784 394 2839 Opus,
414 2765 473 2820 id
497 2770 605 2835 est,
625 2766 933 2821 manifeste
956 2766 1326 2837 operabitur:
1356 2783 1504 2838 opus
1526 2767 1654 2821 dico
1682 2784 1879 2836 suum,

212 2856 333 2911 hoc
363 2858 476 2925 est,
508 2852 776 2909 rationali
809 2854 928 2909 viro
974 2870 1320 2926 congruum,
1354 2854 1620 2911 videlicet
1661 2856 1881 2910 bonum

212 2960 395 3017 opus,
416 2946 475 2999 et.
496 2943 565 2998 ad
589 2941 985 3011 operationem
1012 2960 1179 2998 suam
1203 2943 1664 3000 continuandam
1696 2962 1882 3016 usque

214 3035 291 3090 ad
327 3048 660 3103 vesperam.

290 3120 806 3193 Quandoquidem,
832 3139 865 3177 o
897 3122 1072 3190 Deus,
1108 3122 1228 3178 haec
1276 3122 1476 3179 omnia
1520 3125 1771 3195 perfecta
1802 3124 1880 3179 fe-

1994 556 2051 605 et
2083 553 2361 609 animalia
2390 578 2417 602 ‹‹
2450 559 2787 627 exspectant
2817 574 2850 611 a
2882 561 2937 611 te
2971 560 3034 612 ut
3069 558 3166 614 ﬂes
3204 559 3320 615 illis
3351 579 3547 617 escam
3579 563 3635 619 in

1988 643 2265 711 tempore.
2296 666 2320 689 ››
2340 634 2440 697 Vel
2476 660 2790 715 possumus
2818 644 2901 699 sic
2934 645 3275 703 continuare
3300 666 3313 703 :
3341 650 3428 703 Tu
3465 652 3636 718 Deus,

1989 727 2086 798 qui
2120 729 2303 783 fecisti
2337 736 2551 785 {eterna
2585 732 2640 785 in
2675 732 2979 803 sapientia,
3007 734 3193 788 fecisti
3222 736 3496 791 manibus
3523 739 3641 793 tuis

1988 816 2096 870 hoc
2128 835 2305 871 mare.
2332 818 2668 889 Allngorice,
2698 839 2799 891 per
2829 839 2987 875 mare
3021 822 3129 877 hoc
3175 823 3451 878 sreculum
3486 826 3635 880 acci-

1990 904 2365 977 pimus.quod
2386 912 2474 961 est
2492 926 2769 979 magnum
2793 913 2849 962 et
2871 910 3193 980 spatiosum
3217 912 3491 967 manibus
3510 928 3639 985 ope-

1988 995 2265 1061 rantium,
2291 995 2430 1066 quia
2469 1014 2700 1068 semper
2738 1001 2897 1069 patet
2938 997 3377 1056 laborantibus:
3406 1001 3547 1066 illic,
3579 1001 3636 1056 id

1987 1086 2096 1148 est,
2120 1082 2176 1136 in
2211 1082 2320 1138 hoc
2364 1084 2532 1151 mari,
2558 1088 2698 1139 sunt
2746 1084 2994 1155 reptilia,
3032 1086 3087 1140 id
3120 1091 3228 1154 est,
3262 1088 3554 1144 dmmones
3583 1094 3641 1145 et

1987 1186 2190 1225 eorum
2220 1171 2498 1237 ministri,
2522 1189 2769 1243 quorum
2795 1190 2906 1226 non
2942 1177 3030 1227 est
3060 1191 3360 1242 numerus,
3386 1176 3636 1247 reptilia,

1987 1258 2208 1314 scilicet
2236 1258 2514 1315 animalia
2554 1260 2770 1333 pusilla
2800 1265 2858 1316 et
2903 1278 3134 1332 magna,
3170 1266 3308 1316 sunt
3336 1263 3492 1317 enim
3527 1265 3638 1318 da:-

1988 1364 2191 1402 mones
2222 1349 2319 1403 alii
2354 1350 2606 1420 majores
2638 1350 2789 1421 aliis,
2822 1368 2938 1405 non
2971 1351 3324 1417 substantia,
3349 1352 3446 1407 sed
3482 1356 3641 1422 pote-

1987 1440 2157 1491 state.
2194 1436 2334 1506 Illic,
2370 1437 2427 1491 id
2471 1443 2559 1492 est
2607 1439 2666 1493 in
2722 1438 2831 1493 hoc
2884 1439 3055 1504 mari,
3089 1438 3309 1495 scilicet
3359 1440 3416 1494 in
3470 1458 3641 1496 mun-

1988 1525 2081 1591 do,
2107 1526 2549 1597 pertransibunt
2581 1544 2777 1595 naves,
2804 1527 2860 1581 id
2903 1532 2993 1582 est
3032 1528 3322 1593 Ecclesiae,
3348 1547 3475 1602 qua:
3505 1547 3642 1585 con-

1987 1614 2310 1667 tundentur
2338 1614 2517 1685 hujus
2551 1616 2755 1669 mundi
2790 1616 3093 1683 ﬂuctibus,
3124 1621 3319 1672 tamen
3349 1635 3462 1673 non
3496 1619 3643 1675 sub-

1989 1706 2354 1773 merguntur.
2380 1703 2448 1756 Et
2479 1702 2642 1771 alibi,
2665 1703 2723 1758 id
2746 1708 2854 1772 est,
2880 1704 2939 1757 in
2971 1704 3079 1759 hoc
3113 1706 3353 1773 mundo,
3378 1711 3436 1760 et
3466 1707 3641 1762 draco

1990 1790 2117 1860 iste,
2140 1791 2195 1845 id
2218 1794 2324 1857 est,
2350 1790 2690 1863 principalis
2712 1791 3004 1860 diabolus,
3028 1792 3271 1861 scilicet,
3294 1793 3637 1863 Beelzebub,

1991 1878 2087 1950 qui
2123 1895 2224 1950 per
2256 1878 2568 1933 Leviathan
2619 1879 3007 1952 signiﬁcatur,
3039 1896 3212 1952 quem
3266 1880 3457 1952 prima
3485 1898 3639 1937 crea-

1991 1967 2146 2022 tione
2176 1967 2383 2021 creasti
2425 1967 2665 2034 bonum,
2690 1971 2821 2038 post
2852 1984 3054 2023 casum
3085 1985 3219 2023 vero
3269 1969 3534 2025 formasti
3566 1971 3638 2025 ad

1991 2055 2381 2121 illudendum,
2404 2055 2460 2109 id
2488 2060 2595 2123 est,
2621 2055 2959 2111 illusibilem
2985 2055 3169 2111 fecisti
3195 2072 3209 2111 :
3234 2055 3378 2111 illud
3401 2058 3556 2112 enim
3588 2058 3641 2113 ei

1990 2143 2164 2198 etiam
2199 2143 2531 2198 meretrices
2563 2144 2797 2212 facient,
2833 2161 2980 2215 quas
3020 2144 3078 2198 in
3122 2144 3291 2200 fmdis
3322 2144 3478 2200 vitiis
3514 2145 3641 2200 illa-

1991 2236 2235 2303 queatas
2258 2249 2391 2287 cum
2425 2232 2632 2287 fortius
2655 2237 2847 2287 tenere
2878 2237 3063 2305 putat,
3090 2232 3228 2304 ipsa:
3252 2234 3324 2288 ab
3346 2233 3506 2289 illius
3527 2251 3645 2289 ma-

1993 2320 2167 2375 nibus
2196 2319 2527 2388 elabuntur,
2554 2325 2611 2375 et
2642 2338 2745 2392 per
2775 2321 3179 2394 paenitentiam
3202 2320 3262 2376 in
3288 2321 3501 2378 Christi
3525 2340 3644 2378 cor-

1992 2428 2103 2481 pus
2133 2410 2543 2477 traducuntur,
2572 2415 2630 2466 et
2678 2410 2800 2465 hazc
2831 2411 3053 2481 omnia,
3086 2409 3311 2465 scilicet
3360 2412 3557 2480 draco,
3589 2415 3647 2467 et

1991 2498 2107 2552 alia
2136 2503 2473 2570 exspectant
2512 2518 2546 2554 a
2584 2505 2638 2553 te
2672 2505 2734 2554 ut
2766 2501 2868 2555 des
2902 2500 3019 2555 illis
3050 2517 3246 2555 escam
3280 2500 3338 2554 in
3388 2505 3645 2573 tempore

1991 2592 2338 2658 Opportune.
2364 2588 2769 2659 Opportunum
2806 2590 2962 2643 enim
2994 2594 3228 2660 tempus
3257 2589 3484 2656 habuit,
3508 2607 3644 2645 cum

1995 2675 2273 2730 Dominus
2318 2677 2533 2731 Judam
2579 2677 2637 2730 in
2690 2677 2964 2731 manibus
3013 2677 3172 2732 illius
3222 2677 3481 2732 tradidit.
3516 2678 3645 2732 Haec

1991 2764 2189 2819 omnia
2220 2781 2254 2818 a
2284 2768 2337 2818 te
2366 2769 2704 2835 exspectant
2734 2781 2949 2833 escam,
2974 2769 3031 2819 et
3061 2788 3086 2813 ‹‹
3132 2766 3306 2820 dante
3355 2770 3411 2820 te
3460 2764 3580 2820 illis
3615 2788 3643 2813 »

1991 2868 2209 2916 eseam,
2231 2851 2343 2923 ipsi
2372 2875 2398 2900 ‹‹
2435 2851 2710 2923 colligent
2744 2876 2771 2900 »
2804 2857 2922 2907 tam
2947 2853 3224 2907 animalia
3252 2870 3429 2924 quam
3461 2852 3647 2907 homi-

1992 2959 2116 3008 nes,
2150 2964 2176 2989 (ι
2213 2944 2268 2995 te
2302 2962 2328 2989 ››
2363 2944 2557 2995 autem
2588 2963 2615 2989 ‹‹
2668 2939 2961 3012 aperiente
3010 2958 3248 2997 manum
3300 2944 3486 3008 tuam,
3519 2959 3545 2992 ω
3582 2940 3643 2995 id

1991 3034 2099 3096 est,
2135 3029 2311 3083 dante
2340 3032 2396 3083 te
2440 3028 2746 3096 auxilium,
2782 3052 2807 3077 α
2841 3028 3041 3084 omnia
3087 3028 3491 3100 implebuutur
3541 3028 3641 3084 bo-

1993 3118 2195 3185 nitate,
2234 3141 2255 3167 ιι
2294 3116 2350 3171 id
2381 3122 2469 3173 est
2500 3117 2841 3172 liberatione
2895 3122 2952 3173 et
2995 3116 3234 3189 auxilio,
3267 3134 3370 3189 per
3416 3117 3643 3173 bonita-

224 3211 390 3281 cisti,
418 3216 477 3266 et
514 3210 913 3283 corporaliter,
945 3216 1001 3266 et
1040 3211 1443 3284 spiritualiter,
1476 3229 1689 3285 ergo,o
1711 3237 1738 3262 ‹‹
1773 3218 1880 3267 Do-
1914 3189 1957 3256 C
1995 3212 2109 3262 tem
2142 3207 2241 3261 Dei
2275 3206 2384 3262 sibi
2434 3206 2729 3279 impensa;
2765 3205 2903 3278 quia
2952 3212 3140 3277 neque
3189 3206 3482 3262 daemones
3532 3206 3643 3261 sibi

220 3301 406 3368 mine,
439 3300 815 3373 magnificata
863 3288 1003 3355 sunt
1048 3317 1223 3372 opera
1260 3296 1380 3368 tua,
1420 3324 1446 3351 »
1481 3302 1535 3357 id
1569 3306 1659 3357 est
1706 3301 1880 3357 mira-

224 3390 388 3458 bilia,
421 3395 480 3446 et
508 3389 823 3461 magnifica
863 3394 1003 3445 sunt
1045 3389 1297 3462 cognita,
1329 3395 1388 3446 et
1419 3414 1444 3440 ‹‹
1482 3408 1658 3463 quam
1694 3413 1720 3439 ››
1751 3408 1881 3446 ma-

230 3479 504 3551 gniﬁcata
532 3478 901 3535 ineﬁ‘abiliter
932 3494 945 3533 :
979 3479 1109 3534 ideo
1141 3478 1270 3534 dico
1313 3479 1709 3552 magniticata,
1743 3480 1883 3552 quia

237 3590 265 3618 «ι
296 3568 354 3623 in
383 3567 690 3640 sapientia,
719 3589 746 3617 »
782 3568 838 3623 id
865 3573 956 3625 est
999 3568 1292 3641 sapienter
1315 3593 1341 3619 ‹‹
1369 3569 1557 3624 fecisti
1588 3570 1786 3625 omnia
1811 3592 1836 3618 ››
1865 3587 1878 3625 :

234 3656 428 3712 omnia
458 3656 614 3711 enim
649 3656 925 3712 ineffabili
962 3656 1055 3712 [lci
1104 3657 1465 3729 providentia
1516 3663 1656 3713 sunt
1683 3659 1879 3730 dispo-

236 3746 372 3811 sita;
406 3746 535 3801 ideo
566 3745 741 3801 etiam
774 3753 915 3801 sunt
962 3745 1355 3816 magnilicala,
1380 3745 1519 3817 quia
1550 3769 1577 3796 ι(
1611 3752 1765 3802 terra
1794 3765 1882 3802 re-

235 3834 386 3904 pleta
439 3839 531 3890 est
593 3835 963 3907 possessione
1003 3839 1158 3889 tua»
1190 3834 1567 3891 multitudine
1614 3837 1883 3892 habitan-

248 3923 410 3978 tium.

309 4012 439 4069 Pars
470 4014 747 4069 secunda.
784 4036 810 4062 ‹‹
847 4013 963 4069 Hoc
1009 4030 1169 4069 mare
1211 4030 1553 4086 magnum.»
1586 4015 1760 4081 Quasi
1792 4016 1883 4070 di-

241 4104 330 4155 cat
360 4102 613 4159 :Cazlum
646 4107 703 4157 et
734 4106 971 4171 terram,
1013 4102 1273 4169 Domine,
1309 4103 1393 4158 sic
1432 4102 1796 4175 disposuisti,
1832 4110 1889 4161 et

243 4212 269 4237 ι(
294 4189 394 4246 hoc
441 4207 602 4247 mare
637 4208 649 4246 :
678 4214 706 4239 ››
738 4190 819 4246 ita
864 4191 1025 4258 dicit,
1058 4191 1225 4263 quasi
1282 4209 1540 4264 praesens
1569 4194 1838 4249 ostendat
1870 4211 1883 4248 :

241 4294 395 4335 mare
422 4280 552 4338 dico
584 4303 612 4330 «
648 4296 929 4352 magnum
964 4303 992 4329 ››
1024 4279 1084 4335 in
1125 4281 1217 4335 sui
1261 4286 1493 4347 natura,
1517 4286 1575 4337 et
1606 4306 1631 4332 ‹‹
1667 4282 1886 4354 spatio-

240 4381 391 4435 sum,
426 4392 452 4417 »
482 4369 541 4424 id
585 4373 676 4425 est
724 4368 985 4441 amplum
1019 4392 1047 4418 ‹‹
1099 4368 1373 4426 manibus
1406 4393 1434 4419 »
1468 4371 1887 4443 navigandum,

241 4454 299 4509 in
330 4473 437 4528 quo
468 4457 742 4514 similiter
781 4462 1030 4531 possunt
1076 4458 1352 4532 navigare
1398 4459 1598 4529 multi;
1632 4484 1659 4509 ‹‹
1693 4460 1832 4529 illic,
1861 4485 1888 4512 ››

237 4541 296 4598 id
324 4550 411 4601 est
437 4547 497 4602 in
530 4547 641 4603 hoc
675 4547 823 4603 mari
864 4551 1001 4602 sunt
1031 4572 1056 4597 ‹‹
1095 4547 1341 4619 reptilia,
1368 4572 1394 4597 ››
1430 4548 1485 4604 id
1520 4554 1609 4605 est
1665 4551 1892 4606 marina
1923 4560 1969 4623 ι)

241 4640 516 4708 monstra,
542 4660 569 4685 «
596 4653 848 4708 quorum
881 4654 994 4691 non
1027 4640 1116 4692 est
1143 4654 1426 4694 numerus
1452 4660 1477 4687 ι)
1505 4644 1698 4696 certus
1729 4643 1883 4714 apud

239 4720 486 4796 aliquem
519 4725 844 4781 hominem.

310 4812 558 4885 Reptilia
574 4832 688 4870 non
710 4820 960 4887 possunt
978 4816 1292 4883 numerari,
1310 4817 1409 4871 sed
1432 4815 1541 4872 hoc
1560 4835 1741 4873 unum
1765 4836 1891 4891 pes-

242 4918 371 4956 sum
400 4904 470 4958 de
502 4903 621 4960 illis
652 4904 843 4959 dicere
874 4905 1029 4975 quod
1063 4903 1162 4960 illa
1194 4904 1424 4976 reptilia
1447 4906 1661 4977 pusilla
1688 4912 1743 4962 et
1775 4925 1891 4962 ma-

243 5007 354 5063 gna
383 4998 520 5048 sunt
553 5010 567 5049 :
601 4993 711 5048 hoc
742 4996 832 5049 est
872 4993 1028 5064 quod
1078 4992 1222 5048 dicit
1256 5010 1268 5048 :
1296 5017 1323 5043 ‹‹
1358 4993 1635 5050 animalia
1680 4996 1893 5065 pusilla

243 5095 373 5136 cum
421 5082 658 5154 magnis
692 5099 704 5137 :
734 5105 761 5130 «
795 5087 853 5136 et
884 5081 1150 5153 quamvis
1198 5087 1285 5137 tot
1344 5082 1462 5137 sint
1520 5090 1781 5140 monstra
1832 5086 1887 5140 in

246 5171 409 5237 mari,
441 5177 638 5227 tamen
661 5195 688 5221 ‹‹
724 5171 839 5226 illic
872 5188 1047 5227 naves
1090 5171 1533 5243 pertransibunt
1566 5171 1592 5220 ἱ»
1628 5172 1840 5229 illaasze.

312 5259 374 5313 In
402 5260 501 5316 illo
535 5259 685 5315 mari
731 5265 820 5315 est
842 5285 869 5309 «ι
913 5262 1088 5316 draco
1132 5260 1228 5315 ille
1262 5281 1283 5310 ι
1314 5260 1621 5330 mirabilis,
1652 5262 1891 5317 inﬁnitae

250 5349 692 5421 magnitudinis,
717 5348 829 5421 qui'
854 5349 1165 5404 Leviathan
1190 5347 1542 5421 appellatur,
1566 5372 1594 5398 ‹‹
1619 5367 1791 5421 quem
1828 5357 1890 5407 tu

244 5435 498 5494 formasti
534 5439 606 5493 ad
642 5437 1007 5494 illudendum
1039 5438 1091 5493 ei
1126 5439 1263 5508 (Job.
1288 5441 1395 5506 Ill),
1424 5459 1451 5488 ››
1478 5439 1548 5493 ad
1596 5438 1704 5495 hoc
1744 5444 1809 5496 ut
1839 5442 1889 5497 ei

242 5522 541 5585 illudatur.
562 5527 723 5582 Licet
742 5526 899 5582 enim
920 5531 1125 5583 tantus
1145 5528 1223 5581 sit
1242 5531 1300 5581 et
1320 5526 1733 5584 voracissimus
1753 5534 1883 5598 (lsa.

239 5619 431 5689 XXVII),
457 5621 658 5674 tamen
690 5620 824 5674 ante
852 5632 987 5673 eum
1013 5631 1185 5674 naves
1215 5614 1428 5692 illresae,
1454 5616 1570 5677 Deo
1590 5616 1758 5677 illum
1785 5639 1886 5679 ur-

1990 3296 2354 3351 conformare
2400 3294 2691 3365 homines,
2724 3295 2838 3349 Deo
2891 3295 3183 3366 praebente
3216 3293 3520 3361 auxilium,
3547 3311 3644 3350 ne-

1991 3402 2102 3457 que
2132 3385 2259 3456 ipsa
2291 3383 2570 3439 animalia
2601 3387 2877 3455 poterunt
2909 3382 3289 3456 corporaliter
3316 3399 3543 3438 nocere.

2061 3475 2141 3529 Te
2171 3474 2346 3528 dante
2396 3472 2798 3545 implebantur
2840 3472 3131 3541 bonitate;
3172 3477 3231 3527 at
3260 3471 3309 3527 si
3342 3470 3451 3543 ipsi
3500 3488 3644 3542 pra:-

1990 3566 2249 3629 sumant,
2285 3566 2345 3616 tu
2377 3565 2598 3617 avertes
2629 3565 2683 3615 te
2710 3561 2782 3615 ab
2812 3561 2915 3627 eis,
2941 3565 2997 3615 et
3029 3561 3112 3616 sic
3145 3560 3564 3627 turbabuntur;
3589 3564 3646 3614 et

1991 3652 2100 3707 hoc
2130 3655 2238 3719 est,
2269 3674 2289 3701 α
2328 3654 2620 3705 avertente
2668 3654 2862 3704 autem
2898 3653 2954 3703 te
2986 3641 3194 3703 faciem
3244 3653 3431 3714 tuam,
3465 3648 3521 3701 id
3554 3652 3644 3703 est

1992 3740 2373 3795 subtrahente
2418 3738 2693 3810 gratiam,
2718 3761 2744 3785 ‹‹
2797 3737 3260 3803 turbabuntur,»
3294 3736 3350 3790 id
3398 3740 3507 3803 est,
3541 3752 3643 3791 co-

1991 3835 2273 3903 gnoscent
2300 3846 2363 3884 se
2391 3827 2533 3882 nihil
2556 3845 2703 3894 esse,
2727 3831 2785 3881 et
2805 3849 2831 3875 «
2859 3827 3084 3880 auferes
3111 3824 3385 3896 spiritum
3412 3849 3433 3876 ι
3464 3824 3534 3878 ab
3552 3825 3642 3879 eis

1992 3919 2299 3991 superbiae,
2326 3916 2425 3989 qui
2455 3920 2543 3971 est
2564 3939 2590 3965 ‹‹
2635 3932 2858 3985 eorum,
2878 3936 2903 3963 ››
2926 3914 3146 3970 scilicet
3185 3930 3359 3985 quem
3412 3931 3526 3968 non
3575 3931 3644 3970 ex

1993 4011 2130 4077 Deo,
2156 4010 2255 4064 sed
2289 4026 2355 4063 ex
2393 4024 2454 4062 se
2504 4006 2740 4071 habent,
2769 4029 2789 4054 α
2825 4009 2881 4059 et
2929 4004 3201 4059 deficient
3226 4026 3252 4053 ››
3284 4021 3317 4057 a
3368 4003 3645 4075 superbia

1995 4096 2468 4171 praesumptionis
2496 4117 2517 4145 ι
2542 4099 2600 4150 et
2622 4093 2681 4149 in
2705 4094 3001 4166 pulverem
3024 4110 3199 4148 suum
3223 4096 3643 4159 revertentur,»

1994 4187 2051 4241 id
2084 4190 2193 4256 cst,
2231 4185 2639 4240 movebuntur.
2671 4182 2794 4253 Vel,
2818 4181 3147 4255 allegorice,
3196 4185 3557 4237 revertentur
3584 4179 3645 4235 in

1996 4276 2314 4347 pulverem,
2361 4290 2495 4329 cum
2543 4274 2793 4328 redeunt
2841 4272 2911 4327 ad
2961 4269 3380 4337 humilitatem,
3413 4274 3469 4325 et
3501 4267 3646 4324 nihil

1996 4383 2066 4422 ex
2096 4381 2156 4421 se
2188 4363 2427 4433 faciunt,
2461 4362 2561 4419 sed
2596 4361 2901 4417 materiam
2934 4361 3089 4415 unde
3119 4364 3275 4427 sunt,
3309 4358 3561 4413 cinerem
3590 4360 3648 4413 et

1998 4455 2295 4529 pulverem
2327 4470 2474 4522 esse,
2507 4456 2888 4526 cognoscunt.

2070 4544 2185 4617 Ipsi
2218 4543 2571 4609 moriuntur,
2597 4546 2654 4596 et
2686 4547 2745 4595 tu
2779 4559 2801 4587 ι
2835 4538 3056 4595 emittis
3087 4534 3367 4609 Spiritum
3403 4537 3590 4600 tuum,
3618 4555 3644 4579 »ι

1996 4639 2266 4690 sanctum
2302 4631 2606 4704 Spiritum,
2629 4629 2717 4685 vel
2758 4627 3053 4700 angelum.
3087 4626 3267 4681 Canet
3293 4623 3449 4679 enim
3484 4623 3645 4692 tuba,

1996 4740 2211 4778 vocans
2238 4726 2501 4777 mortuos
2525 4720 2596 4775 ad
2625 4718 2983 4790 judicium,«
3014 4720 3071 4771 et
3096 4739 3122 4763 ››
3146 4719 3287 4770 tunc
3311 4737 3337 4763 ‹‹
3361 4712 3648 4768 creabun-

1998 4817 2151 4880 tur,»
2180 4812 2234 4865 id
2268 4815 2375 4880 est,
2413 4808 2918 4874 immutabuntur;
2945 4830 2971 4855 ‹‹
3007 4808 3064 4860 et
3108 4803 3412 4860 renovabis
3444 4800 3649 4856 faciem

1998 4906 2185 4956 terrai.
2213 4922 2233 4947 η
2258 4898 2361 4953 Vel
2394 4899 2466 4952 ad
2499 4896 2863 4969 allegoriam,
2888 4895 3210 4951 secundum
3240 4892 3346 4947 hoc
3377 4890 3530 4962 quod
3562 4889 3649 4944 di-

1998 4988 2188 5044 cimus
2225 4986 2523 5060 pulverem
2563 4987 2743 5059 redigi
2798 4987 2868 5041 ad
2918 4984 3332 5049 humilitatem,
3366 4979 3449 5035 sic
3490 4978 3648 5032 dice-

2000 5096 2132 5133 mus
2158 5095 2170 5132 :
2201 5076 2313 5148 Ipsi
2339 5080 2700 5131 revertentur
2723 5076 2793 5130 ad
2820 5073 3136 5146 pulverem,
3160 5072 3216 5125 id
3240 5074 3348 5135 est,
3370 5067 3441 5122 ad
3462 5066 3653 5121 humi-

2001 5168 2327 5232 ]itatem,et
2357 5170 2440 5233 tu,
2472 5165 2671 5222 emitte
2719 5164 3002 5236 Spiritum
3056 5164 3324 5215 sanctum
3373 5160 3541 5211 tuum
3590 5154 3651 5208 in
3708 5213 3715 5215 ν

2003 5257 2178 5313 corda
2207 5273 2430 5321 eorum,
2456 5260 2513 5310 et
2544 5272 2647 5326 per
2676 5253 2783 5307 hoc
2812 5251 3231 5306 recreabuntur
3252 5247 3321 5300 ad
3346 5247 3491 5301 bene
3522 5260 3654 5316 ope-

2003 5347 2273 5410 randum,
2298 5349 2353 5399 et
2383 5344 2467 5398 sic
2499 5342 2703 5397 faciem
2734 5346 2918 5405 terrae,
2946 5339 2998 5392 id
3027 5342 3115 5392 est
3139 5340 3393 5391 mentem
3425 5349 3652 5398 eorum,

2001 5436 2099 5508 qui
2134 5435 2297 5507 prius
2328 5432 2573 5487 terrenis
2609 5429 2932 5495 inhiabant,
2967 5425 3407 5490 conformando,
3443 5439 3653 5477 novam

1999 5531 2215 5583 terram
2250 5522 2444 5577 facies.
3211 5573 3222 5582 ί

2074 5638 2101 5674 «
2129 5616 2217 5674 Sit
2245 5611 2449 5687 gloria.
2478 5634 2505 5661 »
2541 5610 2681 5669 Pars
2708 5607 2900 5668 tertia.
2936 5603 3303 5665 Continuatio
3337 5619 3351 5659 :
3386 5601 3653 5673 Quando.
