4080 6180
431 303 549 363 551

853 305 1258 367 HAYMONIS
1295 305 1830 368 HALBERSTAT.
1866 301 2114 366 EPISC.
2149 303 2319 364 Ο-ΡΡ.
2355 305 2579 366 PARS.
2617 305 2662 366 Ι.
2697 341 2768 349 -
2805 305 3208 368 COMMENT.
3235 303 3432 366 BlBL.

3729 304 3841 364 552

439 435 680 508 quidem
713 433 992 494 Dominus
1039 437 1162 493 bene
1209 438 1412 494 omnia
1459 442 1754 510 operatur,
1778 454 1916 510 ergo
1954 457 1981 490 α
2010 436 2088 494 sit
2116 436 2172 506 Α
2202 436 2584 508 spiritualiter
2614 441 2878 512 quzsrant
2915 438 3252 495 Dominum.
3286 437 3349 494 In
3383 436 3643 493 secunda
3669 439 3842 510 parte,

439 524 626 596 gloria
656 525 886 580 Domini
931 525 992 580 in
1023 515 1324 594 saeculum,
1354 547 1376 576 ι
1413 526 1470 581 id
1509 530 1599 582 est
1624 543 1726 582 vos
1764 542 1970 582 omnes
1999 541 2092 580 os-

441 614 662 670 tendite
685 615 999 670 Dominum
1023 614 1366 688 gloriosum,
1391 619 1448 671 et
1474 615 1582 671 hoc
1605 633 1718 670 non
1741 615 1812 670 ad
1837 619 2088 687 tempus,

2201 542 2330 597 qua:
2360 526 2600 598 incipit:
2629 551 2650 578 ιι
2680 528 3030 584 Mementote
3063 525 3422 582 mirabilium
3457 527 3608 598 ejus,
3642 547 3664 576 ιι
3689 524 3844 598 ponit

2201 614 2494 671 mirabilia
2514 634 2640 688 qua:
2665 615 2800 671 fecit
2821 617 2974 672 Deus
2996 614 3365 687 patriarchis.
3387 613 3449 670 In
3472 613 3647 670 tertia
3667 616 3841 686 parte,

437 704 536 758 sed
571 702 630 756 in
663 701 966 772 saeculum,
999 702 1055 758 id
1090 708 1179 759 est
1207 703 1266 758 in
1298 708 1604 772 aeternum,
1633 708 1690 759 et
1720 703 1944 759 debetis
1975 703 2093 776 glo—
2201 721 2329 775 qua:
2370 705 2577 777 incipit
2610 722 2624 760 :
2655 729 2675 756 ι
2703 707 2773 760 Et
2819 705 3045 760 vocavit
3090 705 3327 774 famem,
3354 725 3382 751 υ
3405 703 3665 758 ostendit
3707 720 3844 775 quo-

435 791 662 848 riﬁcare
690 811 846 860 eum,
882 810 1020 866 quia
1063 792 1189 866 ipse
1229 799 1286 850 et
1325 794 1514 850 multa
1543 811 1720 867 opera
1751 793 1904 862 fecit,
1937 799 1994 850 et
2025 810 2092 848 ea
2200 793 2373 848 modo
2405 791 2668 848 liberavit
2694 795 2873 850 Jacob
2915 797 2972 849 et
3013 792 3166 848 ﬁlios
3209 809 3370 858 suos,
3405 809 3738 864 praeparans
3765 791 3844 847 eis

435 881 607 949 bona,
641 885 700 936 et
728 881 837 938 hoc
867 883 1047 938 dicit:
1077 907 1104 933 ‹‹
1132 883 1448 939 Laetabitur
1491 884 1778 940 Dominus
1807 883 1868 938 in
1899 882 2088 954 operi-

432 969 545 1024 bus
593 971 746 1039 suis;
775 995 804 1021 »
849 971 1103 1028 ostendit
1150 989 1278 1028 esse
1332 973 1484 1028 bona
1526 990 1720 1044 opera,
1754 973 1825 1028 de
1871 971 2090 1044 quibus

431 1055 726 1113 laetabitur
751 1058 926 1115 Deus.

502 1169 531 1194 «
560 1146 875 1203 Laetabitur
901 1145 962 1202 in
992 1148 1270 1220 operibus
1309 1149 1454 1217 suis,
1475 1173 1502 1198 ‹‹
1529 1149 1623 1204 his
1665 1148 1908 1220 scilicet,
1929 1150 2085 1222 quod

429 1233 489 1289 in
523 1239 788 1308 respectu
817 1237 867 1307 ej
879 1254 947 1291 us
969 1241 1122 1294 terra
1143 1237 1402 1309 tremuit,
1429 1243 1659 1294 montes
1685 1238 1998 1311 fumigant,
2029 1242 2088 1294 et

430 1322 540 1378 hoc
563 1328 672 1392 est,
701 1346 728 1373 «
764 1325 860 1396 qui
895 1325 1132 1396 respicit
1160 1330 1399 1393 terram,
1423 1351 1446 1380 ι)
1474 1327 1532 1382 id
1563 1331 1652 1383 est
1681 1326 1880 1382 visitat
1909 1327 2084 1382 mise-

428 1411 733 1468 ricorditer
763 1412 1018 1470 minores
1051 1415 1122 1470 de
1166 1415 1443 1482 Ecclesia,
1473 1439 1492 1465 α
1527 1421 1586 1470 et
1614 1415 1753 1472 facit
1781 1433 1912 1472 eam
1963 1421 2084 1472 tre-

430 1517 588 1556 mere
614 1523 634 1550 ι»
661 1502 733 1556 de
755 1502 1010 1572 peccatis
1036 1519 1050 1557 :
1079 1503 1177 1574 qui
1201 1527 1227 1552 «
1265 1503 1498 1575 tangit»
1523 1503 1700 1558 etiam
1733 1503 1932 1576 aliqua
1953 1521 2080 1576 pcr-

425 1590 747 1658 secutionc,
768 1589 856 1645 vel
888 1591 1344 1647 comminatione
1380 1616 1401 1642 α
1438 1597 1690 1664 montes,
1715 1612 1742 1644 »θ
1771 1592 1828 1648 id
1861 1599 1951 1649 est
1981 1611 2080 1666 po-

425 1683 636 1747 tentes,
669 1701 696 1729 ‹‹
747 1683 806 1735 et
863 1680 1180 1753 fumigant,
1221 1704 1250 1730 ››
1279 1681 1338 1736 id
1389 1685 1499 1751 est,
1548 1681 1876 1754 lacrymosa
1921 1700 2082 1738 com.

424 1766 740 1840 punctione
771 1772 1009 1839 peccata
1039 1768 1290 1842 plorant.

2199 881 2391 937 locum
2422 881 2482 938 in
2512 883 2755 956 XEgypto
2789 901 2892 955 per
2918 881 3157 954 Josepli.
3183 881 3242 936 In
3277 886 3486 954 quarta
3516 885 3700 952 parte,
3723 897 3840 953 qua:

2197 969 2438 1042 incipit:
2465 994 2491 1020 ι(
2517 972 2587 1026 Et
2625 972 2878 1027 firmavit
2907 988 3044 1026 cum
3098 987 3276 1042 super
3324 969 3597 1025 inimicos
3643 969 3789 1040 ejus,
3815 993 3835 1019 ι

2196 1058 2451 1114 ostendit
2480 1059 2772 1115 mirabilia
2813 1077 2941 1132 qua:
2975 1058 3110 1115 fecit
3149 1057 3434 1131 Egyptiis
3483 1074 3586 1130 pro
3633 1057 3838 1112 libera-

2193 1146 2351 1203 tione
2381 1147 2579 1220 populi
2610 1147 2724 1204 sui.
2754 1149 2817 1204 In
2843 1147 3054 1220 quinta
3083 1151 3270 1218 parte,
3295 1163 3424 1218 qua:
3455 1145 3699 1218 incipit:
3729 1169 3748 1194 ι
3776 1146 3841 1202 Et

2193 1236 2394 1292 eduxit
2421 1253 2520 1291 eos
2551 1253 2684 1292 cum
2725 1241 2962 1310 argento
2994 1239 3052 1290 et
3080 1252 3245 1304 auro,
3274 1257 3300 1284 ››
3327 1234 3585 1290 ostendit
3627 1239 3839 1306 quanta

2191 1323 2402 1380 virtute
2432 1325 2719 1382 Dominus
2749 1324 3030 1398 populum
3065 1340 3240 1381 suum
3273 1323 3346 1379 ab
3377 1323 3622 1395 [Egypto
3642 1323 3841 1379 eduxe-

2191 1413 2285 1481 rit,
2311 1418 2368 1468 et
2395 1430 2494 1470 eos
2527 1415 2586 1468 in
2619 1417 2832 1470 terram
2883 1411 3293 1486 promissionis
3337 1411 3754 1478 introduxerit;
3785 1415 3840 1467 et

2190 1501 2249 1556 in
2284 1501 2491 1558 ultimo
2522 1503 2798 1558 admonet
2847 1519 2948 1557 eos
2999 1505 3064 1556 ut
3115 1517 3218 1574 per
3267 1500 3388 1556 hmc
3418 1500 3620 1556 omnia
3662 1499 3838 1555 Deum

2189 1595 2472 1663 qumrant.
2506 1591 2762 1648 Intendit
2812 1591 3085 1647 homines
3123 1591 3438 1646 admonere
3486 1589 3561 1644 ad
3610 1587 3837 1644 laudem

2189 1679 2313 1736 Dei.
2347 1679 2580 1737 Titulus
2611 1679 2694 1735 sic
2723 1679 2942 1753 legitur
2966 1697 2978 1735 :
3015 1677 3286 1735 Psalmus
3314 1676 3426 1734 iste
3454 1676 3675 1732 dicitur
3701 1675 3840 1732 alle-

2113 1807 2161 1872 Β
2192 1768 2334 1842 luia,
2352 1767 2460 1826 hoc
2491 1774 2581 1824 est
2608 1768 2751 1824 talia
2771 1767 3053 1824 beneﬁcia
3072 1766 3173 1872 Dei
3195 1767 3476 1866 continet,
3502 1781 3610 1839 pro
3629 1765 3838 1838 quibus

495 1857 565 1912 Et
593 1857 735 1929 quia
781 1861 984 1914 tantus
1042 1863 1132 1914 est
1179 1859 1486 1927 Dominus,
1523 1859 1816 1933 quidquid
1864 1861 2084 1916 faciant
2113 1853 2161 1872 υ
2193 1858 2525 1915 laudandus
2553 1858 2630 1915 sit
2658 1857 2814 1912 Deus
2839 1872 2975 1912 cum
3007 1853 3412 1912 exsultatione.

423 1944 544 2014 alii,
576 1962 682 2018 ego
709 1969 729 1995 οι
757 1945 1007 2001 cantabo
1037 1947 1284 2003 Domino
1308 1967 1336 2001 η
1361 1965 1498 2004 voce
1523 1954 1580 2004 et
1607 1947 1946 2005 devotione:
1972 1949 2080 2004 hoc

423 2039 512 2090 est
548 2054 568 2082 ι
605 2033 662 2088 in
695 2034 815 2090 vita
845 2051 996 2101 mea,
1019 2055 1046 2087 ι»
1083 2035 1142 2090 id
1190 2041 1279 2092 est
1329 2055 1442 2092 non
1502 2038 1576 2092 ad
1623 2037 1848 2107 horam,
1882 2039 1985 2094 sed
2019 2039 2077 2093 in

426 2127 546 2178 tota
573 2123 691 2178 vita
739 2140 890 2191 mea,
925 2125 996 2179 Et
1041 2123 1218 2180 etiam
1257 2146 1284 2178 α
1313 2125 1590 2192 Psallam,
1627 2147 1648 2176 ι
1683 2125 1738 2179 id
1791 2131 1898 2194 est,
1931 2127 2078 2182 bene

422 2213 706 2284 operabor
742 2232 770 2263 α
814 2213 928 2268 Deo
987 2229 1136 2280 meo,
1193 2237 1214 2263 ι
1273 2213 1330 2268 id
1391 2218 1480 2270 est
1538 2231 1653 2270 non
1713 2215 1784 2269 ad
1843 2213 2074 2271 laudem

423 2317 636 2370 meam,
669 2301 770 2358 sed
803 2301 875 2356 ad
909 2301 1188 2358 honorem
1222 2302 1322 2358 Dei
1356 2303 1466 2359 mei
1497 2306 1592 2359 :et
1621 2303 1730 2358 hoc
1757 2323 1783 2355 α
1814 2303 2074 2376 quandiu

421 2407 577 2446 sum.
607 2414 630 2440 ι

491 2481 561 2535 Et
590 2496 706 2535 non
737 2481 966 2535 tantum
1009 2481 1258 2534 cantabo
1298 2480 1464 2548 mihi,
1499 2481 1596 2536 sed
1631 2482 1810 2538 etiam
1843 2501 2072 2539 annun-

422 2569 580 2626 tiabo
611 2568 760 2625 aliis.
784 2569 856 2624 Et
886 2568 1109 2624 utinam
1160 2568 1268 2623 hoc
1316 2569 1431 2624 tale
1466 2595 1486 2620 ι
1523 2571 1820 2643 eloquium
1873 2589 2070 2629 meum

418 2657 498 2714 sit
526 2659 577 2712 ei
600 2658 935 2730 jucundum
962 2675 974 2714 :
999 2676 1024 2708 η
1055 2657 1108 2711 oi
1133 2657 1368 2729 quidem
1400 2659 1510 2713 erit
1542 2677 1736 2715 meum
1769 2661 2068 2734 eloquium

411 2748 804 2820 jucundum,c
829 2764 934 2819 ego
959 2763 1092 2804 vero
1113 2745 1522 2802 delectaborin
1547 2747 1848 2805 Domino.»
1877 2751 1946 2808 Et
1976 2751 2070 2806 hic

420 2841 659 2892 notatur
688 2833 992 2891 familiaris
1022 2834 1365 2891 vicissitudo
1396 2833 1551 2892 Inter
1577 2837 1761 2894 Deum
1793 2843 1851 2894 et
1879 2839 2068 2894 homi-

417 2942 554 2980 nem
579 2942 593 2980 :
618 2923 669 2980 si
697 2924 854 2980 enim
887 2923 1103 2979 habeat
1143 2923 1318 2978 homo
1359 2924 1802 2983 delectationem
1837 2926 1894 2982 in
1929 2927 2064 2998 Deo,

411 3013 476 3069 et
505 3013 630 3084 ipse
659 3013 815 3068 Deus
843 3011 1044 3068 statim
1077 3011 1462 3068 delectabitur
1489 3013 1548 3069 in
1578 3015 1834 3072 homine.

2260 1948 2382 2003 Vox
2439 1945 2740 2019 Prophetas
2782 1945 2867 2002 sic
2925 1944 3230 2001 invitantis
3290 1945 3362 2000 ad
3420 1943 3660 2000 laudem
3690 1943 3834 2001 Dei:

2187 2037 2303 2092 Vos
2334 2051 2561 2104 omnes,
2596 2037 2964 2092 attendentes
2994 2034 3278 2090 beneﬁcia
3325 2051 3454 2106 quae
3497 2033 3641 2090 fecit
3687 2035 3837 2090 Deus

2187 2125 2401 2198 pepulo
2451 2142 2582 2194 suo,
2618 2148 2640 2174 ι
2676 2123 3037 2180 conﬁtemini
3089 2122 3356 2187 Domino,
3395 2145 3416 2172 ι
3463 2122 3522 2178 id
3571 2127 3664 2178 est
3710 2121 3836 2176 lau-

2185 2215 2318 2270 date
2348 2213 2686 2284 Dominum,
2721 2237 2748 2264 «
2782 2218 2840 2269 et
2881 2213 3144 2268 invocate
3193 2229 3406 2267 nomen
3455 2212 3586 2282 ejus
3621 2227 3692 2291 ς»
3727 2228 3836 2266 non

2185 2303 2447 2359 invocate
2475 2319 2609 2358 eum
2651 2307 2890 2374 propter
2927 2317 3136 2356 aurum
3169 2300 3256 2356 vel
3295 2305 3536 2374 propter
3581 2299 3834 2368 divitias,

2182 2392 2284 2446 sed
2342 2395 2407 2445 ut
2463 2389 2540 2444 sit
2594 2389 2956 2444 inbabitator
3010 2387 3213 2456 vestri,
3245 2403 3432 2460 neque
3488 2385 3599 2442 hoc
3659 2387 3834 2442 etiam

2181 2479 2439 2535 sufﬁciat
2494 2477 2688 2544 vobis,
2749 2479 2851 2534 sed
2915 2502 2942 2528 «
3003 2476 3346 2532 annuntiate
3412 2475 3567 2552 inter
3633 2478 3834 2548 gentes

2180 2585 2356 2640 opera
2397 2567 2546 2638 ejus,
2584 2589 2604 2615 ιο
2641 2565 2699 2620 id
2760 2571 2850 2621 est
2903 2564 3138 2621 solliciti
3191 2565 3340 2634 sitis,
3391 2568 3456 2618 ut
3502 2565 3574 2619 de
3626 2569 3830 2628 vestra,

2179 2657 2264 2713 sic
2307 2656 2377 2712 de
2425 2654 2616 2712 salute
2647 2654 2920 2721 aliorum,
2954 2655 3319 2710 attendentes
3370 2653 3479 2708 hoc
3531 2652 3633 2708 Dei
3691 2670 3832 2724 pric-

2179 2749 2413 2818 ceptum
2466 2761 2478 2800 :
2533 2745 2640 2810 Qui
2690 2743 2884 2818 diligit
2931 2760 3095 2815 eum,
3140 2741 3347 2816 diligat
3393 2747 3450 2797 et
3498 2743 3830 2815 proximum

2178 2851 2378 2890 suum.

2248 2923 2386 2979 Dico
2419 2943 2438 2971 α
2475 2922 2834 2978 conﬁtemini
2875 2921 3142 2991 Domino,
3181 2945 3202 2972 ιο
3238 2921 3318 2976 ita
3353 2919 3593 2990 scilicet,
3626 2941 3655 2973 α
3695 2937 3825 2975 can-

2174 3016 2294 3069 tate
2349 3011 2400 3068 ei
2438 3031 2465 3062 ι)
2505 3015 2698 3067 mente
2755 3015 2814 3066 et
2869 3027 3028 3078 voce,
3064 3033 3084 3059 α
3129 3013 3186 3066 et
3239 3007 3470 3082 psallite
3529 3007 3581 3064 ei
3613 3031 3643 3060 ››
3681 3009 3827 3064 bona

495 3123 516 3150 ι
553 3101 670 3172 Ego
701 3097 1034 3154 delectabor
1060 3096 1121 3152 in
1153 3097 1455 3168 Domino,»
1478 3103 1536 3156 et
1557 3101 1782 3157 utinam
1803 3101 1901 3157 alii
1927 3119 2066 3176 pec-
2109 3172 2137 3176 μ
2175 3101 2530 3174 operatione.
2569 3120 2598 3154 α
2644 3099 2886 3155 Narrate
2939 3122 2960 3150 ι
2995 3099 3172 3154 etiam
3211 3117 3233 3146 ι
3283 3097 3484 3155 omnia
3531 3096 3829 3154 mirabilia

417 3191 642 3244 catores
682 3187 826 3242 ﬁant
873 3185 1018 3242 mihi
1067 3186 1321 3258 similes;
1355 3193 1412 3245 et
1457 3189 1566 3244 hoc
1613 3193 1702 3246 est
1731 3213 1760 3239 ‹‹
1794 3172 2069 3248 deficiant
2097 3172 2140 3238 (ἶ
2177 3172 2304 3264 ejus
2339 3207 2352 3248 :
2386 3213 2406 3240 ι
2443 3207 2559 3246 non
2592 3189 2747 3262 quod
2779 3187 2978 3244 omnia
3019 3187 3247 3260 possint
3288 3186 3534 3255 narrari,
3568 3187 3672 3244 sed
3704 3203 3827 3244 om-

419 3279 753 3348 peccatorcs
792 3291 827 3329 a
869 3279 1042 3344 terra,
1065 3294 1091 3328 υ
1129 3275 1189 3332 id
1237 3282 1326 3332 est
1367 3294 1402 3332 a
1447 3279 1803 3349 terrenitate,
1837 3285 1904 3334 ut
1940 3281 2070 3352 jam

418 3363 823 3420 terrenitatem
857 3381 973 3420 non
1005 3368 1308 3437 appetant;
1342 3389 1362 3415 ι
1389 3370 1446 3422 et
1476 3366 1662 3439 iniqui
1685 3392 1708 3421 ι
1737 3373 2072 3427 convertan-

419 3457 534 3522 tur,
559 3472 591 3505 ι
621 3451 704 3509 ita
734 3456 798 3509 ut
829 3469 943 3509 non
987 3453 1108 3510 sint
1135 3474 1167 3506 ι
1197 3455 1352 3526 quod
1395 3473 1510 3512 non
1553 3456 1672 3512 sint
1709 3458 1866 3528 quod
1905 3459 2070 3530 prius

417 3546 585 3599 erant
607 3560 620 3598 :
645 3547 703 3600 et
732 3560 836 3616 pro
868 3542 962 3599 bis
987 3543 1264 3600 omnibus
1286 3543 1583 3602 beneﬁciis
1605 3545 1726 3616 Dei,
1757 3566 1778 3596 ι
1803 3547 2066 3614 benedic,

416 3633 618 3690 anima
651 3650 796 3702 mea,
833 3633 1102 3688 Domino.
1133 3657 1153 3683 ι

918 3721 990 3776 lN
1033 3720 1380 3778 PSALMUM
1419 3722 1556 3780 CIV.

452 3866 456 3870 .
961 3811 1230 3867 Ti'ruws.
1263 3811 1522 3868 Alleluia.

394 3907 398 3912 '
495 3922 523 3956 ι
552 3900 943 3956 Conﬁtemini.
963 3924 984 3952 ι
1014 3899 1348 3958 Notandum
1381 3901 1618 3972 quidem
1649 3901 1804 3974 quod
1834 3899 2069 3957 alleluia

417 4007 533 4050 non
565 3993 654 4043 cst
682 4006 792 4045 vox
836 3987 1116 4056 humana,
1151 3989 1252 4045 sed
1301 3990 1596 4063 propheta:
1628 3995 1685 4046 et
1731 3989 1833 4046 alii
1880 3989 2066 4047 sancti

416 4076 544 4146 viri,
579 4077 733 4132 sicut
770 4077 976 4132 beatus
1026 4077 1282 4134 Joannes
1314 4083 1516 4150 raptus
1561 4079 1622 4134 in
1670 4079 1852 4136 extasi
1884 4079 2064 4153 (Apoc.

416 4168 555 4234 xix),
583 4164 894 4219 audierunt
923 4168 1228 4222 cantantes
1261 4165 1495 4231 alleluia
1523 4167 1798 4240 angelos:
1823 4185 1928 4225 nec
1961 4185 2066 4242 po-

2177 3280 2276 3338 nia
2307 3295 2434 3352 qua:
2465 3277 2809 3350 narrabunt,
2842 3275 3136 3332 mirabilia
3165 3275 3266 3332 Dei
3298 3279 3458 3332 sunt.
3489 3275 3575 3332 Ad
3607 3274 3718 3331 hoc
3750 3290 3831 3330 re-

2177 3368 2351 3441 spicit
2379 3367 2534 3440 quod
2567 3365 2714 3423 dixit
2746 3383 2812 3423 :«
2845 3365 3199 3422 Annuntiate
3241 3365 3394 3422 inter
3421 3367 3624 3438 gentes
3655 3379 3835 3436 opera

2175 3458 2358 3530 ejus,-
2385 3461 2443 3513 et
2463 3455 2512 3512 si
2545 3455 2654 3512 hoc
2680 3454 2955 3524 feceritis,
2985 3471 3182 3512 revera
3211 3451 3558 3520 laudamini,
3578 3455 3636 3510 et
3665 3449 3833 3510 illam

2175 3547 2408 3604 laudem
2440 3543 2617 3602 nolite
2647 3543 2967 3601 attribuere
2999 3543 3186 3615 vobis,
3219 3543 3322 3599 sed
3361 3563 3382 3593 ι
3413 3540 3747 3598 laudamini
3776 3541 3835 3596 in

2176 3635 2412 3692 nomine
2469 3637 2672 3690 saneto
2715 3633 2864 3706 ejus,
2892 3655 2920 3682 ››
2953 3631 3012 3688 id
3043 3636 3132 3688 est
3186 3636 3252 3688 ut
3299 3631 3370 3688 de
3417 3635 3612 3688 vestra
3654 3627 3836 3687 laude

2176 3741 2389 3781 nomen
2420 3721 2650 3778 Domini
2682 3726 2740 3779 et
2770 3720 3106 3794 amplietur,
3129 3724 3185 3776 et
3209 3719 3530 3793 gloriosum
3556 3719 3838 3776 ostenda-

2174 3818 2290 3869 tur.
2315 3814 2385 3870 Et
2412 3811 2495 3867 ita
2523 3811 2653 3868 dico
2677 3832 2706 3862 «
2735 3809 2796 3867 in
2836 3810 3075 3866 romine
3123 3813 3326 3866 sancto
3373 3809 3523 3881 ejus,
3553 3829 3576 3857 ι
3601 3806 3834 3863 scilicet

2179 3925 2200 3953 ιο
2237 3901 2476 3975 quaerite
2505 3899 2842 3968 Dominum,
2867 3923 2888 3952 ι
2921 3916 3036 3954 non
3068 3901 3566 3954 remuneratorem
3594 3895 3663 3952 in
3691 3901 3834 3952 tem-

2175 3991 2494 4064 poralibus,
2528 3988 2631 4045 sed
2663 3992 2726 4044 ut
2777 3989 3037 4062 seipsum
3089 3987 3292 4044 reddat
3345 3985 3508 4042 vobis
3566 3986 3832 4060 pretium

2171 4076 2614 4136 vestri'laboris.
2637 4077 2706 4132 Et
2735 4077 2843 4132 hoc
2875 4075 3046 4132 facite
3068 4091 3204 4132 cum
3235 4073 3437 4130 laetitia
3460 4091 3473 4130 :
3498 4072 3694 4131 ethoc
3724 4077 3834 4140 est,

2178 4191 2201 4220 α
2237 4167 2465 4226 laetetur
2508 4184 2608 4224 cor
2633 4185 2659 4218 ι»
2701 4165 2968 4238 quamvis
3005 4181 3140 4222 caro
3191 4163 3462 4221 molestia
3507 4161 3835 4236 afﬂigatur,

417 4255 534 4307 test
559 4250 760 4322 aliqua
789 4268 907 4308 una
929 4268 1066 4308 voce
1087 4269 1195 4309 vox
1223 4253 1326 4309 illa
1347 4255 1719 4326 interpretari
1743 4273 1756 4310 :
1781 4261 1840 4312 et
1867 4257 1926 4312 in
1957 4256 2066 4314 hac
2174 4274 2342 4314 mens
2399 4261 2596 4312 tamen
2635 4275 2657 4306 ι
2699 4254 3084 4328 quaerentium
3143 4253 3458 4310 Dominum
3509 4271 3538 4306 ι
3573 4251 3838 4322 laetetur,

417 4357 554 4398 voce
585 4339 820 4397 alleluia
850 4339 1185 4398 continetur
1215 4345 1530 4415 utrumque
1549 4347 1608 4399 et
1627 4361 1840 4400 nomen
1861 4345 1984 4414 Dei,
2011 4349 2070 4402 et
2175 4369 2203 4399 α
2235 4345 2482 4414 Quaerite
2530 4343 2844 4401 Dominum
2887 4363 2914 4399 η
2963 4343 3113 4412 dico,
3154 4364 3180 4397 (ι
3221 4346 3279 4399 et
3327 4340 3778 4400 conﬁrmamini
3803 4358 3832 4393 ι

415 4430 547 4487 laus
581 4445 594 4486 :
627 4445 733 4485 nec
763 4427 1128 4503 simpliciter,
1163 4431 1264 4486 sed
1307 4447 1442 4486 cum
1473 4431 1877 4489 exsultatione.
1903 4435 2065 4500 Quod
2173 4435 2484 4508 quaerendo
2514 4449 2674 4506 eum,
2697 4438 2762 4489 ut
2798 4449 2986 4504 neque
3032 4449 3212 4502 mors,
3239 4447 3428 4504 neque
3472 4431 3592 4512 vita
3643 4427 3842 4504 possit

415 4517 577 4588 dicit,
601 4537 678 4588 IA,
702 4535 915 4575 nomen
937 4518 1169 4575 Domini
1190 4522 1312 4608 est;
1339 4519 1491 4591 quod
1519 4519 1660 4575 dicit
1679 4539 1912 4592 ALLELU,
1945 4522 2066 4578 lau-
2093 4543 2141 4608 D
2173 4543 2275 4607 vos
2313 4541 2584 4596 separare
2614 4541 2648 4578 δ.
2689 4522 2972 4578 charitate
3011 4521 3227 4578 Christi
3261 4521 3433 4595 (Rom.
3457 4523 3602 4590 Vin),
3629 4525 3697 4577 et
3744 4517 3840 4575 hic

417 4609 550 4665 dem
579 4625 714 4664 cum
745 4607 1130 4666 exsultatione
1173 4607 1462 4681 designat.
1496 4607 1837 4683 Cuicunque
1867 4617 2061 4668 autem

416 4696 644 4769 psalmo
665 4697 800 4753 talis
821 4696 1030 4752 titulus
1052 4696 1468 4768 praescribitur,
1487 4698 1545 4753 in
1566 4716 1633 4754 eo
1656 4701 1807 4755 facta
1822 4701 1922 4756 Dei
1946 4700 2066 4756 lau-

415 4783 633 4840 debilia
657 4785 1047 4840 continentur.
1070 4785 1132 4840 In
1164 4785 1274 4842 hoc
1303 4791 1497 4842 autem
1521 4787 1747 4860 psalmo
1768 4791 2065 4846 continen-

415 4878 513 4930 tur
540 4873 858 4929 laudabilia
885 4890 1060 4945 opera
1089 4873 1208 4941 Dei,
1234 4893 1360 4948 quze
1391 4881 1449 4932 et
1472 4878 1717 4934 materia
1745 4883 1886 4934 sunt
1915 4879 2065 4951 psal-

414 4963 518 5019 mi.
549 4965 686 5030 Quze
715 4961 766 5018 si
797 4963 1191 5032 attendamus,
1225 4964 1408 5020 Deum
1446 4966 1711 5022 omnium
1743 4973 2060 5024 creatorem

413 5071 549 5110 cum
583 5052 840 5108 maxima
870 5051 1257 5108 exsultatione
1284 5053 1678 5126 laudabimus,
1697 5061 1754 5112 et
1783 5057 1905 5114 haec
1935 5074 2059 5113 om-

414 5142 514 5198 nia
543 5141 828 5198 beneﬁcia
860 5141 994 5196 fecit
1025 5141 1178 5198 Deus
1208 5140 1293 5197 illi
1323 5143 1537 5216 populo
1569 5147 1634 5200 ut
1664 5162 1766 5217 per
1793 5146 1912 5201 haec
1942 5162 2062 5200 om-

416 5231 514 5289 nia
543 5233 939 5288 commoneret
983 5235 1041 5288 et
1092 5231 1363 5288 invitaret
1409 5223 1528 5289 eos'
1557 5234 1630 5288 ad
1679 5235 2059 5306 quzsrendum

414 5335 548 5376 eum
579 5319 983 5392 spiritualiter,
1015 5319 1169 5378 sicut
1197 5321 1257 5376 in
1290 5320 1498 5378 ultimo
1527 5339 1698 5378 versu
1725 5323 1905 5379 dicit:
1945 5357 1968 5376 ,ι
1989 5324 2062 5382 Ut

415 5408 749 5464 custodiant
786 5408 1242 5481 justiﬁcationcs
1279 5411 1428 5483 ejus,
1463 5414 1520 5466 et
1565 5409 1748 5484 legem
1801 5413 1930 5485 ejus
1980 5429 2061 5469 re-

416 5495 671 5565 quirant.
700 5520 721 5548 ι
757 5497 828 5552 Et
874 5495 1010 5552 inde
1056 5498 1220 5570 ponit
1250 5499 1711 5555 admonitionem
1761 5500 1819 5555 in
1870 5502 2062 5572 prima

365 5639 375 5646 ,
415 5587 600 5658 parte,
625 5588 690 5642 ut
707 5601 912 5644 omnes
931 5583 1136 5644 moniti
1164 5603 1267 5662 per
1288 5587 1410 5647 hac
1429 5588 1754 5663 corporalia
1780 5589 2062 5652 beneﬁcia

2171 4613 2524 4671 determinat
2547 4611 2836 4684 quomodo
2857 4615 3120 4684 oporteat
3141 4609 3344 4682 quaeri,
3367 4608 3568 4665 dicens
3592 4625 3652 4664 ει(
3679 4612 3843 4674 Quaa-

2173 4704 2280 4760 rite
2312 4703 2519 4758 faciem
2549 4702 2678 4772 ejus
2709 4715 2961 4772 semper,
2989 4725 3011 4753 ι
3038 4699 3096 4754 id
3128 4703 3218 4755 est
3237 4703 3304 4754 ut
3329 4698 3424 4754 hic
3448 4697 3838 4771 praesentiam

2171 4789 2520 4866 cognitionis
2541 4790 2670 4861 ejus
2696 4788 2982 4858 habeatis,
3003 4793 3061 4844 et
3084 4788 3319 4844 tandem
3343 4785 3489 4843 facie
3509 4785 3584 4842 ad
3617 4787 3839 4842 faciem

2170 4881 2436 4938 videatis.

2247 4993 2273 5020 «
2306 4971 2674 5026 Mementote.
2701 4989 2726 5017 ››
2753 4967 2894 5022 Pars
2923 4966 3182 5022 secunda
3212 4983 3226 5022 :
3262 4966 3420 5035 Dico,
3445 4985 3477 5017 α
3507 4964 3835 5038 quaerite,»

2171 5065 2228 5116 et
2257 5059 2326 5116 ad
2359 5059 2469 5114 hoc
2492 5062 2555 5112 ut
2583 5055 2857 5128 quaeratis
2883 5077 2908 5108 (ι
2930 5059 3281 5111 mementote
3303 5052 3672 5110 mirabilium
3703 5055 3841 5126 ejus

2170 5166 2297 5222 qua:
2345 5146 2480 5203 fecit
2505 5146 2658 5216 (Gen.
2682 5163 2739 5200 χι
2763 5152 2815 5200 et
2841 5147 2956 5214 xx),
2986 5166 3008 5193 ρ
3041 5142 3220 5198 veluti
3271 5143 3426 5215 quod
3476 5145 3687 5214 patres
3736 5157 3842 5198 ve-

2169 5242 2320 5294 stros
2352 5236 2616 5292 Rubrum
2647 5251 2806 5290 mare
2845 5233 2998 5290 sicco
3028 5231 3271 5304 vestigio
3301 5230 3554 5289 transire
3580 5229 3758 5302 fecit,
3783 5231 3842 5287 et

2175 5348 2197 5377 α
2232 5325 2500 5400 prodigia
2541 5324 2690 5396 ejus,
2714 5343 2740 5374 η
2768 5321 2946 5379 veluti
2977 5321 3151 5396 signa
3178 5338 3306 5394 quae
3354 5319 3490 5377 fecit
3536 5318 3842 5393 Egyptiis

2169 5415 2360 5491 (Exod.
2384 5415 2461 5487 1x)
2493 5431 2596 5487 pro
2627 5411 2892 5485 patribus
2925 5411 3070 5478 illis;
3099 5433 3121 5462 ι
3148 5413 3204 5467 et
3225 5410 3454 5482 judicia
3480 5408 3603 5464 oris
3637 5409 3836 5481 ejus,-

2169 5507 2227 5562 id
2249 5509 2356 5574 est,
2373 5506 2658 5577 praecepta
2678 5501 2848 5573 legis,
2861 5517 2988 5572 quae
3009 5499 3145 5556 licet
3165 5499 3396 5572 Moyses
3411 5497 3696 5566 dixisset,
3718 5515 3842 5554 non

2170 5600 2364 5654 tamen
2395 5595 2536 5652 sunt
2564 5589 2902 5667 accipienda
2921 5587 3090 5666 quasi
3120 5607 3154 5646 a
3184 5588 3402 5667 Moyse,
3424 5587 3526 5644 sed
3545 5577 3742 5664 Quasi
3772 5603 3845 5647 ex
