4080 6180
233 329 349 401 3‘53

1425 340 1922 402 EXPLANATl'O
1967 342 2045 402 ΙΝ
2090 342 2467 404 l‘SALMOS.

3527 347 3643 407 551

232 489 328 528 ore
360 470 550 545 ipsius
582 470 681 527 Dei
709 488 720 526 ε
745 470 794 526 si
826 472 959 543 quis
980 472 1135 529 enim
1168 472 1267 527 Dei
1301 473 1584 528 beneﬁcia
1606 472 1886 541 attendat,
1916 472 1971 540 Α
2001 475 2115 541 tur,
2140 478 2207 529 ut
2237 477 2356 530 tam
2389 475 2558 546 pauci
2588 475 2650 529 in
2688 479 2852 532 tanta
2888 476 3539 545 terradominanemur,
3567 476 3654 535 V39

232 559 622 638 spiritualiter
651 559 922 631 quaesivit
952 564 1009 616 et
1038 562 1086 615 ei
1117 557 1175 615 in
1209 562 1322 616 ﬁde
1351 561 1603 617 servivit.

300 650 390 705 Ita
414 654 473 705 et
493 666 594 705 vos
612 650 800 705 facere
824 650 1176 718 debetis,vos
1199 648 1327 705 dico
1350 674 1375 699 α
1402 668 1603 706 semen
1624 650 1887 717 Abrahae,

231 738 381 794 servi
414 739 564 811 ejus,
595 760 615 788 ι»
644 741 700 793 et
747 738 927 793 etiam
959 761 983 791 α
1016 739 1117 793 ﬁlii
1148 740 1349 805 Jacob,
1374 738 1540 794 electi
1589 740 1747 810 ejus;
1770 760 1796 792 υ
1833 744 1890 795 et

230 827 309 882 ita
339 827 391 883 si
422 844 525 883 vos
577 826 802 883 similes
833 827 1015 883 Jacob
1051 828 1279 883 fueritis
1328 828 1481 883 inter
1527 828 1739 883 electos
1786 827 1885 883 Dei

230 916 554 989 ponemini.

300 1006 437 1061 ldeo
469 1006 646 1061 etiam
678 1009 1053 1073 mementote,
1090 1006 1231 1078 quia
1258 1027 1294 1058 κα
1324 1006 1448 1078 ipse
1474 1029 1495 1055 ι)
1529 1009 1619 1061 est
1641 1028 1668 1056 ‹‹
1700 1005 1889 1061 Domi-

234 1111 344 1149 nus
372 1083 533 1149 Deus
565 1097 791 1162 noster;
821 1117 842 1143 ι
880 1098 939 1149 et
966 1093 1119 1163 ideo,
1141 1095 1283 1166 quia
1306 1119 1330 1144 α
1352 1094 1579 1165 judicia
1610 1094 1758 1165 ejus,
1779 1118 1801 1144 ι»
1829 1094 1886 1148 id

234 1187 319 1239 est
333 1185 624 1254 praecepta
641 1182 769 1253 ejus
787 1186 927 1237 sunt
949 1181 1248 1238 notiﬁcata
1265 1204 1290 1235 α
1306 1182 1366 1237 in
1387 1182 1655 1237 universa
1675 1187 1882 1249 terra”

232 1270 409 1328 veluti
438 1286 544 1343 per
573 1270 873 1326 Christum
906 1274 963 1326 et
993 1270 1287 1343 apostolos
1314 1270 1500 1343 ipsius
1529 1269 1887 1342 completum

231 1365 337 1427 est,
372 1358 529 1415 sicut
569 1362 627 1414 et
669 1358 793 1431 ipse
827 1358 1139 1414 Psalmista
1171 1358 1313 1415 dicit
1343 1359 1513 1430 (Psal.
1535 1357 1731 1429 xvui):
1765 1376 1793 1408 α
1824 1357 1886 1412 lu

228 1450 378 1504 ﬁnes
407 1447 569 1504 orbis
600 1451 764 1503 terra:
794 1447 972 1503 verba
1002 1463 1225 1502 eorum.
1254 1470 1276 1496 ι

302 1537 699 1609 Ideo-quoquc
747 1539 1119 1603 mementote,
1144 1534 1337 1607 quiau
1376 1552 1602 1590 memor
1632 1535 1742 1589 t'uit
1767 1558 1787 1583 ι
1828 1534 1887 1589 in

228 1627 359 1698 ipsa
388 1624 729 1697 impletione
756 1648 777 1675 ι
806 1624 1140 1680 testamenti
1174 1624 1265 1679 sui
1294 1647 1316 1674 ο
1353 1624 1512 1680 illius
1543 1623 1888 1696 promissio-

226 1715 324 1769 nis
354 1730 535 1787 quam
565 1713 703 1770 fecit
720 1713 985 1782 Abrahte,
1018 1713 1218 1769 dicens
1248 1730 1296 1768 τα
1324 1714 1453 1768 Tibi
1486 1714 1637 1769 dabo
1670 1718 1886 1768 terram

232 1803 380 1859 lacte
400 1807 458 1858 et
477 1802 652 1858 melle
675 1802 958 1859 ﬂuentem
975 1801 1164 1873 (Exod.
1184 1801 1360 1873 xm),n
1378 1818 1506 1875 qua:
1526 1807 1682 1858 terra
1703 1804 1890 1876 ﬁgura

226 1892 343 1947 fuit
360 1896 528 1949 terra:
546 1891 874 1947 viventium
898 1907 912 1945 :
938 1907 1064 1963 qua:
1095 1890 1406 1964 promissio
1430 1892 1487 1946 in
1510 1893 1698 1964 ﬁgura
1723 1908 1884 1947 com-

222 1979 387 2053 pleta
414 1980 547 2049 fuit,
576 1981 812 2053 quando
844 1983 1048 2035 nostra
1077 1979 1419 2036 humanitas
1452 1979 1511 2034 in
1541 1979 1768 2035 Christo
1798 1995 1887 2034 ve-

226 2086 356 2125 ram
385 2070 651 2140 requiem
673 2068 948 2135 obtinuit,
971 2072 1029 2124 et
1058 2085 1162 2141 per
1190 2068 1387 2141 ipsum
1410 2069 1535 2140 jam
1567 2068 1885 2124 imitatores

225 2158 498 2226 Abrahae,
524 2158 581 2213 id
603 2161 694 2212 est
716 2156 887 2228 justi,
914 2156 1122 2213 saltem
1154 2175 1256 2230 spe
1286 2158 1490 2213 eadem
1523 2157 1722 2229 requie
1752 2161 1886 2212 uta-

229 2246 398 2314 mini,
433 2245 784 2302 testamendi
823 2246 953 2302 dico
999 2246 1263 2301 mansuri
1297 2270 1323 2296 ‹‹
1358 2246 1418 2301 in
1449 2246 1748 2315 saiculum,
1776 2269 1804 2296 υ
1828 2246 1885 2300 id

227 2338 318 2390 est
338 2333 708 2389 eeternaliter.
736 2332 961 2390 Fideles
986 2334 1143 2390 enim
1174 2334 1301 2390 sine
1331 2335 1701 2391 successione
1723 2334 1886 2390 illam

222 2427 450 2478 terram
474 2423 880 2496 possidebunt,
905 2424 1242 2479 testamenti
1264 2423 1414 2491 dico,
1437 2424 1658 2480 scilicet
1680 2424 1887 2479 «verbi

220 2513 389 2584 quod
414 2535 445 2562 υ
467 2512 754 2568 Dominus
776 2535 805 2563 ‹‹
832 2512 1148 2581 mandavit,
1176 2534 1204 2561 ››
1230 2512 1287 2568 id
1310 2518 1400 2569 est
1420 2513 1758 2569 hominibus
1778 2518 1883 2568 tra-

220 2601 399 2668 didit,
435 2602 785 2657 ducaturam
809 2624 837 2651 «
872 2601 933 2656 in
985 2601 1142 2656 mille
1191 2604 1613 2674 generationes,
1643 2625 1669 2650 »
1703 2603 1759 2656 id
1799 2607 1889 2657 est

228 2706 489 2763 semper,
524 2690 757 2746 ﬁnitum
788 2707 1001 2746 nomen
1035 2707 1139 2763 pro
1172 2691 1421 2745 inﬁnito.
1450 2692 1570 2763 Vel,
1599 2716 1619 2741 ιι
1653 2691 1834 2759 verbi,
1859 2714 1887 2739 ››

224 2779 288 2833 id
323 2783 416 2833 est
451 2780 722 2851 praecepti
753 2779 1021 2847 Abrahae,
1046 2797 1183 2835 cum
1214 2781 1359 2835 dixit
1391 2796 1448 2834 τα
1473 2781 1572 2836 Exi
1620 2781 1690 2835 de
1738 2786 1892 2837 terra

232 2872 357 2937 tua,
379 2871 438 2923 et
469 2867 539 2922 de
590 2869 935 2940 cognatione
974 2872 1077 2924 tua
1101 2868 1254 2938 (Gcn.
1287 2874 1409 2939 xu),
1433 2889 1459 2920 ι»
1489 2870 1641 2941 quod
1675 2886 1889 2941 pI‘IBCO-

233 2961 405 3029 ptum
429 2957 489 3011 in
513 2957 861 3030 signiﬁcato,
878 2963 1075 3014 manet
1092 2982 1119 3008 ‹‹
1146 2959 1203 3012 in
1226 2958 1385 3013 mille
1406 2958 1810 3031 generationes
1837 2975 1889 3014 ε»

232 3045 313 3100 ibi
347 3045 512 3100 enim
546 3045 929 3119 spiritualiter
947 3047 1225 3103 omnibus
1245 3047 1516 3103 ﬁdelibus
1536 3052 1890 3119 prwceptum

232 3137 322 3191 est
351 3135 512 3190 exire
551 3135 621 3192 de
670 3135 1007 3192 terrenitate
1055 3155 1163 3193 sua
1206 3141 1263 3192 et
1313 3136 1724 3193 clandimentis
1773 3155 1891 3193 sua:

222 3223 617 3298 cognitionis.

300 3313 670 3369 Testamenti
728 3314 930 3384 dico,«
964 3315 1119 3387 quod
1165 3339 1186 3366 ιι
1231 3315 1356 3387 ipse
1403 3338 1424 3366 σι
1469 3316 1760 3390 disposuit
1816 3318 1889 3372 ad

232 3402 558 3472 Abraham,
592 3407 649 3459 et
672 3426 696 3453 ο
730 3420 957 3460 memor
984 3404 1095 3460 fuit
1120 3424 1144 3452 α
1167 3405 1491 3476 juramenti
1525 3407 1636 3476 sui,
1668 3430 1688 3456 ο
1715 3407 1771 3461 id
1803 3411 1894 3462 est

224 3491 445 3559 ﬁrmat,
482 3497 540 3547 et
572 3508 707 3547 cum
744 3493 1080 3564 juramento
1112 3494 1543 3565 promissionis,
1566 3495 1621 3551 id
1655 3499 1745 3551 est
1776 3496 1889 3550 im-

234 3580 549 3636 mutabilis
581 3582 743 3637 facta:
766 3604 793 3632 «
826 3582 898 3637 ad
932 3582 1153 3650 Isaac,»
1176 3583 1274 3638 ubi
1307 3582 1451 3638 dixit
1478 3584 1529 3638 ei
1562 3584 1846 3640 Dominus
1875 3601 1889 3639 :

235 3693 261 3717 «
298 3670 367 3725 ln
404 3669 567 3726 Isaac
596 3670 898 3726 vocabitur
924 3671 1031 3727 tibi
1064 3688 1263 3728 semen
1286 3672 1436 3745 (Gen.
1470 3677 1606 3742 xm).
1633 3696 1661 3723 ››

306 3783 335 3811 «ε
364 3760 437 3814 Et
460 3759 606 3814 illud
633 3785 655 3814 ι
684 3763 1103 3816 testamentum
1127 3785 1154 3811 «
1179 3763 1385 3818 statuit
1414 3762 1471 3816 in
1493 3763 1728 3833 Jacob,»
1756 3764 1895 3834 quia

234 3848 511 3904 eamdem
531 3848 985 3921 promissionem
1007 3849 1143 3906 fecit
1170 3852 1351 3907 Jacob
1379 3851 1461 3906 ita
1483 3853 1635 3924 quod
1666 3857 1824 3908 esset
1842 3852 1894 3908 ei

239 3963 258 3987 -
283 3938 343 3993 in
384 3944 802 4011 praeceptum,»
827 3939 1071 4009 scilicet,
1096 3944 1161 3995 ut
1188 3945 1423 4013 propter
1450 3941 1611 3997 illam
1644 3942 1894 4014 promis-

232 4027 467 4083 sionem
501 4026 744 4082 serviret
781 4027 919 4099 Dco,
947 4028 1114 4100 quasi
1157 4045 1260 4100 per
1297 4033 1653 4100 praeceptum
1682 4029 1806 4097 Dei,
1839 4033 1898 4085 et

234 4134 334 4188 per
362 4116 562 4189 legem
594 4120 961 4186 moneretur;
990 4137 1018 4169 α
1038 4120 1095 4172 et
1124 4116 1322 4189 Israel,
1345 4139 1372 4165 ››
1395 4116 1452 4171 id
1486 4121 1575 4172 est
1602 4116 1715 4188 ipsi
1747 4118 1896 4173 facto

232 4205 439 4273 Israel,
453 4206 513 4260 id
537 4210 627 4262 est
643 4204 849 4262 videns
868 4205 1060 4261 Deum
1081 4204 1571 4277 multiplicatione
1590 4204 1896 4278 virtutum,

222 4296 449 4353 statuit
468 4320 497 4347 ‹‹
520 4296 581 4352 in
608 4299 1029 4353 testamentum
1051 4300 1386 4366 a3ternum,»
1414 4295 1555 4367 quia
1586 4298 1898 4370 promissio

227 4384 334 4442 illa
362 4391 433 4444 et
460 4384 851 4442 immutabilis
879 4388 938 4441 et
967 4389 1181 4440 caterua
1215 4385 1331 4440 erit.
1355 4386 1646 4442 ﬁdelibus.

301 4498 331 4526 «ι
364 4474 701 4547 Disposuit,
721 4499 742 4524 ι
770 4474 997 4543 statuit,
1023 4473 1221 4531 dicens
1252 4491 1300 4530 ;‹‹
1326 4474 1456 4530 Tibi
1497 4476 1647 4533 dabo
1674 4482 1894 4534 terram

2001 562 2172 617 detur
2202 563 2397 635 potius
2445 565 2755 636 promissio
2798 566 2949 622 facta
2977 567 3049 622 de
3096 569 3252 622 terra
3294 564 3652 639 signiﬁcata,

1999 667 2177 722 quam
2209 652 2279 706 de
2311 654 2465 707 terra
2495 652 2614 708 illa.

2074 763 2101 788 ››
2122 742 2189 795 Et
2214 763 2240 787 υ
2266 732 2401 795 licet
2420 741 2787 812 promisisset
2808 742 2912 809 eis,
2932 746 3126 798 tamen
3143 742 3233 798 illi
3256 766 3284 793 ‹‹
3308 742 3653 815 pertransis-

2000 838 2185 883 runt»
2209 830 2426 901 quibus
2464 829 2593 902 ipsa
2632 830 2943 902 promissio
2972 832 3136 886 facta
3164 831 3303 899 .fuit,
3329 831 3457 907 sine
3478 831 3649 887 illius

1997 918 2404 989 promissionis
2436 920 2763 991 adeptione,
2791 942 2819 969 «
2853 920 2924 975 de
2962 923 3133 991 gente
3153 941 3182 971 »
3202 936 3329 975 una
3352 942 3374 972 ι
3400 920 3473 975 in
3492 936 3648 992 gem-

1996 1012 2113 1063 tem
2138 1029 2165 1057 ››
2190 1007 2434 1063 alteram
2460 1024 2473 1062 :
2499 1012 2609 1071 «et
2632 1031 2660 1058 ››
2684 1025 2799 1064 non
2830 1011 3061 1063 tantum
3087 1008 3291 1063 insano
3314 1024 3522 1081 regina,
3546 1008 3648 1064 sed

1999 1120 2027 1148 ‹‹
2061 1098 2131 1153 de
2152 1116 2178 1148 ο
2208 1114 2325 1152 uno
2348 1120 2375 1147 ‹‹
2402 1114 2577 1169 regno
2602 1097 2675 1151 ad
2706 1094 2989 1168 populum
3018 1095 3335 1153 altemmm
3360 1096 3475 1152 sivit
3489 1097 3647 1154 enirn

1994 1186 2290 1241 Abraham
2323 1186 2393 1241 de
2426 1188 2577 1241 terra
2598 1185 2885 1241 Chanaan
2928 1184 2989 1238 in
3037 1188 3254 1240 tenram
3303 1184 3651 1257 Egyptiyd

1998 1291 2131 1330 cum
2162 1275 2456 1330 Abraham
2486 1279 2543 1330 et
2586 1273 2706 1343 alii,
2740 1273 2957 1345 quibus
3004 1272 3109 1328 illa
3146 1272 3467 1345 promissio
3498 1272 3651 1329 fama

1999 1364 2127 1432 fuit,
2161 1368 2377 1419 terram
2407 1363 2760 1436 promissam
2808 1379 2926 1418 non
2970 1349 3323 1429 obtinerent,
3343 1364 3417 1416 ut
3454 1360 3649 1416 meum

1996 1453 2264 1508 dicamus
2295 1469 2558 1508 veraccm
2589 1450 3009 1523 in’promissis,
3028 1451 3109 1506 de
3139 1449 3471 1523 signiﬁcata
3497 1452 3653 1506 terna

1997 1541 2398 1614 intelligamus
2431 1539 2882 1612 promissionem
2911 1541 3130 1596 factam
3152 1538 3436 1595 maxime.

2070 1632 2138 1685 Et
2176 1647 2311 1685 cum
2364 1629 2809 1702 pcrtransirent,
2836 1651 2865 1677 «
2899 1645 3014 1683 non
3071 1626 3306 1699 reliquit
3348 1626 3650 1684 hominem

1994 1736 2207 1775 nocere
2234 1717 2337 1787 eis,
2363 1722 2419 1773 et
2441 1734 2606 1789 reges
2634 1740 2662 1767 ››
2686 1716 2788 1788 qui
2809 1715 3120 1773 voluerunt
3138 1714 3654 1772 aeistnoceremcor-

1991 1806 2179 1879 ripuit
2221 1823 2325 1878 pro
2356 1805 2462 1861 eis.
2494 1827 2521 1854 »
2550 1803 2714 1861 Sicut
2760 1804 3140 1871 Pharaonem,
3164 1802 3278 1875 qui
3318 1801 3651 1861 abstulerat

1996 1893 2239 1949 Abrahze
2271 1893 2473 1948 Saram
2499 1891 2650 1962 (Gen.
2673 1892 2870 1964 xx),.et
2884 1890 3245 1961 Abimelech,
3269 1890 3369 1962 qui
3388 1889 3649 1949 abstulit

1990 1984 2158 2039 .Isaac
2191 1982 2510 2038 Rebeccam
2537 1981 2690 2052 (Gen.
2718 1985 2896 2049 xxvr).

2068 2072 2277 2128 Dicens
2334 2070 2418 2126 eis
2479 2070 2760 2143 regibus:
2799 2091 2821 2119 α
2855 2068 3045 2124 Nolite
3100 2071 3339 2141 tangere
3390 2067 3648 2125 chrisma

1998 2177 2195 2217 meos:
2225 2183 2251 2209 ››
2270 2159 2395 2215 Non
2426 2158 2582 2231 quod
2616 2157 2700 2212 illi
2730 2156 3014 2213 haberent
3028 2154 3397 2213 materialem
3424 2156 3652 2214 nudiu-

1999 2270 2152 2318 nem,
2177 2250 2279 2306 sed
2313 2246 2677 2321 spiritualcm
2704 2263 2717 2301 :
2745 2267 2773 2297 «
2796 2249 2854 2301 et
2885 2244 3062 2301 nolite
3093 2243 3460 2317 malignari,»
3479 2244 3651 2302 idat

1990 2340 2253 2413 maligne
2285 2354 2455 2410 agere
2488 2360 2514 2386 ‹‹
2548 2335 2609 2390 in
2641 2333 2941 2408 prophetis
2967 2332 3136 2390 meis.
3162 2354 3192 2386 »

2072 2452 2098 2479 ‹‹
2124 2430 2194 2484 Et
2220 2426 2464 2494 vocavit,
2497 2448 2517 2474 η
2546 2425 2686 2480 Pars
2724 2422 2913 2479 tertia.
2936 2422 3069 2478 Haec
3098 2421 3253 2478 ~facit
3300 2421 3651 2495 patriaschis

1999 2523 2055 2574 et
2086 2516 2387 2590 prophetis
2420 2532 2433 2571 :
2462 2537 2489 2564 «
2515 2517 2623 2569 et»
2649 2512 2825 2568 etiam
2857 2515 3067 2585 prmter
3104 2511 3225 2567 haec
3248 2534 3276 2561 ‹‹
3310 2511 3649 2569 vocavitfa-

2000 2626 2176 2674 mem,
2206 2630 2232 2655 ››
2258 2604 2425 2677 quasi
2458 2601 2768 2670 famulum,
2799 2624 2825 2651 «
2850 2618 3027 2672 super
3050 2605 3272 2657 terram
3299 2622 3327 2649 ››
3350 2600 3647 2658 Chanaan.

1992 2699 2067 2753 Et
2099 2714 2201 2769 per
2232 2695 2393 2749 illam
2422 2695 2634 2748 famem
2659 2714 2685 2741 ‹‹
2712 2691 3179 2747 contrivitomne
3198 2690 3649 2747 ﬁrmamentum

2000 2785 2189 2859 panis,
2216 2807 2243 2832 »
2269 2782 2405 2855 quia
2450 2781 2620 2854 panis
2652 2779 2836 2836 defuit
2866 2779 2966 2851 qui
3011 2796 3110 2834 eos
3161 2778 3653 2836 cenﬁrmaretaEt

1990 2875 2109 2930 hoc
2128 2871 2383 2943 contigit
2412 2872 2471 2924 in
2506 2874 2768 2941 tempore
2795 2867 2977 2923 Jacob
3009 2868 3160 2940 (Gen.
3182 2868 3344 2940 aut).

1992 2980 1997 2983 ·
2072 2964 2140 3018 Et
2171 2966 2235 3016 ut
2264 2962 2335 3016 de
2363 2961 2516 3014 fame
2546 2957 2648 3013 an
2672 2955 3117 3026 illesliberaret,
3144 2978 3173 3008 α
3195 2955 3359 3012 misit
3385 2959 3521 3011 ante
3547 2972 3649 3013 eos

1999 3053 2212 3116 virum,
2241 3074 2260 3099 ι
2297 3048 2518 3104 scilicet
2558 3045 2798 3119 Joseph,
2833 3044 2933 3116 qui
2968 3068 2989 3095 α
3014 3043 3240 3117 .Josepb
3278 3044 3650 3102 venundatus

2002 3146 2091 3198 est
2120 3142 2178 3196 in
2211 3154 2443 3195 servum
2481 3159 2502 3186 ι
2540 3136 2600 3191 in
2628 3133 3040 3208 zEgypto(Gen.
3073 3132 3285 3207 xm).

1912 3215 1964 3282 Ε
2075 3231 2144 3286 Et
2174 3233 2313 3284 tunc
2341 3224 2565 3299 [Egypti
2599 3248 2626 3275 ‹‹
2655 3222 3113 3280 humiliaverunt
3158 3221 3220 3277 in
3254 3220 3654 3295 compedibus

2002 3321 2176 3393 pedes
2205 3317 2354 3389 ejus,
2381 3341 2402 3368 ι
2434 3312 2572 3387 quia
2614 3329 2758 3368 uxor
2789 3310 3011 3368 domini
3048 3310 3298 3383 suirqui
3320 3309 3654 3384 Pbutiplmr

1999 3408 2324 3475 dicebatur,
2345 3401 2628 3476 imposuit
2670 3400 3009 3457 illicrimen
3038 3399 3441 3472 adulterii,.ad
3489 3399 3646 3472 quod

2002 3496 2183 3570 impia
2212 3512 2346 3551 eum
2400 3508 2605 3565 cogere
2630 3489 2862 3547 volebat
2889 3489 3097 3563 (lbid.).
3126 3488 3284 3546 Licet
3318 3489 3492 3546 enim
3536 3487 3656 3545 huc

1992 3588 2182 3655 dicas,
2207 3590 2402 3641 tamen
2436 3600 2551 3639 non
2581 3585 2670 3637 est
2697 3578 3025 3636 contrarius
3046 3577 3501 3652 MoysiJoseph
3531 3576 3657 3648 qui-

1992 3679 2135 3733 dem
2193 3672 2413 3748 placuit
2458 3668 2728 3745 [principi
2776 3666 3073 3739 carceris,]
3102 3671 3160 3723 et
3214 3665 3472 3739 prafecit
3508 3680 3653 3721 eum

2004 3766 2135 3822 aliis
2157 3762 2421 3836 captivis,
2447 3759 2587 3832 quia
2608 3763 2923 3828 utrumque
2944 3756 3135 3828 potuit
3156 3754 3303 3823 ﬁeri,
3328 3756 3469 3809 etzaut
3488 3752 3654 3824 pains

2005 3856 2063 3910 in
2086 3851 2469 3925 compedibus
2495 3850 2825 3920 poneretur,
2852 3849 2911 3901 et
2938 3847 3141 3917 postea
3161 3840 3657 3899 carcerariocam-

2005 3945 2277 4019 placeret.
2314 3940 2377 3996 In
2428 3938 2528 3993 illa
2573 3935 2837 4007 captione
2868 3957 2897 3984 «
2930 3934 3169 4002 ferrum,
3201 3952 3233 3984 ι
3262 3930 3321 3985 id
3373 3933 3464 3987 est

2007 4017 2290 4100 anxietas,
2321 4054 2341 4080 ιι
2377 4024 2695 4101 pertransit
2734 4023 2992 4079 animam
3040 4023 3192 4094 ejus,
3223 4017 3661 4078 donecaeninet

2004 4123 2245 4180 verbum
2278 4120 2427 4190 ejus,
2454 4140 2483 4166 ››
2515 4115 2573 4170 id
2604 4116 2694 4171 est
2723 4114 2907 4170 donec
2935 4111 3206 4185 exposuit
3235 4108 3656 4182 somnia,.-ipse,

2006 4218 2203 4269 tamen
2236 4227 2353 4265 non
2385 4224 2454 4263 ex
2479 4222 2561 4261 se.

2079 4298 2495 4369 Dico,verbum
2517 4295 2645 4367 ejus
2674 4310 2791 4349 non
2814 4309 2884 4348 ex
2903 4308 2966 4348 se
2985 4289 3273 4364 exposuit,
3287 4289 3492 4347 vsedex
3514 4288 3654 4357 Deo,

2008 4398 2066 4451 et
2094 4380 2203 4447 hec
2233 4393 2342 4457 est,
2366 4410 2394 4437 ‹‹
2427 4383 2727 4457 eloquium
2782 4381 3014 4438 Domini
3061 4377 3452 4437 inﬂammavit
3498 4393 3658 4445 eum,

2010 4485 2069 4539 id
2101 4486 2191 4539 est
2221 4477 2466 4553 spiritus
2509 4472 2825 4548 prophetia:
2856 4469 3211 4527 illuminavit
3228 4467 3491 4525 summm

215 4562 541 4647 Chanaan,
566 4586 589 4613 »
616 4563 675 4617 id
706 4566 797 4619 est
830 4566 1049 4619 terram
1091 4563 1519 4636 promissionis,
1544 4584 1721 4638 quam
1753 4567 1896 4624 Cha-
1928 4588 1976 4651 Β
2009 4574 2092 4630 ita
2120 4567 2388 4642 exposuit
2408 4564 2712 4631 somnia,«
2737 4560 2901 4617 misit
2919 4577 3067 4651 rex,»
3094 4557 3469 4651 Pharao,«.et

220 4646 384 4709 naan
418 4652 576 4709 ﬁlius
598 4653 716 4708 Noe
738 4652 902 4725 prius
917 4652 1296 4709 inhabitavit.
1325 4654 1599 4711 Chanaan
1622 4657 1899 4729 interpre-
1928 4641 1971 4651 u
2007 4680 2143 4721 eum
2177 4641 2209 4711 »γ
2235 4677 2271 4714 a
2299 4660 2463 4712 reatu
2495 4654 2647 4723 (Gen.
2672 4654 2804 4720 xu),
2837 4666 2910 4705 ne
2940 4666 2975 4705 a
3011 4645 3248 4703 domino
3284 4661 3395 4701 suo
3426 4641 3659 4700 adnite-

226 4746 394 4797 tatur
424 4742 751 4797 descensus
771 4740 858 4797 vel
878 4740 1122 4798 humilis
1145 4757 1158 4795 :
1183 4741 1320 4798 inde
1342 4741 1483 4798 dicit
1507 4759 1519 4796 :
1541 4767 1569 4793 ‹‹
1594 4743 1723 4798 Tibi
1745 4745 1897 4801 dabo

226 4835 455 4887 terram
488 4830 828 4899 Chanaan,»
852 4829 908 4885 id
940 4836 1029 4887 est
1057 4835 1272 4897 terram
1305 4848 1432 4903 quae
1462 4850 1565 4904 per
1594 4832 1897 4890 humilita-

232 4924 350 4975 tem
382 4919 739 4991 acquiritur,
764 4919 874 4975 hoc
894 4924 1004 4988 est,
1028 4921 1324 4976 caelestem
1351 4921 1733 4978 Hierusalem.
1759 4924 1897 4978 Ter-

230 5026 359 5065 ram
394 5009 553 5078 dico,
580 5034 607 5060 ‹‹
643 5009 972 5088 funiculum
1013 5010 1367 5068 hzereditatis
1412 5017 1638 5080 vestrae,
1666 5036 1694 5061 »
1726 5012 1783 5067 id
1811 5018 1900 5069 est

214 5115 359 5175 qum
393 5099 686 5154 dividitur
715 5099 963 5173 singulis
990 5100 1265 5155 tribubus
1297 5119 1400 5173 per
1429 5101 1755 5158 funiculum
1782 5120 1793 5158 :
1821 5103 1902 5158 ita

224 5192 284 5242 et
312 5193 483 5243 terra
508 5188 837 5245 viventium
861 5190 1032 5262 quasi
1056 5190 1318 5246 funiculo
1350 5191 1743 5260 distribuitur,
1769 5191 1906 5263 quia

228 5276 567 5349 unicuique
598 5279 927 5333 secundum
960 5279 1405 5352 dispositionem
1439 5280 1560 5336 Dei.

296 5366 475 5422 Hanc
510 5370 729 5422 terram
752 5368 1043 5439 promisit.
1070 5393 1096 5419 ‹‹
1123 5386 1258 5424 cum
1287 5391 1314 5418 »
1340 5368 1421 5423 illi
1449 5369 1663 5441 quibus
1694 5372 1908 5442 promi-

223 5455 303 5509 sit
334 5478 363 5505 ‹‹
404 5458 614 5510 essent
669 5472 915 5512 numero
971 5458 1174 5513 brevi:
1226 5481 1254 5506 »
1284 5462 1342 5514 et
1390 5457 1473 5513 ita
1518 5460 1696 5528 brevi,
1749 5462 1905 5531 quod

223 5565 251 5591 α
279 5541 668 5616 paucissimi,
692 5548 749 5600 et
769 5544 969 5601 incola:
990 5546 1165 5618 ejus»
1192 5551 1382 5614 terrae,
1405 5547 1506 5619 qui
1530 5549 1698 5620 quasi
1727 5554 1909 5606 extra-

221 5633 320 5691 nei
355 5631 451 5690 ibi
483 5632 848 5693 habitabant.
879 5635 1026 5693 Cum
1057 5642 1254 5695 autem
1283 5637 1652 5714 impossibile
1682 5639 1907 5700 videre-

576 5766 851 5830 PATROL.
897 5767 1099 5834 CXVI.

2007 4753 2160 4809 rium
2210 4747 2295 4802 illi
2351 4746 2770 4817 imponeretur,
2793 4744 2851 4795 et
2909 4754 3025 4794 non
3071 4734 3334 4809 quilibet
3380 4750 3508 4804 arex,
3550 4731 3660 4789 sed

2009 4840 2343 4915 «princeps
2391 4832 2742 4908 pepulerum
2792 4852 2820 4881 »
2870 4827 3219 4896 multorum,
3248 4849 3278 4877 ι(
3318 4829 3378 4881 et
3425 4821 3663 4879 demisit

2007 4948 2142 4986 cum
2174 4953 2195 4978 ιο
2233 4943 2301 4982 ex
2330 4929 2450 4980 toto
2482 4922 2823 4977 liberorum.

2078 5020 2143 5074 Et
2178 5019 2309 5089 post
2332 5038 2359 5065 ‹‹
2383 5010 2687 5068 constituit
2710 5026 2845 5065 eum
2869 5008 3176 5063 dominum
3209 5006 3423 5061 domus
3453 5016 3572 5055 sua:
3588 5001 3662 5054 καὶ

2009 5106 2333 5180 principem
2358 5101 2552 5159 omnis
2583 5096 2972 5173 possessionis
3006 5114 3147 5152 sure.
3178 5118 3206 5144 »

2084 5197 2170 5252 Ad
2202 5194 2312 5251 hoc
2342 5217 2371 5243 ‹‹
2406 5196 2469 5247 ut
2497 5190 2755 5247 erudiret
2784 5186 3078 5259 principes
3106 5185 3235 5254 ejus
3264 5182 3418 5237 sicut
3446 5181 3659 5235 semet-

2019 5287 2265 5358 ipsum,»
2294 5283 2353 5338 id
2376 5286 2465 5338 est
2484 5277 2812 5351 Joseph,vel
2837 5276 3193 5331 Pharaonem
3213 5273 3286 5327 de
3306 5269 3663 5329 divinatione

2016 5375 2405 5436 somniorum,
2438 5393 2465 5420 α
2501 5374 2558 5425 et
2586 5392 2612 5417 ››
2643 5366 2817 5423 etiam
2853 5388 2877 5414 ιι
2913 5379 3082 5419 senes
3123 5363 3253 5435 ejus
3280 5383 3310 5413 »
3342 5359 3665 5419 reverenda

2018 5490 2047 5516 ‹‹
2082 5461 2449 5538 prudentiam
2494 5459 2726 5512 doceret
2757 5477 2785 5503 ››
2816 5452 3106 5518 eamdem,
3137 5455 3199 5507 ut
3237 5448 3454 5509 scirent
3472 5465 3666 5538 expo-

2018 5536 2153 5610 nere
2182 5548 2430 5608 somnia.
2457 5547 2679 5602 Pharao
2709 5544 2887 5612 enim,
2911 5559 3026 5597 non
3056 5541 3362 5601 attendens
3374 5537 3542 5612 quod
3560 5536 3670 5595 Jo-

2017 5643 2161 5718 seph
2199 5659 2269 5701 ex
2297 5638 2494 5698 divina
2542 5633 2922 5713 inspiratione
2971 5631 3081 5692 hoc
3124 5630 3389 5703 haberet,
3420 5627 3671 5706 putabat

3269 5759 3346 5822 18
