4080 6180
472 307 591 368 555
833 310 1246 372 HAYMONIS
1293 309 1839 372 HALBERSTAT.
1883 308 2129 372 EPISG.
2177 309 2350 372 OPP.
2396 308 2598 371 PARS
2642 309 2690 370 Ι.
2737 343 2814 352 -
2855 306 3260 370 COMMENT.
3302 310 3488 372 BlBL.
3694 321 3793 380 556

463 441 624 514 quod
653 458 724 499 ex
749 441 1018 516 humano.
1038 442 1271 514 ingenio
1309 441 1421 498 hoc
1458 441 1718 512 haberet,
1751 446 1810 498 ct
1838 441 1984 498 alios
2013 443 2114 498 do-
2143 445 2201 512 Α
2231 441 2512 499 beneﬁcia
2540 442 2692 498 facta
2717 441 2958 498 Judaais.
2986 441 3081 498 Sic
3111 443 3387 514 percussit
3411 445 3687 519 IEgyptios,
3708 475 3731 500 ιι
3751 459 3799 509 et

466 545 596 586 cere
621 533 841 602 posset.
2225 548 2347 600 eos,
2374 553 2401 580 ››
2423 530 2481 586 id
2529 535 2640 597 est,
2665 548 2824 599 suos,
2858 531 2958 602 qni
3009 530 3216 602 captivi
3261 533 3330 587 ab
3375 533 3628 606 {Egyptiis
3667 541 3801 594 tene-

535 619 822 675 Dominus
852 619 1018 675 misit
1043 619 1282 692 Joseph,
1312 643 1332 668 α
1369 625 1426 676 et
1461 644 1488 668 ››
1521 639 1625 694 per
1663 639 1798 676 eum
1821 646 1846 671 α
1881 621 2120 676 intravit
2227 621 2462 690 bantur,
2489 643 2518 670 «
2547 619 2750 675 eduxit
2781 643 2808 668 υ
2842 620 2913 675 de
2963 620 3204 693 /Egypto
3238 643 3265 671 (ι
3304 639 3430 676 cum
3470 640 3596 679 auro
3638 629 3688 680 et
3725 644 3802 682 ar-

465 706 641 764 lsrael
682 706 744 763 in
792 709 1104 782 {Egyptum
1137 710 1288 782 (Gen.
1323 714 1492 778 XLVI),
1518 709 1576 765 id
1625 715 1716 764 est
1765 710 2120 766 Israeliticus
2227 713 2425 780 gente,
2450 731 2476 756 »
2500 708 2640 780 quia
2667 725 2804 764 vasa
2852 713 3130 780 argentea
3156 713 3214 763 et
3249 725 3416 764 aurea
3457 711 3524 766 ab
3566 713 3806 786 Egyptiis

463 795 740 869 populus,
756 817 786 848 ιι
803 801 862 854 et
884 798 1065 852 Jacoh
1089 799 1285 854 accola
1309 798 1418 852 fuit
1436 798 1497 853 in
1517 803 1671 854 terra
1691 800 1868 855 Cham
1893 823 1919 850 »
1941 815 2118 870 quam
2229 801 2686 868 asportaverant,
2713 814 2838 869 qua)
2868 798 2941 851 ab
2963 797 3108 868 ipsis
3133 802 3409 870 praecepto
3437 799 3645 854 Domini
3671 810 3810 858 erant

465 884 648 942 Cham
680 885 838 942 ﬁlius
869 885 989 942 Noe
1019 887 1186 958 prius
1210 887 1512 943 habitavit.
2230 885 2502 941 mutuati.
2539 885 2736 940 Noluit
2757 903 2884 940 eam
2909 885 3195 942 Dominus
3215 889 3280 940 ut
3298 885 3534 958 populus
3557 905 3684 944 suus
3710 907 3812 962 pre-

536 997 565 1025 «
587 976 660 1032 Et
679 997 710 1024 »
741 974 824 1030 ibi
861 997 891 1026 ι(
919 975 1081 1030 auxit
1137 975 1420 1048 populum
1469 993 1645 1032 suum
1693 977 2068 1032 vehementer
2090 998 2118 1024 ››
2233 974 2380 1029 tium
2409 991 2528 1030 sua:
2558 973 2858 1030 servitutis
2899 973 3259 1030 amitteretm
3282 975 3350 1030 Et
3377 992 3485 1031 non
3515 982 3628 1031 erat
3652 977 3704 1032 in
3729 979 3811 1034 tri-

2229 1063 2426 1120 bubus
2455 1080 2657 1119 eorum
2688 1062 2981 1132 inﬁrmus,
3004 1085 3032 1113 »
3067 1063 3222 1135 quod
3265 1062 3424 1120 valde
3462 1064 3703 1121 mirabile
3726 1067 3816 1122 fuit

2231 1153 2387 1224 quod
2413 1152 2474 1207 in
2506 1156 2670 1207 tanta
2698 1150 3077 1208 multitudine
3107 1150 3306 1208 nullus
3335 1151 3713 1209 inﬁrmaretur.

2301 1242 2372 1296 Et
2401 1245 2541 1296 tunc
2573 1263 2600 1290 «
2634 1241 2936 1313 zEgyptus,
2963 1263 2992 1290 »
3023 1240 3082 1296 id
3111 1243 3218 1310 est,
3262 1239 3343 1294 illi
3373 1239 3468 1312 qui
3511 1241 3566 1295 in
3593 1242 3816 1314 rEgypto,

2231 1333 2654 1396 remanserant,
2677 1352 2705 1379 «
2741 1329 2935 1385 laetata
2963 1333 3054 1386 est
3101 1329 3160 1384 in
3201 1329 3542 1402 profectione
3584 1346 3820 1400 eorum,»

2231 1419 2714 1491 postquan‘i’suos
2744 1417 2805 1473 in
2837 1434 2999 1474 mare
3030 1416 3276 1490 periisse
3301 1418 3574 1490 cognovit.
3595 1418 3658 1472 Et
3673 1435 3822 1491 quare

2231 1507 2424 1562 laetata
2451 1507 2585 1562 est?
2606 1530 2634 1557 ‹‹
2665 1505 2814 1572 Quia
2863 1507 3038 1562 timor
3067 1523 3292 1574 eorum,
3315 1527 3344 1556 »
3377 1505 3590 1562 scilicet
3626 1506 3824 1562 Judaeu-

465 1068 757 1137 quantum
785 1065 859 1120 ad
893 1080 1230 1120 numerum.
1273 1065 1415 1122 Pars
1460 1069 1690 1137 quarta.
1720 1087 1741 1116 ι
1769 1065 1840 1120 Et
1868 1065 2124 1120 ﬁrmavit

462 1168 601 1210 eum
629 1169 807 1226 super
854 1151 1128 1209 inimicos
1158 1153 1308 1224 ejus,
1337 1176 1358 1202 ο
1385 1153 1525 1224 quia
1571 1153 1792 1211 invitus
1839 1153 2122 1226 {Egyptiis

463 1240 664 1297 eduxit
691 1257 834 1298 suos
863 1241 1039 1310 Deus,
1075 1247 1132 1297 et
1161 1241 1294 1298 illos
1323 1242 1531 1299 multis
1561 1243 1770 1299 afflixit
1798 1244 2012 1299 modis.

534 1351 564 1380 ‹‹
593 1329 667 1386 Et
695 1329 982 1386 convertit
1011 1347 1110 1386 cor
1129 1347 1333 1387 eorum
1358 1352 1385 1380 ››
1409 1331 1832 1405 ZEgypliorum,
1859 1354 1888 1384 «
1920 1337 1985 1387 ut
2006 1331 2125 1387 odi-

462 1421 594 1474 rent
618 1416 906 1492 populum
927 1419 1058 1490 ejus
1079 1419 1272 1492 (Exod.
1297 1422 1360 1492 ι),
1389 1443 1418 1470 ››
1439 1420 1498 1475 id
1529 1426 1620 1476 est
1646 1421 1768 1489 Dei,
1795 1445 1816 1470 α
1842 1427 1900 1476 et
1920 1421 2123 1477 dolum

463 1507 722 1564 facerent
750 1507 811 1563 in
843 1524 1043 1564 servos
1071 1509 1202 1580 ejus
1229 1532 1250 1560 ιι
1275 1508 1364 1565 vel
1386 1509 1585 1566 labore
1617 1511 2010 1582 aggravando,
2033 1507 2124 1565 vel

460 1595 716 1668 pretium
748 1596 1175 1654 subtrahendo.
2232 1613 2386 1667 rum,
2413 1618 2441 1646 «
2473 1595 2699 1650 incubit
2751 1599 2928 1668 Super
2985 1613 3106 1664 eos,
3131 1617 3159 1645 ››
3185 1595 3244 1650 id
3295 1600 3402 1663 est,
3435 1595 3684 1667 {Egyptos
3717 1612 3730 1649 :
3768 1595 3824 1650 ti-

531 1685 602 1740 Et
630 1683 770 1757 quia
797 1683 999 1741 dolum
1026 1685 1109 1742 ita
1139 1686 1454 1756 faciebant,
1477 1687 1606 1744 ideo
1630 1709 1659 1738 «
1692 1688 1854 1744 misit
1884 1689 2122 1760 Moysen
2232 1688 2509 1740 muerunt
2529 1683 2686 1740 enim
2709 1700 2780 1739 ne
2801 1683 3060 1739 redirent
3079 1683 3290 1752 Judaei,
3313 1688 3371 1739 et
3389 1699 3583 1740 omnes
3604 1681 3826 1740 residuos

461 1789 695 1884 servum
725 1791 950 1831 suum»
984 1776 1057 1831 ad
1095 1775 1471 1884 ‘Pharaonem
1495 1777 1702 1850 (Ibid.),
1740 1800 1769 1830 ‹‹
1799 1782 1857 1834 et
1902 1795 2006 1850 per
2034 1777 2121 1850 ip-
2151 1817 2202 1884 Β
2233 1772 2840 1884 Eg‘jiptiocciderent.

461 1877 596 1918 sum
623 1863 816 1920 Aaron
847 1881 1028 1937 quem
1059 1863 1257 1938 elegit.
1285 1887 1315 1915 ››
2152 1859 2202 1884 ”
2302 1863 2517 1918 Eduxit
2545 1861 2736 1934 (Exod.
2769 1863 2871 1930 x1),
2895 1865 2951 1916 et
2972 1884 3001 1912 «
3035 1861 3314 1934 expandit
3353 1861 3561 1916 nubem
3590 1859 3646 1916 in
3671 1861 3827 1932 prole-

533 1951 604 2006 Et
633 1970 656 2000 ι
682 1951 960 2024 posuitin
983 1951 1131 2022 eis,»
1159 1953 1219 2008 id
1239 1957 1330 2010 est
1360 1953 1419 2008 in
1452 1955 1648 2027 Moyse
1667 1960 1726 2012 et
1743 1957 1935 2011 Aaron
1965 1955 2122 2027 lega-
2231 1950 2540 2008 tectionem
2569 1967 2772 2006 eorum
2799 1973 2820 1999 ι
2848 1966 2966 2022 qua
3004 1955 3339 2022 protegeret
3374 1965 3471 2006 eos
3507 1954 3691 2006 contra
3715 1946 3828 2003 solis

461 2039 541 2094 tis
570 2039 720 2108 suis,
747 2061 777 2091 «
807 2039 984 2096 verba
1028 2041 1333 2113 signorum
1365 2059 1610 2098 suorum
1638 2047 1697 2098 et
1723 2043 2122 2116 prodigiorum
2230 2044 2463 2108 aestum,
2487 2045 2545 2094 et
2572 2037 2845 2094 inimicos
2871 2043 3218 2094 excaecaret:
3249 2059 3272 2088 α
3307 2043 3365 2094 et
3396 2061 3423 2088 υ
3447 2039 3623 2111 ipsam
3650 2035 3828 2092 nubem

461 2127 522 2182 in
552 2132 709 2184 terra
742 2128 980 2185 Chamm
1011 2129 1116 2186 Per
1145 2130 1278 2187 illos
1309 2131 1530 2204 legatos
1560 2149 1700 2188 suos
1728 2133 2123 2188 comminatus
2229 2128 2494 2185 eamdem
2541 2128 2790 2184 faciebat
2821 2149 2849 2178 ‹‹
2884 2127 3101 2200 ignem,
3138 2132 3203 2184 ut
3234 2127 3455 2184 luceret
3499 2127 3580 2184 eis
3621 2143 3712 2198 per
3749 2140 3830 2179 no-

460 2216 574 2272 fuit
588 2217 896 2290 Egyptiis,
913 2219 1069 2291 quod
1092 2219 1206 2274 nisi
1231 2219 1598 2277 dimitterent
1618 2221 1902 2294 populum
1922 2238 2120 2291 suum,
2231 2222 2406 2274 ctem.
2427 2239 2456 2268 »

461 2303 678 2362 faceret
708 2305 768 2361 in
802 2305 888 2362 eis
918 2296 1110 2380 signa,
1133 2307 1292 2362 velut
1318 2309 1609 2378 tenebras,
1640 2314 1698 2365 et
1726 2309 1842 2366 alia
1871 2309 2120 2379 minora,
2303 2327 2333 2356 α
2361 2306 2659 2362 Petierunt
2688 2328 2716 2357 »
2749 2306 2927 2362 etiam
2970 2322 3176 2363 carnes
3195 2305 3392 2378 (Exod.
3421 2307 3603 2375 xv1),«
3629 2308 3682 2360 et
3702 2300 3832 2358 venit

459 2396 519 2448 et
564 2393 834 2468 prodigia
879 2396 952 2451 de
999 2396 1292 2453 occisione
1343 2397 1892 2472 primogenitorum,
1929 2403 1988 2454 et
2033 2404 2120 2454 ta-
2231 2395 2518 2464 coturnix,
2541 2399 2600 2450 et
2628 2411 2778 2466 pane
2821 2395 2950 2450 caeli
2999 2395 3292 2451 saturavit
3319 2411 3438 2463 eos,
3464 2415 3492 2445 ››
3523 2408 3720 2448 manna
3757 2405 3831 2444 ve-

459 2481 630 2538 lium.
2232 2482 2430 2538 niente
2460 2484 2532 2539 ab
2562 2499 2714 2538 aere.
2739 2483 2958 2539 Manna
2979 2483 3254 2540 nominat
3285 2483 3518 2540 nomine
3546 2478 3835 2554 signiﬁcati,

531 2570 791 2629 Minatus
820 2573 934 2628 fuit
971 2591 1076 2646 per
1125 2573 1254 2630 illos
1309 2577 1498 2647 signa,
1532 2580 1590 2631 et
1619 2576 1952 2650 complevit,
1985 2577 2124 2649 quia
2231 2573 2288 2626 id
2323 2576 2432 2643 est,
2463 2572 2700 2640 Christi,
2738 2571 2838 2644 qui
2867 2588 3000 2628 vere
3028 2576 3119 2628 est
3145 2573 3324 2645 panis
3353 2571 3499 2627 cceli.
3531 2571 3597 2626 de
3623 2585 3724 2641 quo
3751 2583 3834 2640 pa-

465 2681 489 2710 ι
523 2658 648 2732 ipse
681 2659 843 2718 misit
896 2663 1168 2720 tenebras
1199 2686 1226 2714 »
1263 2681 1442 2736 super
1487 2665 1785 2738 {Egyptios
1815 2664 2004 2736 (Exod.
2039 2667 2118 2734 χ),
2231 2665 2479 2716 scuntur
2535 2661 2728 2732 angeli
2765 2677 2778 2715 :
2833 2663 2990 2733 quod
3051 2677 3279 2718 manna
3335 2658 3670 2734 signiﬁcavit
3710 2656 3837 2711 hunc

460 2763 592 2820 quas
621 2748 802 2805 etiam
833 2749 1058 2824 palpari
1091 2758 1354 2824 possent,
1381 2775 1409 2803 «
1433 2757 1489 2809 et
1512 2777 1540 2802 ››
1569 2754 1654 2810 sic
1675 2777 1702 2803 «
1726 2753 2116 2809 obscuravit.»

464 2837 536 2893 Et
566 2837 676 2894 hoc
706 2839 880 2896 modo
909 2841 1274 2913 complenda,
1299 2864 1328 2894 «
1361 2859 1478 2898 non
1511 2842 1872 2898 exacerbavit
1899 2858 2120 2898 sermo-

464 2943 572 2984 nes
601 2944 800 3000 suos,»
822 2928 881 2984 id
911 2933 1001 2986 est
1030 2947 1146 2985 non
1177 2931 1313 2987 fecit
1341 2931 1522 2988 videri
1549 2932 1788 2988 acerbos
1817 2936 1874 2988 et
1900 2931 2079 2987 falsos
2103 2949 2116 2988 :

461 3017 655 3074 acerbi
684 3017 844 3074 enim
873 3021 933 3074 et
952 3018 1254 3090 rejiciendi
1273 3020 1566 3089 videntur,
1591 3020 1638 3076 si
1662 3038 1779 3078 non
1801 3025 1976 3092 prout
1997 3021 2120 3092 ipse
2227 3019 2382 3075 sicco
2433 3019 2679 3074 ﬂumina
2709 3017 2899 3091 (Ewod.
2930 3022 3091 3088 xvu),
3117 3040 3146 3067 ››
3170 3035 3310 3090 quae
3349 3033 3447 3075 eos
3489 3012 3835 3086 sequebantur

465 3103 859 3174 ordinaverat,
882 3105 1226 3178 implentur.
2227 3125 2332 3180 per
2358 3109 2676 3164 desertum.

530 3192 604 3248 Et
631 3213 662 3244 α
690 3193 974 3249 convertit
1003 3215 1033 3244 »
1055 3195 1234 3250 etiam
1255 3217 1284 3246 «
1319 3212 1506 3268 aquas
1547 3213 1750 3254 eorum
1782 3198 1843 3253 in
1874 3199 2111 3272 sangui-
2143 3185 2189 3256 (ἶ
2298 3196 2428 3253 Haec
2457 3195 2656 3252 omnia
2682 3195 2820 3252 fecit
2848 3195 2958 3266 eis,
2979 3213 3094 3252 non
3125 3212 3234 3269 pro
3271 3194 3494 3253 meritis
3523 3205 3728 3260 eorum,
3751 3183 3833 3243 sed

454 3294 622 3348 'nem,
654 3283 713 3337 et
739 3279 952 3336 occidit
979 3281 1172 3354 pisces
1199 3299 1424 3340 eorum.
1447 3307 1476 3334 »
2221 3309 2252 3336 ‹‹
2289 3285 2568 3358 quoniam
2619 3301 2846 3341 memor
2882 3283 2996 3340 fuit
3021 3283 3179 3340 verbi
3234 3285 3428 3342 sancti
3475 3281 3583 3350 sui,
3607 3303 3634 3330 ››
3653 3279 3705 3345 id
3746 3278 3831 3338 est.

531 3387 560 3416 κ
593 3367 664 3423 Et
687 3367 873 3424 edidit
900 3371 1056 3424 terra
1085 3386 1288 3426 eorum
1319 3389 1492 3428 ranas
1516 3396 1545 3422 ››
1567 3390 1702 3429 cum
1733 3377 1898 3432 tanta
1925 3379 2114 3450 copia,
2223 3373 2634 3447 promissionis
2659 3391 2776 3429 suae
2807 3390 2987 3446 quam
3030 3373 3285 3432 Abraha
3319 3375 3530 3431 fecerat
3560 3387 3622 3425 :«
3650 3363 3786 3423 verbi
3812 3383 3834 3410 »

463 3454 624 3526 quod
645 3471 752 3513 nec
777 3454 1077 3513 thalamus
1106 3457 1244 3515 inde
1273 3461 1539 3516 evacuari
1572 3467 1802 3534 poterat
1821 3465 2012 3534 (Exod.
2036 3484 2116 3522 vn
2223 3464 2374 3532 dico,
2400 3486 2426 3513 «
2460 3463 2618 3535 quod
2648 3462 2858 3519 habuit
2882 3463 2955 3519 ad
2997 3463 3304 3521 Abraham
3333 3477 3578 3536 puerum
3623 3470 3834 3519 suum,»

2229 2768 2466 2823 panem,
2517 2750 2576 2804 id
2627 2755 2738 2823 est,
2787 2768 3001 2823 corpus
3048 2749 3292 2820 Christi,
3336 2766 3450 2823 quo
3503 2747 3687 2804 ﬁdeles
3729 2743 3838 2800 reﬁ-

2229 2841 2490 2896 ciuntur.

2301 2954 2328 2981 ‹‹
2363 2928 2595 3002 Dirupit
2623 2933 2870 3002 petram,
2895 2933 2952 2984 et
2982 2930 3284 2986 [luxerunt
3311 2946 3494 3002 aquae,
3523 2925 3764 2982 abierunt
3787 2920 3834 2974 in

450 3547 522 3599 et
549 3547 673 3616 vm)
701 3561 714 3606 ;
739 3544 930 3604 ethoc
961 3571 989 3597 «
1021 3546 1083 3603 in
1112 3547 1510 3619 penetralibus
1537 3567 1742 3624 regum
1772 3553 2058 3625 ipsorum.
2085 3577 2114 3605 »

532 3633 603 3690 Et
647 3633 773 3708 ipse
797 3657 826 3688 «
857 3636 1023 3706 dixit,
1050 3659 1079 3686 »
1115 3637 1176 3692 id
1205 3641 1296 3694 est
1339 3638 1543 3706 voluit,
1567 3663 1595 3690 «
1629 3644 1688 3696 et
1731 3642 1892 3698 venit
1938 3660 2112 3716 cyno-

460 3723 604 3793 mia,
629 3746 659 3774 »
690 3723 750 3780 id
797 3729 888 3781 est
934 3743 1140 3783 musca
1188 3727 1399 3784 canina
1427 3751 1454 3778 ‹‹
1489 3733 1547 3784 et
1577 3729 1860 3804 ciniphes,
1887 3755 1915 3780 ››
1938 3731 1995 3788 id
2026 3738 2116 3790 est

443 3811 703 3885 culices,
725 3813 828 3886 qui
857 3814 1157 3873 intrabant
1187 3816 1246 3871 in
1277 3817 1479 3874 oculos
1508 3821 1637 3891 ejus
1657 3820 1850 3891 (Exod.
1871 3826 1997 3892 vni)
2019 3841 2032 3879 :
2057 3829 2115 3880 et

460 3900 574 3960 hoc
600 3919 718 3959 non
756 3903 818 3960 in
857 3904 1060 3977 paucis
1090 3905 1257 3978 locis,
1280 3907 1380 3963 sed
1416 3930 1444 3958 «
1479 3907 1539 3962 in
1579 3909 1854 3967 omnibus
1893 3911 2112 3970 ﬁnibus

463 4007 690 4048 eorum.
715 4013 746 4040 η

526 4077 757 4137 Pluvias
782 4102 803 4130 ι
829 4080 1008 4138 etiam
1028 4099 1232 4141 eorum
1253 4087 1452 4158 posuit
1473 4088 1823 4160 grandinem
1849 4113 1876 4140 ››
1897 4095 2108 4146 etcum

453 4167 740 4239 grandine
772 4187 796 4217 ι
836 4167 1032 4241 ignem
1071 4174 1536 4245 comburentem,
1567 4199 1596 4227 ››
1629 4177 1687 4232 id
1727 4183 1816 4234 est
1857 4179 2109 4237 fulmina

451 4253 644 4326 (Exod.
677 4258 778 4324 ιι),
805 4277 834 4308 ς(
865 4256 927 4313 in
952 4261 1110 4314 terra
1140 4260 1427 4332 ipsorum.
1455 4285 1484 4312 ››

520 4344 592 4400 Et
618 4360 686 4402 eo
714 4343 850 4418 igne
871 4368 899 4396 «
923 4349 981 4402 et
1006 4347 1293 4420 grandine
1324 4353 1615 4422 percussit
1642 4339 1844 4412 vineas
1877 4373 2104 4428 eorum,

2223 3552 2426 3608 dicens
2471 3551 2524 3607 ei
2556 3568 2570 3608 :
2601 3573 2628 3602 «
2662 3552 2726 3608 In
2776 3551 3001 3608 semine
3048 3555 3149 3608 tuo
3200 3551 3626 3610 benedicentur
3665 3557 3835 3602 omnes

2221 3645 2424 3714 gentes
2473 3641 2626 3712 (Gen.
2674 3645 2834 3709 xxn).
2873 3663 2901 3690 »
2945 3641 3007 3698 Si
3065 3641 3224 3698 enim
3281 3657 3488 3698 omnes
3535 3641 3720 3712 gentes
3757 3631 3837 3686 de-

2221 3732 2553 3800 struxisset,
2577 3731 2890 3803 promissio
2913 3731 3065 3788 facta
3087 3732 3342 3787 Abrahae
3365 3727 3592 3804 impleri
3613 3742 3714 3780 non
3735 3735 3840 3794 pos-

2219 3826 2310 3878 set
2337 3838 2350 3877 :
2385 3820 2524 3894 quia
2551 3820 2820 3877 Christus
2851 3821 2923 3876 de
2950 3820 3174 3876 Judaeis
3204 3825 3392 3877 natus
3422 3819 3550 3874 fuit.

2293 3933 2322 3962 ε(
2353 3911 2424 3966 Et
2451 3932 2480 3960 »
2509 3909 2640 3967 ideo
2670 3933 2699 3960 «
2729 3908 2930 3965 eduxit
2968 3908 3260 3982 populum
3301 3925 3479 3966 suum
3519 3921 3644 3962 cum
3675 3896 3834 3958 exsul-

2217 3999 2435 4056 tatione
2458 4021 2488 4050 »
2509 4000 2582 4056 de
2610 3999 2736 4056 loco
2768 3999 2841 4056 ad
2877 3997 3094 4065 locum,
3121 4020 3149 4049 «
3174 4002 3233 4054 et
3266 3997 3488 4055 electos
3516 4009 3648 4052 suos
3675 3991 3728 4046 in
3754 3987 3834 4044 le-

2216 4089 2366 4146 titia.
2394 4110 2423 4139 ››

2289 4201 2317 4230 ‹‹
2351 4179 2421 4234 Et
2450 4177 2612 4234 dedit
2647 4177 2766 4234 illis
2811 4175 3075 4250 regiones
3104 4175 3402 4249 gentium,
3425 4197 3455 4227 »
3489 4173 3624 4247 quia
3667 4168 3836 4243 gentes

2214 4272 2432 4322 terram
2464 4264 2873 4339 promissionis
2912 4263 3303 4337 possidebant
3337 4281 3352 4320 :
3387 4263 3602 4336 quibus
3629 4252 3834 4330 fugatis.

2215 4378 2244 4406 «
2278 4355 2718 4430 possederunt»
2749 4355 2938 4411 Judaei
2961 4376 2988 4404 «
3012 4352 3242 4410 labores
3279 4375 3308 4402 »
3340 4369 3546 4410 eorum
3571 4371 3598 4400 «ι
3626 4339 3836 4420 populo-

445 4435 507 4489 et
529 4431 812 4492 ﬁculneas
842 4451 1070 4506 eorum,
1096 4440 1154 4492 et
1183 4438 1457 4495 contrivit
1486 4439 1714 4514 lignum
1746 4464 1774 4494 »
1808 4461 2018 4516 pomos
2047 4451 2107 4502 et
2214 4461 2370 4500 rum.
2398 4465 2427 4494 »

445 4520 595 4580 alias
626 4521 865 4580 arbores
897 4546 928 4577 «
961 4525 1171 4582 ﬁnium
1201 4543 1426 4584 eorum.
1455 4550 1485 4580 »

2131 4553 2180 4618 Ι)
2284 4534 2356 4589 Et
2379 4532 2500 4587 haec
2521 4531 2720 4588 omnia
2743 4532 3026 4590 beneﬁcia
3055 4531 3191 4588 fecit
3219 4533 3312 4588 eis
3344 4532 3524 4598 Deus,
3549 4553 3576 4580 ι(
3599 4531 3660 4585 ut
3678 4524 3839 4583 custo-

516 4632 546 4694 ξ(
577 4609 732 4667 Dixit
750 4633 780 4664 »
803 4614 1004 4686 etiam,
1029 4615 1087 4671 id
1119 4619 1210 4672 est
1235 4617 1437 4686 voluit,
1465 4640 1492 4670 «
1523 4620 1759 4676 etvenit
1788 4621 2014 4678 locusta
2043 4627 2102 4678 et
2131 4609 2174 4618 ”
2210 4621 2376 4676 diant
2396 4621 2911 4693 justiﬁcationes,»
2935 4622 2994 4676 id
3025 4625 3133 4688 est,
3165 4625 3232 4677 ut
3257 4623 3430 4694 juste
3448 4621 3642 4677 vivant
3666 4626 3840 4672 secun-

443 4687 686 4770 brucus,
711 4703 883 4774 cujus
913 4720 1030 4759 non
1061 4709 1186 4760 erat
1216 4723 1499 4764 numerus
1528 4709 1720 4778 (Exod.
1748 4710 1826 4784 x).
1857 4733 1878 4760 ιι

2206 4711 2350 4766 dum
2382 4710 2662 4766 mandata
2681 4732 2710 4760 ‹‹
2743 4711 2892 4780 ejus,
2925 4714 2984 4766 et
3015 4709 3202 4784 legem
3243 4711 3380 4783 ejus
3412 4707 3722 4783 requirant,
3746 4721 3770 4749 »
3788 4695 3834 4752 id

516 4787 768 4846 Locusta
793 4795 852 4846 et
879 4793 1098 4850 brucus
1119 4817 1148 4844 α
1171 4797 1426 4852 comedit
1445 4813 1618 4854 omne
1642 4799 1838 4854 fenum
1863 4801 1920 4855 in
1943 4806 2098 4858 terra
2204 4805 2314 4867 est,
2338 4799 2670 4872 intelligant
2719 4799 2778 4854 in
2829 4800 3035 4874 ﬁguris
3063 4799 3278 4856 veteris
3327 4799 3480 4873 legis
3529 4796 3618 4854 vel
3663 4795 3837 4851 Testa-

443 4893 678 4948 eorum,
735 4883 794 4936 et
847 4881 1103 4964 comedit
1160 4900 1394 4940 omnem
1461 4887 1718 4943 fructum
1776 4894 1942 4946 terra:
1999 4908 2094 4947 eo-

441 4984 576 5025 rum
608 4990 638 5021 »
669 4971 826 5042 quod
859 4973 1167 5046 cynomyia
1197 4977 1254 5028 et
1281 4975 1547 5048 cidiphes
1567 4977 1756 5035 facere
1787 4996 1902 5035 non
1933 4985 2094 5052 pote-

442 5060 594 5114 rant.

515 5166 545 5197 ί(
565 5147 636 5202 Et
653 5149 944 5219 percussit
965 5168 1138 5208 omne
1159 5153 1615 5227 primogenitum
1639 5156 1696 5210 in
1721 5160 1874 5213 terra
1888 5161 2091 5216 eorum

440 5233 635 5302 (Exod.
659 5237 782 5311 xu),
806 5261 834 5290 »
870 5239 928 5294 id
977 5246 1068 5298 est
1094 5242 1154 5297 in
1186 5242 1527 5299 hominibus
1556 5250 1614 5300 et
1641 5244 1773 5300 aliis
1821 5248 2090 5304 animali-

439 5322 574 5395 bus,
601 5347 630 5376 «
665 5327 956 5397 primitias
985 5331 1179 5387 omnis
1210 5331 1428 5388 laboris
1461 5350 1662 5388 eorum
1691 5357 1712 5383 ι
1751 5335 1808 5390 in
1844 5337 2090 5409 primiti-

435 5409 526 5466 vis
553 5411 842 5488 frugibus.

510 5521 538 5548 «
563 5499 634 5554 Et
651 5503 850 5560 eduxit
878 5507 1221 5580 populum.»
1245 5509 1383 5565 Pars
1407 5512 1634 5582 quinta.
1662 5513 1731 5567 Et
1762 5513 1855 5568 hic
1887 5519 2089 5571 contra

435 5585 662 5664 plagas,
686 5607 834 5666 quas
863 5596 1226 5655 enumeravit
1243 5599 1526 5672 {Egyptiis
1553 5600 1758 5673 factas,
1783 5610 2088 5663 enumerat

2205 4889 2408 4954 menti,
2443 4888 2603 4944 aliud
2636 4906 2764 4946 esse
2793 4887 3240 4962 intelligendum
3273 4894 3336 4945 et
3368 4885 3792 4960 inquirendum.

2725 4997 2798 5053 ΙΝ
2837 4996 3186 5053 PSALMUM
3225 4996 3340 5052 CV.

2745 5069 3022 5125 Trruws.
3052 5069 3314 5126 Alleluia.

2273 5182 2302 5208 ‹‹
2337 5157 2708 5214 Conﬁtemini
2740 5157 2809 5214 II.
2837 5180 2866 5208 »
2894 5156 3112 5214 Volunt
3153 5157 3402 5230 quidam
3455 5155 3552 5212 hic
3582 5153 3672 5210 bis
3699 5144 3836 5222 poni.

2199 5272 2228 5298 «
2262 5247 2518 5314 alleluia,
2545 5269 2572 5296 ››
2594 5247 2694 5302 sed
2727 5247 2933 5302 beatus
2959 5247 3352 5318 Hieronymus
3374 5246 3524 5301 dicit
3551 5241 3701 5316 quod
3724 5235 3836 5309 qui-

2197 5354 2431 5410 cunque
2461 5335 2726 5409 psalmus
2757 5335 2932 5391 habet
2963 5335 3024 5391 in
3055 5333 3367 5408 principio,
3396 5357 3427 5387 ‹‹
3461 5331 3711 5398 alleluia,
3736 5350 3761 5376 ››
3787 5324 3836 5378 in

2199 5429 2313 5484 ﬁne
2343 5441 2574 5499 quoque
2602 5424 2778 5480 habet
2798 5447 2826 5474 ‹‹
2861 5423 3116 5494 alleluia,
3141 5448 3169 5476 »
3191 5427 3246 5480 et
3285 5423 3372 5479 ita
3404 5425 3673 5481 dicemus
3698 5410 3835 5489 quod

2197 5515 2445 5571 alterum
2474 5512 2708 5569 alleluia
2737 5513 2814 5568 sit
2841 5513 2914 5569 de
2942 5511 3294 5585 praecedenti
3327 5513 3588 5585 psalmo,
3609 5509 3836 5566 alterum

2197 5605 2269 5662 de
2289 5602 2577 5677 sequenti:
2599 5601 2660 5658 In
2680 5603 3026 5676 praecedenti
3044 5603 3282 5677 psalmo
3304 5599 3678 5658 enumeravit
3694 5596 3847 5650 bene
