4018 6176
458 266 585 329 '559

885 268 1295 331 HAYMONIS
1328 269 1870 331 IlALBERS’I‘AT.
1906 268 2148 330 EPISC.
2182 268 2352 330 OPP.
2384 269 2587 330 PARS
2620 269 2668 329 Ι.
2704 304 2781 312 -—
2811 268 3216 330 COMMENT.
3246 267 3430 328 BlllL.

3681 274 3769 333 560

466 402 757 475 redempti
787 418 994 459 sumus
1024 402 1096 458 de
1126 418 1305 459 manu
1335 401 1579 471 inimici,
1626 402 1688 458 id
1739 407 1828 461 cst
1852 402 2109 472 fdiaboli.
2142 405 2197 471 Α
2226 407 2365 459 runt
2390 404 2543 458 facta
2572 402 2870 471 mirando;
2902 407 2960 459 et
2989 401 3100 459 hoc
3126 407 3217 458 est
3245 420 3301 458 ;‹‹
3316 402 3579 459 mirabilia
3593 403 3643 459 in
3656 408 3778 463 terra

540 513 568 541 «
587 491 657 547 Et
684 490 910 562 operuit
938 507 1122 562 aquas
1146 489 1496 548 tribulantes
1526 510 1682 560 eos,»
1696 492 1916 548 scilicet
1943 494 2110 566 Egy-

460 580 640 657 ptios,
675 578 759 635 ita
787 580 1023 651 quidem
1052 581 1209 652 quod
1244 603 1272 632 «
1304 599 1458 638 unus
1500 600 1569 637 ex
1617 582 1701 639 eis
1731 600 1847 637 non
1877 598 2112 637 reman-

461 669 542 724 sit
568 690 597 719 ››
631 667 734 740 qui
762 682 880 724 non
912 673 1294 741 mergeretur.

536 778 565 807 (ί
597 757 669 813 Et
695 778 726 808 ››
746 760 887 813 tunc
916 757 1030 831 ipsi
1062 759 1143 814 ita
1172 760 1366 815 educti
1394 783 1421 809 »
1443 761 1819 817 crediderunt
1848 760 1906 814 in
1937 761 2110 815 verbo

452 847 610 918 ejus,
644 848 702 902 et
728 845 1117 904 laudaverunt
1145 847 1381 905 laudem
1412 851 1601 921 eius,»
1623 849 1682 905 id
1713 854 1803 906 est
1830 866 1963 905 eum
1988 867 2113 921 pro-

458 939 591 1007 pter
618 934 940 993 laudabilia
969 936 1122 993 facta
1154 954 1281 993 sua.

538 1046 569 1075 ι(
590 1023 725 1081 {lito
753 1024 1035 1081 iecerunt.
1064 1047 1095 1074 ν»
1132 1025 1271 1081 Pars
1315 1027 1506 1082 tertia.
1539 1026 1939 1095 Crediderunt,
1976 1027 2112 1082 lau-

460 1114 768 1183 daverunt,
794 1116 857 1169 et
878 1112 1142 1170 hocucito
1173 1115 1454 1183 fecerunt,
1489 1138 1517 1164 ››
1548 1115 1605 1170 id
1640 1120 1728 1172 est
1756 1115 2113 1184 transitorie,

458 1200 660 1273 quia-cx
690 1200 858 1258 obliti
888 1204 1028 1257 sunt
1051 1218 1292 1272 operum
1323 1203 1452 1275 ejus
1470 1221 1643 1275 nque:
1676 1204 1735 1259 in
1767 1204 1853 1260 eis
1873 1204 1931 1259 in
1954 1203 2114 1259 omni

466 1288 724 1363 potentia
758 1291 1147 1359 estenderat,¢
1171 1295 1230 1346 et
1260 1309 1375 1347 non
1401 1293 1773 1349 sustinerunt
1802 1292 2113 1349 consilium

468 1379 622 1451 ejus,
653 1399 683 1429 ι)
704 1378 857 1451 quia
885 1396 1020 1435 cum
1052 1380 1206 1436 Deus
1225 1380 1397 1436 vellet
1416 1380 1502 1437 eis
1532 1382 1764 1441 differre
1795 1381 1992 1436 cibum
2015 1397 2117 1453 per

462 1468 768 1540 quoddam
796 1467 1135 1537 consilium,
1166 1469 1226 1524 id
1256 1475 1347 1524 est
1371 1470 1818 1542 providentiam,
1868 1474 1937 1525 ut
1983 1487 2115 1543 pro-

463 1555 639 1614 .baret
660 1556 873 1627 eos,ill:i
900 1573 1019 1613 non
1049 1559 1588 1629 sustinuerunt,sed
1619 1558 1819 1615 statim
1845 1576 2117 1614 murmu-

470 1648 765 1703 raverunt.
1872 1702 1875 1705 .

538 1755 570 1784 α
602 1734 673 1790 Et
702 1733 1283 1808 concupieruntmon
1314 1736 1508 1793 solum
1538 1736 1867 1793 naturalem
1897 1735 2116 1805 cibum,

466 1811 533 1878 ut
562 1834 775 1894 panem
800 1826 861 1880 et
888 1840 1128 1896 aquam,
1159 1842 1286 1897 qua:
1318 1825 1463 1881 bene
1494 1829 1734 1898 possent
1778 1825 1838 1881 in
1888 1825 2115 1882 deserto

456 1911 756 1982 sufﬁcere,
784 1912 894 1969 sed
931 1933 955 1962 ι
990 1913 1514 1987 concupiscentias,
1550 1938 1576 1965 ››
1611 1915 1668 1970 id
1716 1919 1807 1972 est
1834 1914 2115 1971 delicatos

450 1999 879 2069 cibos,scilicet
906 2018 1041 2057 aves
1073 2007 1131 2058 et
1160 2002 1523 2075 hujusmodi,
1557 2008 1614 2059 et
1643 2003 1793 2059 boc«
1828 2003 1888 2058 in
1919 2004 2115 2060 deser-

462 2090 548 2161 to,
575 2091 635 2145 et
661 2092 1029 2146 tentavcrunt
1054 2091 1239 2147 Deum
1291 2091 1352 2147 in
1400 2092 1684 2163 inaquoso
1718 2115 1745 2142 »
1776 2092 2116 2148 dubitantes

454 2178 539 2235 de
569 2178 832 2252 potentia
856 2179 1007 2251 ejus.

534 2290 568 2318 ‹‹
594 2268 672 2324 'Et
702 2290 731 2318 »
761 2266 1010 2326 licetsic
1037 2272 1333 2325 tentarent
1362 2270 1771 2337 Denm,tamen
1797 2294 1824 2321 «
1851 2270 2011 2325 dedit
2032 2269 2117 2326 eis

426 2352 810 2426 .ipetitiOnem
857 2354 1121 2426 ipsorum
1157 2378 1184 2406 »
1215 2360 1272 2411 et
1320 2356 1430 2412 hoc
1476 2375 1664 2428 usque
1694 2358 1765 2412 ad
1798 2357 2116 2430 plenitudi-

466 2458 634 2499 nem:
662 2448 722 2499 et
750 2442 860 2500 hoc
890 2447 1000 2515 est,
1034 2468 1061 2495 «
1097 2449 1154 2500 ct
1204 2444 1365 2501 misit
1391 2447 1757 2502 saturitatem
1790 2446 1849 2501 in
1888 2446 2115 2502 animas

464 2535 674 2589 cedrum
687 2533 887 2606 (Exod.
923 2534 1037 2606 xv).
1075 2558 1102 2584 »

534 2644 573 2671 η
606 2622 677 2678 Et
707 2644 736 2672 ››
767 2625 963 2679 tamen
996 2623 1262 2678 nondum
1293 2629 1687 2692 cessaverunt,
1722 2623 2117 2681 scduirritave-

432 2750 437 2753 -
468 2714 611 2767 runt
639 2711 876 2783 Moysen
908 2711 967 2767 in
999 2711 1229 2781 castris,
1261 2714 1452 2769 Aaron
1484 2718 1754 2769 sanctum
1797 2713 2052 2785 Domini,
2092 2735 2115 2753 -ι

464 2800 571 2871 qui
603 2799 1005 2857 sanctiﬁcatus
1031 2802 1240 2871 fuerat,
1292 2805 1350 2858 et
1394 2806 1608 2859 unctus
1646 2802 1706 2858 in
1758 2803 2115 2859 sacerdotem

456 2893 756 2963 praecepto
787 2889 1040 2958 Domini,
1074 2889 1242 2946 illum
1291 2892 1651 2947 sacerdotem
1695 2892 1927 2948 Domini
1958 2891 2115 2947 nole-

461 2979 613 3037 bant
639 2977 962 3051 suscipere,
991 2980 1095 3035 sed
1124 2978 1438 3036 irritabant
1466 2980 1600 3036 inde
1631 2981 1886 3054 Moysen,
1919 2980 2115 3036 dicen-

458 3072 557 3125 tes
583 3084 722 3125 eum
746 3058 869 3125 non
898 3072 1184 3141 praecepto
1212 3068 1446 3124 Domini
1478 3068 1586 3124 hoc
1615 3068 1822 3140 egisse,
1848 3069 1947 3124 sed
1981 3068 2120 3141 quia

462 3156 709 3229 fratrem
736 3173 916 3214 suum
945 3155 1199 3213 exaltare
1224 3155 1457 3213 volebat
1487 3157 1674 3226 (Num.
1705 3159 1845 3227 xw).

538 3246 611 3303 Et
630 3249 867 3320 propter
886 3243 1049 3302 illam
1072 3243 1456 3301 irritationem
1478 3268 1506 3295 ‹‹
1534 3249 1735 3318 aperta
1762 3251 1852 3301 est
1880 3249 2118 3314 terra,et

460 3334 779 3410 deglutivit
816 3333 1068 3402 Datban,
1118 3337 1175 3390 et
1220 3333 1449 3406 operuit
1494 3351 1671 3407 super
1718 3335 2116 3409 congregatio-

464 3436 605 3484 nem
632 3424 874 3492 Abiren,
892 3445 920 3474 ν
949 3422 1010 3478 id
1039 3426 1129 3479 est
1159 3422 1465 3497 deglutivit
1491 3422 1730 3492 Abiron,
1765 3426 1821 3478 ct
1849 3440 2019 3481 suam
2040 3425 2118 3480 fa-

468 3514 721 3584 miliam,
754 3517 812 3581 et
838 3528 901 3569 se
932 3529 1112 3585 super
1138 3530 1267 3569 eam
1299 3511 1607 3570 conclusit.

538 3626 569 3656 ι(
591 3602 751 3661 Et-in
778 3618 1074 3677 synagoga
1103 3602 1427 3671 eorum,»id
1460 3606 1549 3657 est
1578 3601 1638 3656 in
1672 3602 2117 3675 congregatione

460 3691 867 3752 cenentiente
880 3691 1013 3749 istis
1029 3691 1424 3765 prmceptis,ut
1437 3690 1705 3747 tollerent
1722 3691 2114 3747 sacerdotium

466 3783 543 3840 ab
588 3784 798 3850 Aaron,
852 3780 1075 3839 scilicet
1118 3780 1304 3836 Chore
1351 3784 1409 3835 et
1454 3779 1594 3836 ﬁliis
1641 3779 1787 3849 suis,
1824 3802 1853 3831 «
1900 3779 2116 3836 exarsit

462 3870 626 3942 ignis
656 3893 684 3921 ‹‹
716 3870 780 3927 in
804 3874 1061 3937 tantum,
1095 3870 1539 3942 quoduﬂamma
1568 3869 1893 3925 combussit
1921 3885 2116 3942 pecca-

454 3962 644 4013 tores.
672 3976 704 4008 τι
748 3956 895 4012 Cum
942 3958 1102 4012 enim
1151 3958 1333 4014 Chore
1384 3975 1519 4014 cum
1566 3958 1684 4015 illis
1731 3957 2113 4026 thuriﬁcaret,

467 4042 624 4115 ignis
642 4045 1055 4112 sconversus,et
1084 4046 1410 4101 combussit
1429 4064 1529 4102 eos
1543 4064 1557 4102 :
1572 4047 1673 4118 qui
1694 4046 1848 4119 ignis
1878 4046 2113 4119 signum

450 4131 583 4190 fuit
628 4130 860 4189 ardoris
908 4132 1391 4203 concupiscentia:
1437 4134 1720 4205 ipsorum.
1787 4135 2116 4192 lnvidentcs

455 4218 627 4276 enim
656 4221 869 4288 Aaron,
899 4218 1172 4275 volebant
1227 4238 1296 4275 ex
1345 4237 1405 4276 sc
1453 4221 1710 4293 aliquem
1760 4224 2115 4280 constituere

455 4308 853 4367 sacerdotem.

540 4422 569 4451 «
598 4400 673 4458 Et
704 4419 732 4450 υ
764 4401 1001 4472 propter
1024 4396 1163 4455 hoc«
1180 4396 1430 4454 vitulum
1462 4398 2113 4456 feceruntnconﬂatilem

464 4513 498 4541 α
526 4488 593 4545 in
612 4486 1474 4581 ‘Qrebpiinulocoillo,quando
1507 4487 1734 4560 Moyses
1762 4488 1823 4581 in
1853 4493 2113 4581 montem
2143 4517 2190 4581 D

2170 1325 2194 1338 ο
2224 1314 2252 1339 ‹‹
2287 1290 2347 1345 in
2378 1290 2794 1359 contractione,
2846 1312 2873 1339 »

2191 4083 2194 4085 λ
2224 4070 2253 4129 (5
2286 4063 2402 4103 non
2433 4045 2819 4102 exaudierunt
2846 4061 3047 4103 vocem
3085 4044 3324 4100 Domini
3371 4070 3394 4098 ι

2220 492 2403 547 Cham
2446 515 2474 541 »
2520 492 2578 546 in
2628 492 2831 548 eadem
2882 493 3161 565 ZEgypto;
3200 491 3285 547 vel
3315 502 3411 564 per
3437 516 3463 541 «
3494 492 3780 549 mirabilia»

2221 584 2470 651 possunt
2496 579 2740 653 intelligi
2782 579 3066 636 beneﬁcia
3114 597 3242 651 quae
3285 580 3416 635 fecit
3458 579 3534 636 eis
3576 581 3703 636 Deus
3737 581 3782 638 in

2219 670 2484 742 ZEgypto.
2521 668 2696 724 Obliti
2730 673 2869 724 sunt
2903 692 2924 718 ιι
2958 666 3243 724 terribilia
3272 690 3300 717 »
3328 668 3469 723 facie
3510 691 3532 718 «
3579 668 3629 723 in
3670 670 3784 725 mari

2223 758 2439 825 Rubro,
2477 780 2503 806 ››
2536 757 2677 829 quia
2702 775 2839 812 cum
2870 757 3069 812 hostes
3092 760 3295 813 essent
3322 756 3379 811 in
3410 756 3543 811 mari
3574 756 3785 827 involuti,

2221 846 2426 901 timere
2457 850 2773 917 potuerunt
2804 863 2875 902 ne
2906 845 3017 901 sibi
3048 845 3207 901 idem
3235 845 3590 916 contingeret.

2294 958 2321 985 «
2356 936 2426 990 Et
2456 958 2483 984 ››
2515 939 2656 990 tunc
2686 934 3011 991 Dominus«
3028 933 3230 1002 dixit,»
3248 933 3306 989 id
3325 936 3411 989 est
3436 933 3789 1006 disposuitwnt

2221 1023 2584 1096 disperderet
2612 1041 2733 1096 eos,
2771 1047 2799 1074 ››
2830 1024 2890 1079 id
2921 1028 3011 1080 est
3039 1024 3249 1096 dignos
3269 1022 3540 1094 judicavit
3566 1022 3788 1094 disperdi-

2222 1112 2378 1168 tione
2399 1117 2486 1169 :et
2515 1111 3073 1186 disperdidisset,«si
3105 1128 3221 1167 non
3253 1110 3472 1184 Moyses
3492 1109 3792 1183 electuseins

2223 1200 2484 1257 stetisset
2510 1200 2570 1256 in
2603 1204 2916 1274 conspectu
2945 1201 3073 1271 ejus
3104 1223 3131 1249 ‹‹
3162 1216 3340 1256 orans
3367 1216 3464 1271 pro
3494 1198 3679 1272 populo
3703 1198 3793 1267 illo,

2924 1289 2983 1345 id
3032 1292 3122 1345 cst
3169 1293 3424 1360 tempore
3452 1287 3794 1343 cont‘ractionis

2225 1380 2431 1434 futurae
2461 1377 2733 1447 illis.Vel,
2764 1378 2823 1433 in
2856 1377 3241 1446 confessione,
3278 1377 3335 1432 id
3384 1380 3468 1432 est
3507 1375 3821 1441 humilitate;

2226 1468 2366 1539 quia
2395 1466 2726 1523 humiliavit
2771 1484 2833 1523 se
2865 1484 2968 1540 pro
3017 1466 3101 1522 eis
3153 1466 3212 1520 in
3263 1468 3561 1536 conspectu
3596 1462 3795 1532 Domini,

2225 1556 2426 1613 dicens
2460 1573 2473 1613 :
2508 1555 2773 1627 Domine,
2806 1554 3048 1611 deleme
3068 1555 3140 1610 de
3168 1553 3319 1610 libro
3350 1557 3446 1610 tuo
3475 1552 3647 1625 potius
3662 1567 3797 1623 quam

2226 1643 2509 1718 populum
2542 1644 2725 1701 istum
2758 1643 2952 1700 deleas
2984 1643 3190 1715 (Ibid).
3224 1642 3388 1700 Sicut
3414 1657 3540 1714 ergo
3573 1639 3797 1697 Dominus

2225 1749 2365 1806 erga
2392 1731 2526 1790 illos
2554 1733 2816 1789 oratione
2848 1732 3029 1805 Moysi
3059 1732 3327 1804 placatus
3358 1730 3548 1800 est.sic
3572 1734 3652 1785 est
3676 1727 3803 1784 intel-

2226 1822 2526 1896 ligendum
2549 1839 2684 1879 eum
2714 1821 2965 1896 singulis
2998 1822 3206 1877 diebus
3237 1820 3488 1893 peccatis
3508 1817 3697 1874 nostris
3712 1833 3801 1873 era-

2225 1911 2382 1968 tione
2413 1911 2676 1966 ﬁdelium
2708 1910 2926 1983 placari
2958 1928 2972 1967 :
3008 1924 3114 1966 nec
3143 1914 3343 1966 tamen
3374 1925 3472 1982 per
3516 1907 3612 1963 hoc
3652 1905 3802 1962 divina

2227 1999 2588 2073 providentia
2617 2004 2899 2069 mutatur,
2932 1999 3075 2072 quia
3112 1999 3269 2055 sicut
3298 1997 3571 2056 Dominus
3598 1993 3803 2069 prazvidit

2225 2081 2288 2144 se
2319 2088 2691 2160 placandum,
2724 2088 2808 2145 sic
2839 2088 3105 2161 praevidit
3148 2087 3260 2144 hoc
3310 2089 3565 2143 futurum
3598 2082 3803 2141 oratione

2225 2177 2486 2234 ﬁdelium
2520 2195 2533 2233 :
2568 2182 2627 2235 et
2655 2177 2705 2233 si
2731 2177 3023 2234 orationes
3055 2193 3170 2233 non
3201 2176 3412 2232 ﬁerent
3445 2175 3562 2247 ipse
3589 2189 3687 2230 non
3710 2169 3802 2251 pln-

2224 2272 2474 2323 caretur.
2506 2269 2576 2324 Et
2598 2267 2735 2323 licet
2765 2268 3013 2340 Moyses,
3046 2283 3120 2324 ne
3143 2281 3458 2323 commune
3485 2262 3696 2321 exitium
3722 2261 3804 2316 Do-

2225 2356 2421 2412 minus
2461 2357 2673 2412 faceret
2704 2357 3133 2429 deprecaretur,
3183 2358 3386 2411 tamen
3432 2353 3549 2426 ipse
3590 2349 3694 2406 zelo
3731 2345 3807 2404 Dei

2225 2444 2803 2513 commotus,multos
2834 2444 3047 2500 occidit
3079 2460 3093 2499 :
3127 2443 3285 2500 sicut
3315 2442 3486 2499 etiam
3506 2439 3707 2513 judices
3731 2436 3806 2491 ho-

2226 2534 2318 2589 die
2348 2534 2615 2590 Eeclcsim
2649 2552 2764 2590 non
2795 2538 3056 2607 peccant,
3103 2532 3261 2604 licet,
3294 2532 3414 2589 zelo
3444 2531 3538 2587 Dei
3564 2523 3805 2589 commoti,

2226 2624 2297 2679 de
2328 2622 2500 2680 malis
2531 2624 2850 2681 vindictam
2882 2624 3120 2681 faciant.

2297 2736 2325 2764 ‹‹
2363 2713 2652 2769 Stctisset.
2684 2734 2711 2766 ι)
2745 2714 2831 2769 Ad
2864 2712 2997 2781 hoc,
3022 2718 3095 2768 'ut
3138 2716 3424 2768 averteret
3470 2709 3606 2764 iram
3647 2706 3766 2777 ejus,
3792 2724 3808 2753 ι

2225 2800 2283 2857 id
2315 2806 2405 2857 est
2432 2802 2555 2869 Dei,
2589 2826 2617 2852 ‹‹
2652 2818 2723 2857 ne
2753 2801 3114 2873 disperderet
3143 2818 3266 2870 eos,
3295 2824 3323 2851 »
3354 2800 3412 2855 id
3442 2803 3527 2856 est
3553 2814 3616 2852 ne
3644 2794 3809 2850 facemt

2225 2891 2311 2947 eis
2344 2907 2723 2947 communem
2752 2889 3055 2970 interitum
3088 2890 3276 2961 (Num.
3310 2893 3447 2957 xw).

2298 2979 2436 3037 Pars
2463 2984 2692 3051 quarta.
2726 3003 2755 3030 «
2783 2980 2854 3034 Et
2885 3001 2913 3029 »
2944 2977 3080 3034 licet
3109 2978 3268 3034 Deus
3311 2976 3585 3034 beneﬁcia
3625 2971 3808 3030 fecisset

2224 3069 2330 3140 eis,
2363 3072 2563 3124 tamen
2594 3091 2621 3118 ‹‹
2654 3066 3103 3124 desiderabilem
3132 3071 3377 3138 terram,
3413 3090 3440 3117 ‹‹
3490 3063 3688 3122 scilicet
3709 3076 3807 3132 pro-

2142 3150 2186 3216 C
2224 3156 2729 3228 missionis,quam
2753 3156 2907 3212 Deus
2937 3155 3313 3228 promiserat,
3347 3180 3374 3207 α
3408 3155 3708 3211 habuerunt
3729 3162 3807 3221 pro

2223 3245 2428 3315 nihilo,
2456 3268 2484 3296 ››
2507 3245 2648 3317 quia
2676 3262 2791 3302 non
2823 3245 3199 3301 crediderunt
3231 3242 3600 3318 promissioni
3626 3239 3724 3296 Dei.

2296 3358 2322 3384 ‹‹
2357 3335 2483 3390 Non
2514 3334 2888 3391 crediderunt
2915 3334 3090 3390 verbo
3119 3334 3252 3405 ejus
3304 3356 3334 3385 ››
3381 3334 3453 3391 de
3488 3324 3809 3406 promissione

2179 3469 2189 3480 .
2224 3423 2325 3479 illa
2357 3440 2370 3479 :
2400 3423 2538 3495 quia
2567 3422 2812 3479 reversis
2842 3421 3312 3495 exploratoribus
3361 3422 3503 3489 suis,
3553 3434 3671 3477 cum
3702 3430 3811 3470 nun-

2164 3554 2174 3561 .
2222 3514 2436 3569 tierent
2464 3517 2681 3569 terram
2729 3512 2874 3568 satis
2922 3511 3136 3568 bonam
3186 3528 3344 3579 esse,
3390 3514 3454 3568 et
3496 3510 3552 3564 in
3596 3524 3655 3564 ea
3691 3503 3810 3559 viros

2224 3616 2475 3673 quorum
2509 3618 2663 3656 unus
2694 3605 2929 3656 centum
2957 3600 3303 3657 Judmorum
3352 3603 3546 3673 posset
3583 3593 3809 3673 occidere,

2224 3713 2251 3741 ‹‹
2286 3695 2343 3745 et
2371 3712 2397 3739 ››
2421 3690 2549 3745 ideo
2582 3694 3099 3746 murmuraverunt
3125 3688 3188 3744 in
3216 3685 3608 3745 tabernaculis
3625 3682 3728 3740 suis
3744 3678 3808 3733 di-

2223 3783 2419 3834 centes
2454 3795 2468 3834 :
2502 3783 2844 3847 Quaeramus
2874 3779 3085 3834 ducem
3117 3777 3315 3850 nobis,
3339 3782 3397 3835 et
3426 3778 3747 3834 revertamur
3767 3767 3809 3821 in

2222 3870 2555 3941 Egyptum,
2589 3866 2802 3924 melius
2823 3867 2980 3924 enim
3011 3871 3167 3924 esset
3197 3867 3373 3924 nobis
3412 3864 3595 3923 adhuc
3636 3860 3689 3916 in
3720 3872 3811 3913 ser-

2220 3957 2403 4013 vitute
2434 3974 2612 4030 quam
2642 3958 2704 4012 in
2734 3972 2934 4029 pugna
2961 3956 3210 4013 istorum
3241 3955 3436 4028 perire
3466 3954 3639 4024 (Num.
3664 3942 3810 4016 XXVI):

3452 4043 3587 4116 quia
3627 4035 3813 4095 dubita-

2220 4140 2430 4192 verunt
2459 4135 2531 4191 de
2557 4139 2712 4192 terra
2741 4133 2843 4190 illa
2873 4146 3052 4206 quam
3083 4134 3240 4190 Deus
3266 4135 3354 4191 eis
3382 4130 3719 4207 promiserat.

2294 4248 2322 4275 ‹‹
2356 4225 2425 4280 Et
2454 4247 2483 4274 »
2514 4228 2655 4280 tunc
2685 4222 2970 4279 Dominus
3001 4246 3030 4273 ‹‹
3065 4222 3311 4280 elevavit
3342 4237 3582 4279 manum
3605 4228 3768 4278 sum.
3793 4230 3814 4256 υ

2220 4312 2280 4368 id
2311 4317 2399 4369 est
2428 4313 2651 4386 paravit
2679 4329 2743 4368 se
2776 4313 2849 4369 ad
2877 4312 3196 4368 vindictam
3244 4312 3573 4369 faciendam
3610 4330 3634 4358 «
3680 4313 3816 4373 super

2222 4418 2342 4470 eos,
2373 4407 2438 4458 ut
2470 4404 2861 4474 prosterneret
2890 4419 2989 4458 eos
3016 4401 3076 4457 in
3110 4401 3364 4457 deserto.
3402 4424 3430 4451 υ

2300 4512 2322 4540 ι
2353 4492 2421 4547 Et
2455 4514 2477 4542 ι»
2513 4508 2629 4547 non
2653 4494 2887 4547 tantum
2912 4508 3032 4559 eos,
3066 4490 3171 4546 sed
3203 4514 3232 4542 «
3267 4495 3336 4547 ut
3359 4489 3625 4563 dejiceret
3658 4491 3815 4539 semen

469 4576 735 4634 ascendit
792 4577 864 4633 ad
922 4576 1260 4632 Dominum.
1318 4577 1644 4649 Cocgerunt
1699 4576 1855 4633 enim
1926 4578 2113 4634 Judaei
2143 4571 2186 4581 ”
2223 4596 2425 4636 eorum
2456 4580 2517 4634 in
2548 4579 3008 4651 nationibus,»id
3031 4583 3121 4636 est
3151 4596 3254 4652 per
3282 4579 3542 4635 diversas
3561 4571 3815 4631 nationes:

456 4667 690 4735 Aaron,
732 4669 797 4721 ut
843 4666 1057 4722 faceret
1101 4666 1186 4722 eis
1232 4665 1483 4721 vitulum
1533 4665 1884 4723 conﬂatilem
1922 4667 2114 4738 (Exod.

466 4754 662 4830 XXX“),
693 4758 753 4811 et
776 4754 904 4827 ipse
935 4754 1232 4811 consensit
1260 4754 1364 4823 eis,
1398 4755 1613 4827 partim
1640 4758 2114 4830 coactus,partim

456 4844 785 4918 apiditate
834 4844 1123 4917 pecuniae;
1175 4867 1202 4894 ‹‹
1254 4847 1311 4898 et
1357 4845 1743 4901 adoraverunt
1782 4846 2051 4919 sculptile
2086 4871 2113 4897 ››

460 4933 631 4991 illud.

539 5047 561 5076 ι
585 5022 689 5081 Et»
710 5024 796 5081 ita
826 5046 853 5075 »
887 5025 1264 5079 mutaverunt
1290 5021 1538 5096 gloriam
1572 5024 1863 5091 suam,»id
1896 5030 1985 5081 est
2007 5025 2114 5082 Do-

462 5111 628 5181 mini,
661 5114 763 5186 qui
793 5117 919 5169 erat
947 5111 1133 5185 gloria
1160 5128 1419 5181 eorum,«
1453 5111 1513 5166 in
1543 5111 1991 5170 similitudinem
2020 5113 2111 5169 vi-

454 5199 569 5255 tuli
592 5203 957 5258 comedentis
990 5202 1250 5258 fenum.»
1266 5201 1554 5257 llonorem
1577 5201 1841 5257 debitum
1874 5221 1990 5259 non
2012 5207 2105 5258 at-

452 5287 795 5347 tribuerunt
823 5307 957 5347 vero
985 5290 1186 5359 vitulo,
1220 5290 1321 5346 sed
1348 5289 1663 5346 simulacro
1692 5290 1882 5347 vituli.

412 5416 420 5423 ο
526 5376 629 5435 ‘Sic
659 5379 882 5452 agendo
904 5403 941 5431 ~«
973 5379 1138 5435 obliti
1166 5384 1307 5436 sunt
1336 5380 1543 5447 Deum,
1562 5381 1661 5452 qui
1696 5380 1941 5437 salvavit
1965 5398 2064 5437 eos
2081 5404 2107 5432 »
2132 5378 2141 5383 ⁷

464 5463 541 5519 ub
568 5466 871 5539 azﬁgyptiis,
905 5491 933 5517 ‹‹
969 5468 1069 5539 qui
1107 5468 1245 5523 fecit
1274 5468 1588 5541 magnalia,
1626 5491 1652 5518 »
1685 5469 1743 5524 id
1776 5474 1864 5525 est
1896 5487 2109 5543 magna

459 5553 643 5625 Ifaeta,
682 5575 705 5605 ι
738 5554 799 5609 in
828 5556 1067 5627 Egypto
1100 5578 1127 5605 ››
1161 5557 1233 5611 ad
1262 5572 1362 5612 eos
1390 5557 1745 5629 liberandos,
1778 5562 1835 5616 ct
1864 5558 1965 5616 illa
1984 5560 2108 5619 fue-

2227 4672 2284 4724 et
2312 4669 2394 4724 ita
2422 4669 2714 4741 dejiceret,
2738 4672 2804 4725 ut
2833 4685 2950 4725 non
2979 4673 3178 4725 essent
3219 4667 3467 4734 similes,
3499 4663 3630 4737 quia
3652 4667 3817 4715 eorum

2223 4758 2521 4831 generatio
2552 4758 2889 4830 superbiam
2920 4758 3268 4830 generabat;
3319 4757 3423 4812 sed
3472 4752 3655 4826 potius
3693 4772 3717 4795 «
3751 4741 3817 4797 di-

2222 4851 2521 4920 spergeret
2566 4863 2665 4902 eos
2713 4846 2773 4901 in
2821 4845 3178 4919 regionibus,
3215 4870 3243 4895 ››
3274 4846 3333 4901 id
3364 4849 3455 4901 est
3488 4857 3590 4915 per
3630 4831 3817 4906 longin-

2221 4952 2370 5007 quas
2401 4934 2689 5007 regiones.
3732 5009 3743 5015 _
3806 5004 3815 5015 .

2292 5046 2320 5074 ‹‹
2351 5024 2422 5078 Et
2455 5044 2482 5073 »
2515 5022 2723 5079 merito
2756 5024 3232 5097 disperdiderunt
3259 5023 3449 5096 (Nam.
3475 5009 3817 5097 xv'),qui3il?§i

2221 5135 2249 5163 ‹‹
2282 5110 2497 5167 initiati
2530 5116 2688 5180 sunt,
2728 5135 2756 5162 »
2789 5095 3041 5185 passive,
3069 5112 3128 5169 id
3158 5116 3248 5169 est
3271 5095 3619 5176 consecrati,
3650 5095 3820 5161 utalia

2214 5200 2522 5258 translatio
2552 5200 3044 5271 babet,«Beel,»id
3075 5205 3164 5258 est
3192 5199 3343 5257 idolo
3376 5198 3484 5263 illi,
3520 5220 3547 5247 ς(
3585 5192 3775 5267 phogor
3798 5202 3819 5229 ”

2218 5290 2377 5347 illius
2409 5290 2540 5358 loci,
2576 5289 2799 5346 scilicet
2828 5290 3054 5363 Priapo,
3087 5292 3187 5364 qui
3218 5294 3306 5347 est
3336 5289 3484 5345 deus
3511 5274 3780 5353 tentiginis
3806 5285 3817 5323 ε

2217 5382 2440 5455 phegor
2450 5397 2704 5452 namque
2718 5380 2939 5453 tentigo
2952 5375 3478 5454 interpretatur,vel
3492 5368 3820 5455 Beelphegm‘i

2218 5451 2276 5527 id
2308 5451 2398 5526 est
2426 5469 2571 5524 deus
2602 5451 2925 5541 tentiginis.
2961 5492 2989 5521 «
3023 5451 3125 5525 Vel
3174 5466 3387 5524 initiati
3435 5466 3572 5522 sunt
3612 5482 3639 5509 ››
3666 5451 3822 5528 potest

2218 5559 2331 5634 legi
2363 5558 2576 5630 active;
2606 5557 2688 5615 sic
2715 5581 2743 5610 ‹‹
2776 5556 2992 5618 initiati
3024 5562 3185 5630 sunt,
3218 5557 3276 5615 id
3304 5560 3396 5613 est
3423 5546 3750 5613 devoverant
3773 5550 3821 5593 se
