4060 6180
269 270 372 332 56!

1435 271 1942 334 EXPLANATIO
1983 271 2063 333 IN
2107 274 2491 338 PSALMOS.
2580 332 2583 335 ,

3551 287 3675 349 562

260 402 340 460 illi
370 400 547 459 idolo.
583 421 606 446 α
637 400 1033 459 Comederunt
1061 401 1350 459 sacriﬁcia
1380 406 1772 473 mortuorum,
1796 431 1824 462 π
1854 404 1913 461 id
1943 405 2001 473 Α
2029 409 2086 462 et
2113 407 2529 465 traditionibus
2562 408 2859 467 seniorum
2894 427 2907 468 :
2941 410 3102 485 quia,
3133 412 3405 473 dimissis
3430 432 3676 497 princep-

256 497 343 550 est
361 491 705 565 idolothyta,
739 490 960 547 scilicet
980 509 1215 548 carnem
1245 493 1639 551 sacriﬁcatum
1667 494 1909 551 simula-

254 582 367 639 cris
398 584 791 637 mortuorum.

331 693 359 722 α
392 672 462 727 Et
486 675 630 725 tunc
659 684 686 715 η
718 668 1096 725 irritaverunt
1138 688 1273 726 eum
1302 670 1362 725 in
1398 672 1910 730 adinventionibus

253 761 404 827 suis,
434 760 495 815 in
526 759 637 815 hoc
666 759 823 831 quod
855 762 995 814 sunt
1042 759 1335 815 commisti
1382 760 1740 829 Madianitis,
1774 761 1912 835 quia

251 849 620 924 prohibitum
651 852 775 903 erat
803 864 876 904 ne
909 864 1043 904 cum
1075 849 1365 905 extraneis
1386 849 1734 906 mulieribus
1757 868 1911 906 eom-

254 940 662 1007 miscerentur,
706 954 959 1011 quarum
1014 937 1259 993 consilio
1310 940 1700 995 adoraverunt
1746 939 1903 995 Beel-

154 1028 159 1033 ’
254 1027 512 1101 phegor;
544 1048 573 1075 ‹‹
603 1029 660 1081 et
687 1044 714 1077 υ
753 1026 882 1081 ideo
909 1048 938 1075 ‹‹
969 1025 1359 1098 multiplicata
1402 1031 1492 1083 est
1541 1028 1599 1082 in
1649 1027 1734 1083 eis
1785 1028 1907 1083 rui-

251 1133 355 1183 na,
392 1138 415 1165 n
447 1115 586 1188 quia
616 1115 690 1169 ab
724 1114 872 1187 ipsis
903 1114 1070 1170 multi
1105 1119 1244 1170 sunt
1273 1115 1581 1172 interfecti.

321 1227 350 1255 α
382 1205 456 1260 Et
489 1227 511 1254 ι
545 1208 688 1259 tunc
717 1203 775 1259 in
809 1202 907 1259 illo
939 1203 1196 1277 periculo
1229 1228 1257 1254 «
1291 1204 1454 1261 stetit
1485 1205 1729 1262 Phinees
1752 1228 1779 1256 »
1809 1224 1910 1279 pu-

250 1311 352 1350 rus
384 1296 600 1359 mente,
633 1292 775 1365 quia
805 1310 919 1348 non
945 1293 1207 1365 peccavit
1234 1310 1369 1349 cum
1400 1293 1552 1363 aliis,
1573 1317 1601 1345 «
1635 1299 1693 1351 et
1720 1294 1909 1367 placa-

249 1383 333 1438 vit
361 1404 387 1427 η
422 1382 740 1438 Dominum
771 1381 1148 1455 perfodiendo
1189 1382 1460 1438 Judteum
1494 1400 1630 1439 cum
1682 1382 1903 1439 Madia-

249 1472 369 1528 nite
397 1471 800 1528 commistum.
838 1490 861 1521 ι
892 1471 965 1526 Et
999 1494 1020 1520 η
1054 1474 1195 1527 tunc
1228 1494 1255 1521 ‹‹
1289 1472 1610 1544 quassatio,
1647 1492 1672 1517 τι
1713 1472 1771 1528 id
1814 1476 1904 1529 est

249 1559 444 1627 ruina,
479 1583 509 1611 «
543 1560 810 1629 cessavit,
851 1580 875 1612 α
908 1559 1133 1617 scilicet
1159 1577 1337 1633 quam
1369 1561 1760 1633 patiebantur.

321 1675 351 1703 ι
382 1651 456 1707 Et
485 1654 822 1723 reputatum
857 1653 946 1706 est
974 1649 1025 1706 ei
1056 1649 1115 1704 in
1125 1649 1424 1720 justitiam
1455 1650 1514 1705 in
1532 1651 1904 1722 generatione

252 1743 310 1795 et
351 1738 792 1813 generationem
841 1754 1029 1810 usque
1073 1738 1131 1793 in
1196 1738 1666 1811 sempiternum;
1718 1760 1745 1787 »
1795 1739 1905 1794 hoc

253 1830 411 1901 quod
446 1828 566 1884 zelo
597 1828 701 1884 Dei
733 1826 1024 1899 percussit
1054 1826 1244 1896 illum,
1279 1844 1394 1883 non
1427 1831 1516 1883 est
1554 1826 1638 1882 illi
1671 1832 1905 1901 reputa-

252 1920 380 1973 tum
413 1917 474 1972 in
506 1916 915 1973 homicidium.

323 2029 353 2061 α
380 2007 458 2062 Et
486 2005 883 2061 irritaverunt.
913 2023 944 2056 ι»
982 2006 1121 2061 Pars
1153 2005 1381 2077 quinta.
1407 2007 1476 2061 Et
1495 2005 1631 2061 licet
1647 2006 1802 2062 Deus
1825 2006 1909 2061 sic

251 2095 616 2152 vindicasset
646 2095 707 2150 in
728 2094 978 2167 eos,ipsi
1008 2098 1205 2150 tamen
1236 2111 1352 2149 non
1385 2098 1781 2162 cessaverunt,
1806 2096 1907 2152 sed

255 2184 433 2241 etiam
469 2185 665 2257 ipsum
701 2184 937 2256 Moysen
973 2199 1174 2240 secum
1215 2201 1455 2257 peccare
1484 2186 1773 2240 ‘fecerunt
1806 2201 1819 2239 :
1854 2188 1911 2241 et

252 2274 363 2331 hoc
395 2277 510 2341 est,
542 2296 571 2323 ‹‹
605 2278 662 2330 et
690 2272 1065 2329 irritaverant
1094 2290 1229 2329 eum
1260 2274 1332 2329 ad
1364 2290 1548 2345 aquas
1578 2273 1910 2330 contradic-

256 2362 457 2429 tionis,
505 2382 534 2415 η
589 2362 691 2418 ubi
742 2362 969 2435 Moyses
1014 2362 1185 2433 ejecit
1232 2362 1316 2418 eis
1365 2380 1579 2435 aquam
1633 2364 1703 2418 de
1748 2367 1913 2435 petra

254 2453 447 2522 (Num.
480 2455 595 2521 xx),
621 2452 792 2525 juxta
818 2456 1036 2508 terram
1067 2451 1495 2524 promissionis,
1530 2452 1766 2524 quando
1789 2453 1914 2524 jur-

253 2542 371 2615 gati
422 2544 568 2603 sunt
614 2540 719 2596 ﬁlii
766 2540 966 2607 Israel,
1011 2540 1267 2596 dicentes
1326 2542 1480 2613 quod
1541 2559 1657 2596 non
1716 2544 1915 2613 posset

255 2644 476 2702 aquam
508 2630 581 2687 de
610 2633 776 2702 petra
804 2630 1144 2702 producere,
1166 2652 1186 2678 α
1223 2632 1280 2685 et
1308 2632 1549 2685 vexatus
1578 2633 1667 2685 est
1688 2630 1915 2703 Moyses

262 2723 507 2791 propter
537 2735 656 2787 eos,
692 2739 720 2767 »
754 2717 810 2773 id
841 2720 931 2773 est
961 2718 1230 2773 turbatus
1280 2722 1371 2774 est
1420 2718 1491 2774 ab
1541 2717 1679 2785 illis,
1721 2737 1743 2766 α
1778 2718 1916 2790 quia

254 2808 754 2863 exacerbaverunt
783 2805 1057 2878 spiritum
1087 2805 1235 2877 ejus,
1268 2825 1296 2857 ι»
1334 2806 1391 2861 id
1424 2808 1513 2861 est
1542 2821 1676 2861 eum
1698 2804 1914 2860 iratum

264 2913 369 2968 pro
404 2912 519 2951 sua
547 2892 957 2950 incredulitate
991 2893 1254 2949 fecerunt
1283 2896 1339 2950 et
1368 2895 1666 2949 acerbum.

335 3005 364 3037 α
393 2985 470 3040 Et
500 3003 529 3036 η
561 2983 701 3056 quia
730 2985 1064 3038 commotus
1096 2981 1203 3037 fuit
1234 2984 1305 3038 ab
1332 2980 1472 3050 illis,
1513 3002 1541 3034 α
1570 2981 1835 3036 distinxit
1857 2982 1917 3036 in

2021 494 2099 551 tis
2127 495 2248 566 Dei,
2285 499 2684 571 sequebantur
2714 500 3056 558 traditiones
3090 520 3250 560 suas.

2095 615 2119 640 α
2148 586 2218 640 Et
2249 589 2388 641 tunc
2416 587 2600 643 iratus
2633 592 2723 645 est
2750 589 3058 659 Dominus,
3089 614 3117 645 ι»
3163 592 3229 648 id
3274 598 3367 650 est
3414 596 3679 653 exhibuit

2021 673 2292 729 effectum
2343 673 2473 729 irati
2508 693 2532 717 (ε
2565 675 2625 730 in
2679 675 2962 748 populum
3005 695 3205 745 suum,
3240 696 3265 723 »ι
3300 685 3360 736 et
3388 681 3497 738 hoc
3530 706 3555 731 «
3588 683 3678 740 ru-

2021 778 2171 829 rore,
2205 780 2229 806 »
2262 761 2320 817 id
2355 767 2445 818 est
2472 764 2633 836 gravi
2671 764 2774 832 ira,
2812 790 2835 815 ‹‹
2867 770 2924 821 et
2953 767 3329 826 abominatus
3376 774 3467 826 est
3493 771 3676 827 haere-

2020 849 2265 905 ditatem
2297 868 2488 920 suam,
2519 871 2543 894 »
2569 854 2699 924 jam
2732 870 2848 909 non
2881 871 3096 911 curans
3127 872 3226 913 eos
3277 856 3449 930 quasi
3494 857 3675 917 haere-

2022 938 2265 994 ditatem
2327 940 2656 996 defendere.
2693 960 2716 983 «
2748 943 2818 996 Et
2866 956 2895 987 ι»
2935 942 3067 999 ideo
3112 966 3138 1000 c
3173 946 3417 1002 tradidit
3462 962 3561 1004 eos
3609 947 3678 1003 in-

2019 1044 2234 1082 manus
2282 1028 2573 1100 gentium,
2608 1052 2636 1081 ››
2670 1030 2809 1102 quia
2858 1034 2999 1086 tunc
3049 1037 3189 1088 sunt
3239 1051 3274 1088 a
3320 1034 3673 1093 Philisthsais

2018 1116 2226 1172 devicti
2285 1141 2309 1165 α
2367 1122 2425 1173 et
2483 1117 2765 1174 dominati
2826 1124 2964 1175 sunt
3018 1138 3220 1177 eorum
3271 1108 3373 1195 qui
3423 1124 3673 1181 oderunt

2017 1223 2136 1274 eos,
2170 1237 2194 1262 η
2229 1207 2453 1263 scilicet
2487 1207 2806 1263 Philisthzei
2838 1213 2895 1264 et
2925 1208 3045 1264 alii.

2089 1325 2113 1349 α
2144 1296 2215 1350 Et
2244 1299 2384 1351 tunc
2414 1295 2841 1352 tribulaverunt
2865 1314 2964 1353 eos
2996 1297 3217 1354 inimici
3247 1314 3472 1368 eorum,
3492 1304 3551 1356 et
3569 1301 3675 1356 hu-

2018 1382 2227 1439 miliati
2259 1388 2455 1453 sunt,»
2491 1384 2549 1440 id
2581 1388 2670 1440 est
2696 1384 2951 1441 multum
2983 1385 3185 1442 afﬂicti
3211 1414 3234 1438 ‹‹
3258 1387 3370 1443 sub
3390 1387 3669 1446 mnibus

2016 1489 2218 1529 eorum
2252 1488 2266 1528 :
2303 1497 2326 1522 «
2358 1473 2645 1529 Dominus
2676 1476 2871 1529 tamen
2904 1494 2928 1519 «
2962 1492 3113 1548 smpe
3145 1475 3415 1532 liberavit
3441 1493 3561 1534 eos.
3594 1503 3634 1535 »ο

2090 1583 2114 1608 κ
2146 1562 2262 1634 Ipsi
2295 1565 2494 1617 autem
2526 1580 2551 1604 υ
2585 1562 2736 1617 hanc
2767 1562 3176 1620 liberationem
3211 1581 3327 1620 non
3360 1567 3671 1623 attenden-

2017 1654 2126 1719 tes,
2163 1670 2186 1693 «
2219 1651 2711 1706 exacerbaverunt
2740 1668 2876 1707 eum
2908 1652 2968 1706 in
3003 1652 3247 1709 consilio
3277 1671 3406 1723 suo,
3439 1673 3464 1698 ιι
3496 1654 3555 1710 id
3582 1658 3674 1711 est

2017 1739 2302 1807 consulte,
2321 1761 2345 1785 κ
2378 1744 2435 1796 et
2466 1739 2761 1795 humiliati
2793 1745 2932 1795 sunt
2960 1740 3021 1795 in
3053 1741 3467 1813 iniquitatibus
3484 1738 3665 1811 suis,-

2017 1829 2075 1883 id
2108 1833 2197 1884 est
2228 1831 2464 1901 propter
2490 1827 2832 1900 iniquitates
2864 1846 3004 1885 suas
3033 1833 3172 1885 sunt
3211 1829 3411 1887 afflicti
3460 1830 3667 1888 multis

2018 1917 2230 1973 modis.

2095 2007 2203 2061 «Et
2218 2022 2353 2061 cum
2368 2022 2392 2047 ι)
2412 2005 2526 2077 ipsi
2547 2005 2631 2060 ita
2652 2035 2675 2058 α
2701 2004 3297 2075 tribularentur,vidit
3315 2029 3343 2057 »
3358 2007 3663 2077 Dominus,

2019 2099 2076 2151 et
2096 2095 2373 2149 misertus
2395 2096 2485 2149 est
2504 2109 2705 2149 eorum
2722 2096 2815 2148 «et
2837 2093 3390 2150 audivitorationem
3403 2111 3691 2165 eoru~m,»r.

2020 2183 2078 2238 id
2113 2188 2202 2238 est
2230 2182 2498 2237 liberavit
2527 2198 2646 2249 eos,
2679 2186 2736 2237 et
2767 2183 2905 2255 quia
2934 2183 3389 2253 tribulabantur,
3422 2187 3480 2240 et
3526 2183 3666 2256 quia

2022 2271 2357 2328 clamabant
2376 2271 2449 2326 ad
2472 2287 2628 2326 eum.
2647 2292 2670 2317 ‹‹
2689 2271 2758 2325 Et
2779 2287 3003 2327 memor
3021 2272 3503 2328 fuitTestamenti
3516 2272 3664 2344 δαίμ

2020 2361 2085 2417 id
2129 2364 2219 2417 est
2266 2357 2673 2432 promissionis
2720 2360 2885 2415 factae
2931 2360 3178 2415 Abrahae
3221 2360 3372 2429 (Gen.
3412 2364 3580 2433 xxn),
3608 2362 3670 2417 in

2023 2450 2194 2521 cujus
2225 2447 2448 2504 semine
2466 2464 2581 2502 non
2612 2446 2958 2520 impleretur
2972 2448 3286 2521 promissio
3316 2466 3496 2522 quam
3518 2451 3675 2507 Deus

2024 2539 2256 2606 fecerat,
2271 2536 2387 2592 nisi
2410 2552 2508 2592 eos
2530 2540 2806 2591 servaret.
2833 2553 2857 2578 α
2881 2538 2949 2591 Et
2971 2536 3243 2609 paenituit
3262 2553 3419 2606 eum,
3444 2559 3468 2586 ι»
3489 2537 3549 2594 id
3581 2543 3675 2596 est

2024 2629 2404 2683 immutatum
2436 2626 2657 2680 factum
2689 2628 2778 2680 est
2803 2646 2826 2671 (ι
2859 2627 3184 2681 secundum
3229 2616 3671 2684 multitudinem

2025 2714 2435 2772 misericordiae
2467 2731 2605 2781 suae,
2639 2731 2754 2768 non
2786 2730 2889 2785 pro
2919 2714 3145 2770 meritis
3183 2729 3409 2781 eorum,
3438 2716 3547 2772 sed!
3587 2704 3679 2773 se?

2026 2805 2286 2862 cundum
2319 2801 2778 2858 misericordiam
2806 2818 2997 2869 suam,
3031 2819 3158 2874 qua)
3189 2803 3378 2859 multa
3407 2807 3517 2860 est.

2101 2913 2125 2938 κ
2155 2894 2227 2948 Et
2257 2891 2419 2947 dedit
2451 2907 2550 2946 eos
2578 2889 2641 2945 in
2671 2889 3126 2961 misericordias,
3160 2911 3185 2937 ν)
3218 2890 3371 2948 sicut
3409 2892 3666 2965 Petrum,

2027 2987 2085 3040 et
2114 2981 2382 3047 Paulum,
2412 2983 2470 3035 et
2498 2979 2880 3051 Stephanum,
2914 2982 2971 3033 et
2994 2979 3140 3035 alios
3187 2979 3405 3052 quibus
3434 2972 3677 3054 peccata-

259 3072 440 3128 labiis
463 3072 611 3140 suis,
630 3094 653 3121 ι
680 3071 739 3126 id
762 3074 851 3126 est
875 3069 1919 3126 aliteretnimisconﬁdenterlocutus
2029 3067 2413 3136 condonavit;
2441 3071 2498 3122 et
2525 3066 2585 3122 in
2615 3067 2700 3122 eis
2732 3067 3171 3123 multitudinem
3196 3068 3441 3147 justitiae
3472 3069 3671 3127 multi-

262 3160 472 3216 fuitad
500 3159 634 3216 illos
666 3174 843 3232 quam
875 3158 1306 3227 consuevisset;
1327 3157 1504 3214 veluti
1546 3158 1787 3230 quidam
1827 3158 1913 3212 di-
1945 3147 1988 3213 C
2027 3157 2296 3231 plicavit;
2330 3156 2523 3212 ethoc
2549 3159 2696 3228 est,§«
2730 3155 2788 3209 in
2820 3160 3135 3228 conspectu
3158 3157 3425 3213 omnium
3458 3158 3560 3231 qui
3584 3174 3672 3215 ee-

261 3254 426 3317 cunt,
449 3252 918 3322 praesumptuose
935 3248 1109 3304 dixit:
1127 3248 1403 3321 Nunquid
1420 3247 1741 3320 poterimus
1751 3247 1915 3302 vobis

258 3338 513 3394 educere
534 3338 605 3393 de
623 3342 787 3410 petra
802 3353 1018 3410 aquam
1030 3337 1058 3392 ?
1074 3340 1185 3393 etc.
1202 3338 1273 3392 Et
1286 3337 1499 3392 iterum
1526 3335 1685 3391 aliud
1708 3352 1915 3408 pecca—

256 3430 385 3482 tum
418 3429 751 3496 enumerat,
772 3426 969 3481 dicens
994 3443 1007 3481 :
1034 3448 1062 3475 ‹‹
1088 3426 1213 3481 Non
1226 3425 1917 3497 disperdideruntgentes

258 3532 408 3587 quas
440 3514 660 3581 dixit,»
686 3513 745 3569 id
778 3517 868 3569 est
898 3514 1190 3586 praecepit,
1217 3538 1245 3563 ‹‹
1270 3513 1721 3569 DominusDeus
1746 3512 1863 3568 illis
1883 3530 1921 3562 ut

260 3608 323 3660 ut
353 3602 1084 3676 disperderent.-Praecepit
1114 3602 1269 3658 enim
1303 3602 1588 3657 Dominus
1617 3605 1682 3656 ut
1701 3600 1918 3674 disper-

258 3694 471 3749 derent
503 3692 638 3747 illas
669 3695 870 3765 gentes
902 3692 973 3746 de
1001 3695 1159 3746 terra
1188 3690 1484 3758 Chanaan,
1523 3689 1746 3746 scilicet
1782 3707 1918 3761 pro-

260 3780 597 3852 missionis,
628 3796 701 3835 ne
742 3796 944 3835 eorum
997 3778 1479 3835 consuetudinem
1532 3777 1918 3846 addiscerent,

260 3875 319 3927 et
343 3888 456 3943 per
488 3868 652 3924 illam
683 3869 754 3924 ad
787 3868 1079 3924 culturam
1112 3866 1402 3923 idolorum
1422 3869 1812 3923 moverentur.

332 3959 465 4015 Non
489 3957 985 4029 disperdiderunt,
1001 3957 1102 4013 sed
1121 3954 1317 4027 potius
1332 3984 1355 4008 ‹‹
1376 3954 1673 4011 commisti
1690 3954 1923 4012 suntin-

262 4052 350 4103 ter
363 4050 573 4121 gentes
596 4068 623 4095 »
650 4050 811 4101 terra:
836 4045 1014 4112 illius,
1031 4068 1059 4095 ‹‹
1075 4047 1134 4100 et
1154 4044 1488 4100 didicerunt
1507 4060 1683 4116 opera
1694 4059 1918 4111 eorum,

265 4141 321 4192 et
349 4136 686 4193 servierunt
712 4134 1087 4207 sculptilibus
1116 4149 1340 4202 eorum,
1373 4136 1430 4188 et
1458 4133 1677 4188 factum
1698 4136 1788 4189 est
1804 4132 1923 4188 illis

263 4226 323 4282 in
355 4223 730 4292 scandalum,
752 4247 778 4272 ››
810 4223 950 4295 quia
978 4222 1162 4279 Judaei
1194 4221 1561 4277 offenderunt
1590 4222 1923 4294 Deum.Ag-

265 4316 471 4385 gravat
502 4310 790 4367 malitiam
814 4309 1254 4378 eorum,dicens
1272 4327 1284 4365 :
1304 4331 1332 4359 ‹‹
1350 4310 1420 4365 Et
1449 4308 1921 4379 immolaverunt,

264 4400 420 4458 ﬁlios
473 4416 617 4455 suos
666 4402 723 4454 et
771 4398 923 4455 ﬁlias
975 4415 1112 4454 suas
1144 4395 1471 4453 daemoniis.
1508 4420 1535 4447 »
1568 4398 1715 4453 Nam
1749 4398 1797 4453 si
1826 4398 1924 4454 isti

266 4495 407 4580 sunt
439 4487 779 4580 idololatria
799 4486 900 4580 qui
932 4486 1128 4580 hircos
1157 4485 1488 4580 immolant,
1520 4486 1704 4542 multo
1733 4487 1925 4580 magis
1954 4516 2001 4580 Β

264 4577 350 4633 illi
384 4577 493 4650 qui
525 4575 700 4632 ﬁlios.
732 4576 847 4632 Nec
875 4574 1330 4631 immolaverunt
1362 4573 1513 4631 ﬁlios
1545 4592 1684 4631 suos
1717 4576 1920 4649 depre-

266 4667 488 4722 hensos
521 4665 579 4720 in
616 4665 887 4737 peccatis,
908 4665 1008 4721 sed
1042 4687 1069 4714 «
1104 4664 1436 4719 effuderunt
1466 4664 1812 4736 sanguinem
1837 4665 1924 4721 in-

268 4759 600 4821 nocentem,
637 4755 985 4825 sanguinem
1016 4752 1270 4808 ﬁliorum
1303 4769 1545 4808 suorum
1579 4756 1636 4807 et
1669 4751 1923 4809 ﬁliarum

267 4861 517 4900 suarum
530 4860 697 4915 ,quas
710 4844 1190 4898 sacriﬁcaverunt
1203 4840 1577 4914 sculptilibus
1589 4841 1919 4897 Chanaan.»

341 4960 369 4986 α
410 4933 482 4988 Et
512 4954 536 4979 ν)
571 4932 716 4987 dum
747 4931 860 5004 ipsi
906 4932 987 4987 ita
1017 4931 1411 4987 interﬁcerent
1440 4930 1592 4986 ﬁlios
1626 4948 1785 5001 suos,
1816 4932 1925 5003 ipsi

267 5021 524 5077 interius
554 5020 842 5077 interfecti
873 5023 1014 5076 sunt
1045 5037 1058 5075 :
1092 5024 1149 5075 et
1178 5020 1289 5076 hoc
1334 5024 1445 5091 est,
1476 5019 1784 5076 interfecta
1813 5020 1925 5090 (in-

267 5109 445 5177 facta)
475 5113 567 5165 est
594 5113 769 5177 terra,
803 5134 830 5164 η
863 5109 920 5164 id
951 5113 1041 5165 est
1070 5107 1182 5182 ipsi
1213 5109 1427 5164 terreni
1457 5108 1744 5165 interfecti
1787 5114 1928 5165 sunt

268 5198 431 5253 inter
459 5215 521 5253 se
551 5214 579 5245 α
609 5198 667 5253 in
701 5196 1112 5271 sanguinibus,
1144 5224 1170 5250 ιο
1204 5197 1329 5253 suis
1362 5215 1375 5252 :
1412 5214 1439 5245 α
1468 5201 1525 5252 et
1565 5197 1625 5251 in
1655 5215 1683 5246 ι)
1720 5198 1926 5269 hujus-

268 5284 438 5341 modi
469 5314 493 5339 α
525 5286 802 5359 operibus
850 5303 1055 5360 eorum
1104 5291 1193 5343 est
1243 5286 1662 5352 contaminata,
1692 5308 1717 5333 ι»
1751 5287 1810 5342 id
1842 5292 1930 5344 est

268 5374 371 5432 alii
406 5376 672 5448 exemplo
703 5392 907 5432 eorum
939 5379 1079 5433 sunt
1104 5375 1256 5431 male
1286 5375 1570 5448 operati.«
1602 5376 1673 5431 Et
1694 5395 1718 5422 η
1752 5375 1929 5433 etiam

266 5463 388 5536 ipsi
424 5464 654 5538 utrique
691 5487 712 5515 ι
747 5465 1015 5523 fornicati
1048 5467 1187 5522 sunt
1215 5490 1239 5514 »
1276 5482 1310 5520 a
1340 5464 1551 5533 Deo,et
1582 5464 1928 5521 adhaerendo

272 5551 535 5608 daemoni
558 5553 916 5624 adultero,et
936 5554 1046 5610 hoc
1070 5572 1092 5595 α
1116 5554 1173 5609 in
1208 5552 1722 5610 adinventionibus
1745 5553 1867 5610 suis
1902 5578 1924 5605 ιθ

2025 3244 2235 3321 perant‘
2258 3262 2376 3300 eos.
2410 3264 2434 3288 υ
2479 3246 2613 3309 Quae
2661 3243 2818 3298 enim
2868 3248 3070 3317 gentes
3123 3245 3289 3318 prius
3336 3246 3675 3304 habuerunt

2024 3337 2258 3393 Judaeos
2288 3333 2567 3406 captivos,
2602 3334 2774 3387 modo
2820 3349 3131 3403 conversae,
3184 3339 3530 3408 receperunt
3574 3352 3675 3393 eos

2026 3424 2361 3496 magistros,
2397 3426 2461 3477 ut
2490 3423 2722 3477 Petrum
2755 3426 2812 3477 et
2840 3422 3007 3477 alios.
3040 3422 3165 3491 Vel,
3201 3440 3226 3466 α
3258 3423 3317 3478 in
3356 3428 3673 3496 conspectu

2027 3512 2293 3569 omnium
2326 3512 2426 3582 qui
2457 3514 2737 3582 ceperunt
2775 3528 2897 3577 eos,
2928 3527 2956 3557 ι)
2988 3500 3046 3565 in
3095 3516 3410 3583 conspectu
3459 3513 3674 3569 deamo-

2029 3614 2197 3668 num,‘
2230 3617 2356 3672 quae
2388 3600 2553 3670 prius
2582 3599 2840 3669 captivos
2871 3600 3147 3654 tenebant
3176 3617 3296 3655 eos.
3671 3598 3675 3603 ’

2101 3707 2125 3732 ει
2159 3688 2360 3745 Salvos
2392 3688 2500 3742 fac.
2537 3709 2564 3737 ››
2598 3687 2735 3741 Pars
2767 3691 2948 3743 sexta.
2979 3687 3369 3743 Continuatio.
3402 3689 3674 3753 Quando-

2030 3780 2289 3851 quidem,
2321 3795 2354 3831 o
2401 3775 2667 3846 Domine,
2715 3778 2801 3830 tot
2846 3774 3129 3829 beneﬁcia
3179 3774 3372 3831 fecisti
3404 3775 3686 3847 patribusl

2031 3867 2268 3933 nostris,
2302 3881 2437 3936 ergo
2462 3865 2551 3919 fac
2580 3865 2783 3919 eadem
2810 3866 2868 3918 et
2897 3861 3103 3931 nobis;
3135 3865 3194 3917 et
3223 3861 3331 3918 hoc
3359 3867 3469 3932 est,
3506 3885 3529 3915 ι
3557 3864 3673 3920 θαῖ-

2028 3973 2133 4011 vos
2162 3956 2251 4010 fac
2280 3952 2666 4021 nos,Domine
2694 3952 2848 4007 Deus
2880 3954 3098 4020 noster,
3111 3954 3169 4007 et
3199 3967 3489 4026 congrege.
3504 3968 3668 4019 nos,»

2030 4044 2090 4100 id
2121 4047 2211 4099 est
2242 4043 2330 4098 fac
2362 4058 2469 4096 nos
2501 4040 2807 4096 convenire
2852 4040 2911 4094 in
2958 4039 3194 4095 nomine
3242 4039 3374 4096 ﬁdei
3407 4056 3423 4096 :
3474 4064 3513 4092 «ι
3537 4053 3677 4097 eon-

2031 4149 2209 4206 grega
2237 4153 2264 4181 »
2296 4131 2424 4186 dico
2462 4153 2483 4180 «ι
2520 4129 2589 4184 de
2617 4127 2976 4196 nationibus,
3008 4146 3035 4179 η
3071 4127 3130 4184 id
3172 4132 3264 4184 est
3315 4129 3387 4185 de
3432 4128 3681 4186 diversis

2032 4222 2326 4296 gentibus,
2356 4220 2465 4287 vel,
2499 4219 2811 4275 auferendo
2843 4218 2915 4273 de
2963 4217 3321 4288 nationibus,
3355 4217 3581 4276 scilicet
3606 4219 3681 4275 de

2033 4309 2360 4366 imitatione
2389 4308 2675 4381 gentium.

2102 4401 2187 4455 Ad
2218 4399 2327 4454 hoc
2358 4412 2647 4470 congrega
2676 4418 2704 4447 «
2722 4400 2784 4451 ut
2813 4397 3197 4453 conﬁteamur
3224 4395 3446 4452 nomini
3477 4400 3680 4453 sancto

2033 4493 2154 4557 tuo,
2187 4492 2246 4544 et
2274 4485 2594 4560 gloriemur
2621 4484 2681 4539 in
2710 4485 2884 4540 laude
2917 4489 3038 4551 tua,
3074 4506 3101 4535 ››
3138 4488 3202 4539 ut
3224 4482 3464 4556 gloriosi
3493 4500 3682 4556 appa—

2032 4594 2267 4633 reamus
2299 4576 2371 4631 de
2403 4575 2511 4630 hoc
2543 4574 2698 4647 quod
2730 4577 2786 4629 te
2815 4572 3146 4641 laudamus,
3181 4576 3237 4628 et
3267 4574 3499 4628 tantum
3527 4570 3685 4628 valet

2034 4666 2155 4721 haec
2183 4664 2400 4737 optatio
2433 4666 2720 4735 quantum
2750 4660 3133 4717 enumeratio.

2104 4756 2175 4809 Et
2221 4752 2355 4807 inde
2405 4752 2564 4818 dicit,
2598 4750 2735 4822 quia
2780 4766 2886 4805 nos
2930 4748 3031 4816 ita,
3063 4749 3239 4820 Deus,
3273 4747 3685 4825 congregabis,

2036 4866 2063 4893 ‹‹
2099 4841 2441 4898 benedictus
2475 4862 2501 4887 υ
2533 4839 2612 4895 sit
2643 4860 2670 4889 «
2703 4839 2989 4895 Dominus
3021 4838 3175 4894 Deus
3206 4837 3406 4907 Israel,
3442 4861 3472 4887 n
3503 4836 3561 4892 id
3595 4840 3685 4893 est

2035 4929 2440 4987 benedictione
2484 4927 2797 5001 incipiente
2831 4949 2858 4977 ‹‹
2891 4928 2963 4984 ab
2998 4950 3025 4977 »
3075 4928 3186 4984 hoc
3236 4950 3263 4977 «
3298 4926 3530 4994 sseculo,
3563 4928 3623 4982 et
3655 4947 3684 4975 ››

2038 5020 2389 5093 perdurante
2447 5038 2479 5071 «η
2520 5017 2579 5072 in
2636 5041 2662 5068 ι)
2711 5017 2870 5073 aliud
2919 5041 2947 5067 «
2982 5016 3303 5084 saeculum;
3336 5019 3394 5071 et
3424 5014 3682 5086 populus

2036 5108 2247 5176 omnis,
2282 5106 2504 5164 scilicet
2545 5106 2799 5181 gentilis,
2833 5105 2971 5177 quia
3021 5104 3214 5160 adhuc
3262 5106 3351 5159 est
3400 5102 3684 5172 carnalis,

2041 5222 2069 5250 «
2099 5198 2270 5270 dicet,
2305 5197 2451 5266 Fiat,
2486 5199 2606 5263 ﬁat,
2642 5219 2670 5246 ››
2698 5195 2757 5249 id
2790 5198 2899 5263 est,
2931 5192 3273 5249 benedictus
3305 5191 3383 5248 sit
3412 5191 3588 5249 Deus.

2534 5321 2608 5377 IN
2658 5317 3006 5376 PSALMUM
3046 5316 3189 5373 CVI.

2580 5428 2856 5482 Trruws.
2888 5423 3145 5479 Alleluia.

2109 5580 2135 5605 α
2168 5550 2557 5611 Couﬁtemiui.
2590 5548 2685 5605 ιιι.
2723 5570 2751 5597 ››
2784 5546 2844 5603 Si
2894 5546 3179 5605 habeatur
3206 5547 3367 5606 aliud
3423 5518 3682 5615 alleluia,
