4018 6176
369 273 487 338 563

716 317 726 338 ι
792 271 1198 334 HAYMONIS
1229 267 1773 332 HALBERSTAT.
1805 261 2052 324 EPISG.
2085 261 2255 323 OPP.
2288 259 2492 321 PARS
2522 260 2570 320 Ι.
2603 292 2682 304 —
2709 259 3116 322 COMMENT.
3149 260 3352 320 BIBL.

3661 261 3820 334 564,

368 405 752 484 ρι’ωοθὰθηῐὶδ
781 382 992 478 psalmi
1023 406 1130 470 est,
1146 401 1470 458 secundum
1501 395 2009 471 Hieronymum.ln
2041 393 2098 460 Α
2125 393 2254 484 dico
2287 393 2440 484 quod
2473 409 2572 447 eos
2613 390 2878 484 redemit,
2929 389 3070 484 quia
3121 390 3230 463 ipsi
3281 413 3309 441 «
3349 397 3712 484 erraverunt,
3747 419 3768 447 ι

368 483 560 570 primo
589 517 618 546 «
634 491 1000 552 Conﬁtemini
1019 514 1040 542 ι
1078 488 1334 546 ostendit
1353 486 1634 544 beneﬁcia
1650 487 1800 543 facta
1815 483 2014 541 electis

370 583 581 642 Israel:
608 581 667 638 in
689 580 945 640 secundo
967 577 1397 636 misericordias
1428 593 1576 649 quas
1607 574 1742 631 fecit
1769 590 2012 646 peccan-

369 673 557 730 tibus:
574 672 633 727 in
655 671 764 726 hoc
783 671 983 726 autem
1005 665 1262 724 ostendit
1280 665 1561 722 beneﬁcia
1574 681 1700 737 quae
1717 662 1850 718 fecit
1860 665 2014 719 Deus

371 757 687 818 universali
735 755 1024 825 Ecclesiae,
1058 755 1129 812 de
1175 755 1396 811 Judzeis
1435 758 1612 826 atque
1642 752 1914 827 gentibus
1944 753 2014 808 de

368 845 898 923 quatuorpartibus
912 845 1116 901 mundi
1131 847 1514 916 congregatae;
1529 846 1586 898 et
1598 842 1736 916 quia
1748 841 2014 915 psalmus

369 932 1508 999 istelaudabiliaDeibeneﬁciacontinet,
1531 931 1658 986 ideo
1683 931 2016 987 intitulatur

371 1049 400 1078 κ
414 1023 714 1082 Alleluia.»
729 1022 971 1080 Materia
981 1027 1121 1079 sunt
1135 1023 1262 1095 ipsa
1273 1020 1809 1078 beneﬁcia.Modus:
1828 1020 1889 1074 In
1905 1019 2014 1092 pri-

371 1117 642 1188 maparte
662 1111 865 1187 agitde
886 1111 1249 1185 ignorantia;
1271 1109 1528 1166 ostendit
1545 1110 1836 1181 quomodo
1858 1109 2013 1164 Deus

369 1206 632 1261 errantes
660 1201 720 1257 in
748 1199 1090 1257 inﬁdelitate
1112 1199 1332 1272 peccati
1365 1202 1422 1254 et
1443 1197 1773 1270 ignorantia
1795 1199 2012 1270 perdu-

373 1297 468 1350 cat
491 1293 549 1348 in
571 1289 890 1347 Ecclesium
913 1305 1082 1346 suam
1107 1306 1120 1344 :
1145 1307 1213 1346 ex
1237 1287 1566 1346 militudine
1595 1286 1776 1354 illius,
1810 1287 1909 1360 qui
1932 1305 2016 1344 er-

371 1385 570 1438 rantes
591 1380 652 1436 in
672 1378 986 1436 solitudine
1003 1379 1076 1434 ad
1097 1377 1387 1433 civitatem
1409 1376 1654 1432 reduxit.
1677 1377 1739 1430 In
1759 1377 2017 1432 secunda

373 1474 557 1543 parte,
572 1486 699 1542 qua:
720 1467 926 1541 incipit
943 1483 956 1523 :
973 1491 1002 1518 ‹‹
1025 1467 1142 1522 Con
1152 1467 1422 1521 ﬁtcantur
1433 1465 1700 1532 Domino,
1721 1488 1746 1514 ››
1761 1466 2018 1521 ostendit

371 1559 666 1633 quomodo
696 1557 851 1613 Deus
881 1555 1244 1612 introductos
1264 1555 1324 1609 in
1347 1553 1606 1610 Ecclesia
1629 1554 1801 1610 satiet
1821 1554 2015 1610 divino

365 1648 563 1716 verbo,
597 1650 655 1702 et
682 1645 920 1702 vincula
961 1648 1335 1717 peccatorum
1365 1643 1627 1715 ipsorum
1660 1642 2011 1714 disrumpat,

2123 481 2488 537 daemonibus
2517 485 2574 537 et
2605 497 2718 535 non
2751 480 2866 536 Deo
2899 479 3276 549 obcdientcs;
3329 505 3356 529 ‹‹
3394 481 3454 535 in
3503 481 3771 539 solitudi-

2123 587 2216 637 ne,
2253 593 2280 619 »
2317 569 2370 624 id
2405 573 2494 625 est
2523 587 2556 625 a
2587 568 2694 625 soli
2727 569 2862 638 Deo,
2897 567 3120 624 scilicet
3143 573 3448 626 manentes
3480 569 3538 624 in
3575 571 3772 628 inﬁde-

2121 659 2322 727 litate;
2357 682 2385 710 ‹‹
2415 663 2473 715 et
2504 681 2530 709 ››
2565 658 2741 714 etiam
2771 679 2797 709 η
2836 657 2895 713 in
2926 657 3234 730 inaquoso,
3271 681 3298 706 ››
3331 658 3388 713 id
3434 663 3528 714 est
3576 659 3634 714 in
3669 660 3773 716 sicr

2123 749 2295 806 citate
2343 752 2401 804 et
2446 747 2716 804 ariditate
2765 747 2972 802 divinae
3025 747 3328 816 doctrinae,
3379 747 3610 804 scilicet
3659 767 3768 804 non

2123 837 2417 894 habebant
2445 836 2544 910 qui
2573 854 2672 892 eos
2705 837 3096 909 perfunderet,
3129 839 3188 892 et
3215 835 3506 909 irrigaret,
3535 843 3594 893 et
3615 838 3769 894 fruc-

2123 927 2370 983 tiﬁcaret
2417 943 2542 982 rore
2591 924 2841 981 ccclestis
2892 923 3168 980 doctrina:
3201 942 3214 981 :
3253 929 3310 980 et
3338 925 3481 997 quia
3511 931 3679 982 erant
3708 927 3766 984 in

2123 1015 2437 1072 solitudine
2468 1021 2526 1071 et
2558 1014 2680 1070 sine
2708 1014 2994 1083 doctrina,
3027 1013 3157 1070 ideo
3201 1035 3222 1061 ι
3257 1031 3372 1069 non
3425 1013 3772 1072 invenerunt

2121 1105 2276 1161 viam
2304 1105 2556 1162 civitatis
2584 1125 2610 1156 η
2649 1121 2751 1176 per
2780 1120 2960 1176 quam
2993 1108 3236 1175 possent
3283 1105 3557 1160 accedere
3588 1105 3661 1160 ad
3690 1106 3766 1160 ci-

2120 1195 2358 1250 vitatem
2393 1210 2407 1249 :
2454 1211 2568 1249 non
2619 1192 2748 1249 dico
2791 1191 3261 1266 qualemcunque
3307 1191 3625 1260 civitatem,
3665 1197 3764 1252 sed

2122 1281 2461 1350 habitaculi,
2495 1305 2522 1331 »
2556 1282 2612 1336 id
2644 1286 2734 1337 est
2761 1280 2820 1336 in
2849 1298 2966 1353 qua
3003 1281 3394 1337 habitandum
3442 1288 3533 1338 est
3580 1283 3762 1340 ﬁdeli-

2123 1372 2256 1437 bus,
2291 1372 2346 1426 id
2379 1375 2468 1427 est
2495 1369 2784 1426 Ecclesiae.

2195 1459 2331 1516 Dico
2366 1478 2478 1515 non
2511 1459 2856 1516 invenerunt
2874 1458 3036 1516 illam
3049 1459 3223 1529 viam,
3239 1459 3378 1516 licet
3393 1466 3591 1518 essent
3609 1483 3630 1511 ι
3646 1479 3771 1520 esu-

2123 1549 2338 1605 rientes
2366 1553 2424 1605 et
2455 1549 2720 1604 sitientes
2753 1569 2779 1600 υ
2815 1549 2968 1604 viam
3001 1567 3117 1621 qua
3165 1553 3406 1622 possent
3454 1550 3651 1608 venire
3697 1554 3767 1610 ad

2121 1655 2317 1694 veram
2363 1637 2836 1694 beatitudinem:
2878 1637 3030 1694 sicut
3081 1639 3364 1695 mundani
3412 1639 3766 1712 philosophi,

365 1736 523 1794 sicut
543 1731 1852 1806 sialiquishominesintroductosincivitatcm
1869 1732 2013 1788 bene
2047 1762 2090 1825 Β
2122 1727 2221 1800 qui
2255 1725 2500 1782 diversis
2541 1726 2865 1782 rationibus
2912 1726 3158 1783 sollicite
3206 1726 3584 1800 inquirebant
3628 1731 3766 1802 quid

362 1825 626 1898 pasceret
649 1825 706 1879 et
735 1823 1016 1878 reﬁceret.
1051 1821 1114 1876 In
1145 1820 1318 1877 tertia
1345 1823 1529 1893 parte,
1562 1837 1690 1892 quae
1742 1819 1946 1891 incipit
1976 1837 2011 1875 a

360 1913 618 1969 secundo
649 1934 678 1962 «
711 1909 1129 1978 Conﬁteantur,
1148 1933 1174 1960 ››
1208 1908 1466 1966 ostendit
1496 1909 1788 1980 quomodo
1813 1907 2008 1963 satiati

357 2017 462 2074 per
476 2001 719 2056 verbum
749 1997 1015 2055 divinum
1037 1997 1339 2054 fastidiant
1369 1997 1743 2069 aliqui,quod
1771 1997 2007 2069 quidem

357 2087 603 2144 mortale
633 2089 723 2143 est
750 2086 836 2142 eis
866 2085 1006 2158 quia
1046 2103 1162 2140 non
1211 2089 1462 2157 possunt
1505 2085 1703 2140 cibum
1754 2103 2006 2154 sumere,

357 2174 474 2232 nisi
501 2175 656 2232 Deus
688 2175 950 2230 reﬁceret
977 2191 1096 2242 eos,
1115 2178 1179 2229 ut
1201 2174 1329 2245 jam
1351 2171 1615 2228 divinum
1647 2173 1889 2228 verbum
1909 2191 2008 2230 eos

357 2279 656 2320 resumere
687 2261 952 2319 delectet.
987 2263 1050 2317 In
1093 2265 1302 2334 quarta
1350 2265 1534 2333 parte,
1564 2279 1690 2334 quae
1739 2261 1946 2334 incipit
1976 2281 2010 2318 a

357 2351 530 2409 tertio
560 2374 589 2401 «
622 2351 1040 2418 Conﬁteantur,
1067 2371 1093 2400 ι)
1129 2349 1387 2406 ostendit
1417 2351 1710 2423 quomodo
1745 2351 1900 2407 Deus
1931 2369 2013 2406 rc-

361 2443 554 2498 ctores
577 2437 845 2496 Ecclesia:
863 2438 1258 2512 periclitantes
1272 2439 1475 2496 multis
1492 2439 1942 2512 tempestatibus
1955 2445 2014 2496 et

363 2528 638 2605 procellis
665 2530 848 2603 hujus
873 2529 1090 2598 saeculi,
1125 2529 1281 2586 sicut
1310 2534 1561 2586 rectores
1591 2530 1826 2586 navium
1869 2532 2008 2588 ﬁuc-

366 2619 530 2676 tibus
558 2617 761 2687 maris,
793 2617 1106 2692 procellam
1140 2622 1424 2686 amoveat,
1457 2637 1664 2675 auram
1703 2618 2008 2692 immittat,

365 2711 426 2766 et
453 2704 688 2766 tandem
720 2707 780 2765 in
811 2711 1046 2782 portum
1078 2707 1396 2765 voluntatis
1427 2708 1696 2764 deducat.
1719 2713 1784 2764 In
1808 2709 2014 2782 quinta

366 2799 550 2871 parte,
581 2814 710 2870 quis
741 2796 947 2870 incipit
975 2797 1048 2853 ab
1097 2797 1306 2854 ultimo
1343 2819 1370 2849 ε(
1403 2797 1824 2868 Conﬁteantur,
1860 2821 1887 2848 »
1917 2816 2009 2854 os-

363 2886 553 2944 tendit
573 2887 738 2959 justo
765 2886 868 2945 Dei
897 2885 1123 2959 judicio
1153 2887 1388 2944 Judzeos
1416 2903 1546 2943 esse
1587 2890 1923 2955 cxcmcatos,
1955 2891 2014 2943 et

361 2973 788 3048 plenitudinem
819 2975 1084 3048 gentium
1116 2975 1501 3041 subintrasse,
1524 2979 1582 3030 et
1603 2992 1703 3031 eos
1727 2975 2012 3031 maximos

361 3063 592 3120 fructus
623 3064 870 3120 Domino
901 3063 1246 3118 reddidisse.
1281 3063 1532 3118 Intentio
1562 3067 1654 3119 est
1704 3067 1771 3118 ut
1815 3069 2010 3120 cante-

363 3166 500 3207 mus
531 3149 787 3216 alleluia,
820 3149 877 3205 id
911 3153 1021 3218 est,
1051 3154 1116 3204 ut
1144 3150 1328 3205 Deum
1361 3149 1692 3205 laudemus.

429 3237 552 3293 Vox
582 3237 877 3310 propheta;
909 3237 992 3293 sic
1023 3236 1395 3292 admonentis
1431 3254 1444 3292 :
1478 3237 1768 3293 Attendite
1801 3239 2014 3294 beneﬁ-

360 3325 470 3394 cia,
505 3341 632 3398 qua:
665 3323 802 3380 facit
831 3323 1116 3381 Dominus
1144 3323 1432 3393 Ecclesiae,
1451 3329 1507 3380 et
1539 3330 1786 3397 utroque
1803 3344 2013 3398 genere

363 3411 751 3471 confessionis
798 3435 827 3463 «
861 3412 1219 3468 conﬁtemini
1265 3412 1532 3480 Domino,
1591 3437 1612 3462 ι
1667 3419 2011 3472 accusantes

361 3519 466 3560 vos
496 3503 569 3558 de
621 3501 878 3575 peccatis
926 3501 1154 3570 vestris,
1205 3505 1264 3556 et
1317 3500 1623 3558 laudantes
1672 3503 1854 3559 Deum
1908 3523 2010 3576 pro

364 3591 745 3649 multitudine
772 3589 1188 3650 beneﬁciorum
1219 3607 1460 3646 suorum
1495 3608 1508 3646 :
1541 3594 1598 3647 et
1629 3592 1850 3648 debetis
1882 3611 2013 3649 con-

363 3680 515 3738 ﬁteri
547 3704 577 3732 «
611 3682 890 3756 quoniam
925 3703 952 3730 ››
983 3679 1108 3753 ipse
1137 3684 1227 3736 est
1252 3703 1280 3729 ‹‹
1316 3679 1526 3748 bonus,
1563 3703 1591 3729 »
1624 3680 1681 3735 id
1716 3685 1806 3736 est
1837 3681 2010 3744 mise-

361 3770 566 3842 ricors,
599 3773 659 3828 et
689 3771 982 3828 condonat
1013 3773 1251 3843 peccata
1303 3769 1736 3825 conlidentibus
1769 3787 1782 3826 :
1817 3775 1871 3826 et
1903 3770 2010 3826 hoc

361 3859 532 3916 facite
581 3859 639 3915 in
689 3859 982 3932 praesenti,
1033 3859 1176 3914 dum
1235 3861 1472 3931 tempus
1527 3862 1618 3915 est
1671 3859 2006 3927 miserendi,

360 3969 391 3998 «
421 3947 702 4020 quoniam
733 3947 1137 4003 misericordia
1165 3947 1294 4016 ejus
1329 3970 1356 3996 ››
1387 3950 1476 4002 cst
1509 3969 1536 3996 α
1569 3946 1629 4001 in
1654 3947 1958 4014 szeculum,
1981 3971 2008 3998 »

359 4035 420 4090 id
449 4038 540 4090 est
566 4033 626 4088 in
655 4034 766 4090 hac
792 4035 915 4090 vita
943 4039 1034 4091 est
1062 4034 1226 4090 locus
1255 4035 1687 4103 misericordiae,
1705 4040 1836 4107 post
1857 4037 2008 4092 hanc

359 4124 543 4179 restat
563 4120 878 4192 judicium.

431 4209 551 4280 Ego
583 4224 790 4262 moneo
818 4224 920 4264 vos
945 4209 1204 4264 conﬁteri
1242 4214 1300 4264 et
1328 4210 1438 4265 hoc
1479 4211 1632 4266 idem
1677 4214 1830 4284 quod
1879 4213 2007 4269 dico

359 4311 519 4368 ergo,
550 4319 579 4344 α
614 4294 816 4350 dicant
847 4318 874 4344 ››
906 4312 1110 4351 omnes
1141 4295 1240 4351 alii
1272 4320 1300 4346 ‹‹
1335 4298 1436 4369 qui
1493 4299 1775 4370 redempti
1807 4306 1946 4356 sunt
1975 4320 2009 4356 a

361 4381 630 4452 Domino,
667 4406 695 4432 »
729 4383 970 4450 scilicet,
1021 4383 1400 4440 cxhortentur
1450 4385 1595 4441 alios
1641 4389 1902 4443 conﬁteri
1953 4393 2010 4444 et

2118 1821 2273 1872 esset
2305 1833 2606 1871 summum
2640 1817 2882 1886 bonum,
2917 1821 2974 1872 et
3003 1833 3121 1889 qua
3148 1816 3241 1872 via
3287 1821 3530 1889 possent
3575 1819 3770 1876 venire

2119 1906 2190 1960 ad
2223 1922 2415 1960 veram
2448 1905 2890 1962 beatitudinem.
2925 1904 3048 1977 Vel,
3080 1929 3108 1956 ‹‹
3141 1905 3467 1963 esurientes
3497 1911 3553 1963 et
3575 1908 3768 1965 sitien-

2119 1997 2206 2048 tes
2235 2016 2262 2042 ››
2296 1993 2643 2070 naturaliter
2669 2010 2869 2049 verum
2917 1995 3158 2050 bonum.
3191 1994 3407 2052 Omnes
3456 1996 3616 2052 enim
3666 2015 3766 2053 na~

2119 2081 2388 2137 turaliter
2419 2081 2668 2138 tendunt
2698 2083 2771 2138 ad
2803 2099 3002 2138 verum
3045 2083 3288 2151 bonum,
3324 2085 3426 2141 sed
3472 2102 3589 2140 non
3635 2103 3770 2143 vera

2117 2171 2211 2225 via
2245 2189 2258 2238 ;
2294 2171 2425 2243 quia
2461 2170 2702 2242 quidam
2733 2188 2838 2243 per
2875 2171 3216 2243 potentiam,
3250 2171 3496 2245 quidam
3539 2191 3644 2247 per
3677 2175 3766 2231 di-

2119 2259 2425 2332 gnitatem,
2459 2259 2698 2332 quidam
2733 2277 2836 2332 per
2866 2261 3120 2330 divitias,
3155 2260 3288 2316 aliis
3320 2279 3555 2334 quoque
3588 2263 3770 2320 diver-

2119 2349 2203 2405 sis
2234 2348 2522 2404 modis:ct
2545 2348 2680 2404 licet
2707 2349 2998 2405 esurirent
3024 2353 3082 2406 et
3112 2348 3357 2414 sollicite
3382 2349 3768 2424 inquirerent,

2119 2442 2314 2492 tamen
2351 2459 2378 2486 «
2412 2436 2628 2503 anima,
2667 2461 2692 2485 η
2725 2437 2781 2492 id
2813 2443 2902 2494 est
2932 2437 3238 2510 sapientia,
3259 2461 3287 2490 «
3317 2456 3518 2496 eorum
3540 2441 3600 2495 in
3623 2441 3770 2514 ipsis

2120 2526 2331 2582 defecit
2364 2549 2390 2575 ››
2423 2525 2561 2598 quia
2591 2525 2724 2594 sibi,
2757 2531 2815 2582 et
2863 2544 2979 2582 non
3030 2526 3166 2595 Deo,
3200 2527 3552 2601 sapientiam
3601 2530 3769 2586 attri-

2120 2615 2402 2682 buebant,
2432 2619 2488 2670 et
2518 2613 2645 2670 ideo
2677 2631 2877 2671 eorum
2925 2615 3214 2688 sapientia
3259 2615 3491 2672 nullum
3543 2619 3769 2690 profec-

2121 2707 2247 2760 tum
2279 2702 2505 2773 habuit,
2538 2703 2638 2759 sed
2673 2721 2913 2776 prorsus
2957 2703 3182 2761 inutilis
3229 2704 3486 2775 inventa,
3519 2707 3770 2776 defecit;

2119 2791 2221 2864 qui
2251 2809 2382 2848 vero
2411 2809 2514 2864 per
2537 2791 2828 2864 potentias
2858 2796 2915 2847 et
2931 2791 3048 2848 alia
3077 2793 3418 2865 hujusmodi
3439 2794 3771 2869 inquirunt,

2121 2881 2423 2950 deﬁciunt,
2453 2880 2592 2954 quia
2619 2882 2900 2939 rectavia
2929 2899 3042 2938 non
3075 2881 3372 2939 incedunt.

2192 2993 2218 3020 ‹‹
2256 2970 2326 3024 Et
2356 2994 2382 3018 ››
2418 2969 2556 3042 quia
2584 2969 2668 3025 sic
2699 2971 3054 3042 defecerunt,
3089 2970 3195 3026 hac
3227 2973 3574 3031 necessitate
3613 2992 3776 3032 coac-

2121 3059 2187 3128 ti,
2227 3080 2247 3106 ι
2279 3058 2676 3115 clamaverunt
2705 3059 2778 3114 ad
2812 3059 3146 3128 Dominum,
3189 3083 3217 3112 ››
3268 3060 3476 3118 divinae
3523 3063 3771 3135 quidem

2045 3126 2086 3192 C
2125 3148 2322 3221 gratim
2353 3147 2706 3219 aspiratione
2736 3147 3060 3216 admoniti;
3113 3171 3139 3202 α
3167 3153 3225 3205 et
3256 3172 3284 3199 ››
3318 3150 3441 3222 ipse
3493 3176 3520 3201 «
3555 3153 3774 3225 eripuit

2121 3255 2221 3294 eos
2255 3261 2282 3285 ι»
2309 3237 2474 3309 quasi
2510 3237 2764 3308 quadam
2795 3236 3069 3292 violentia
3098 3239 3168 3294 de
3199 3239 3654 3298 necessitatibus
3683 3260 3773 3299 eo-

2123 3343 2275 3393 rum,
2311 3349 2337 3373 »
2371 3325 2426 3380 id
2457 3325 2650 3392 est,dc
2684 3324 3010 3397 ignorantia
3031 3331 3088 3382 et
3117 3344 3309 3382 errore
3335 3327 3694 3398 solitudinis,
3714 3336 3770 3386 et

2123 3415 2342 3470 ducens
2372 3413 2430 3468 in
2463 3411 2802 3480 Ecclesium,
2835 3412 3182 3484 sapientiam
3222 3431 3417 3470 veram
3463 3417 3770 3472 ministra-

2123 3502 2202 3556 vit
2226 3501 2309 3557 eis
2345 3518 2357 3556 :
2393 3525 2418 3550 ‹‹
2455 3501 2671 3572 eripuit
2705 3524 2730 3548 ››
2763 3499 2890 3556 dico
2923 3525 2951 3552 ‹‹
2986 3519 3120 3557 cum
3169 3502 3613 3572 tribularentur,
3650 3528 3672 3554 ι
3711 3505 3766 3560 id

2121 3595 2209 3647 est
2239 3608 2374 3645 cum
2411 3589 2660 3645 maxime
2689 3589 3170 3664 angustiarentur
3202 3591 3534 3666 ignorantia
3558 3599 3617 3650 et
3635 3595 3768 3651 aliis

2121 3679 2572 3736 necessitatibus
2602 3679 2842 3750 peccati.

2192 3792 2220 3818 ‹‹
2255 3768 2484 3841 Eripuit
2515 3792 2536 3819 ι
2576 3767 2724 3838 dico,
2762 3790 2789 3818 ‹‹
2821 3772 2876 3824 et
2913 3792 2932 3817 ιο
2970 3769 3180 3824 deinde
3231 3794 3256 3818 α
3293 3771 3535 3826 deduxit
3578 3789 3680 3830 eos
3706 3772 3764 3827 in

2119 3858 2273 3913 viam
2305 3861 2542 3925 rectam,
2571 3880 2598 3906 »
2631 3857 2683 3911 id
2719 3874 2802 3924 es,
2845 3857 3238 3931 cognitionem
3292 3859 3508 3916 Christi
3563 3864 3622 3916 et
3669 3879 3760 3918 ca-

2119 3945 2344 4002 tholicae
2377 3945 2512 4001 ﬁdei
2545 3945 2852 4017 inspiravit
2880 3946 2965 4002 eis
2999 3964 3012 4001 :
3047 3948 3122 4001 ad
3151 3946 3261 4003 hoc
3286 3969 3314 3998 ‹‹
3340 3952 3405 4004 ut
3435 3947 3586 4005 irent
3615 3973 3644 3998 ››
3666 3967 3766 4022 per

2120 4035 2332 4090 bonam
2365 4034 2760 4106 operationem
2798 4057 2822 4083 ‹‹
2858 4033 2914 4088 in
2947 4033 3263 4102 civitatem,
3299 4058 3326 4087 ››
3362 4035 3419 4091 id
3451 4041 3540 4093 est
3569 4033 3765 4094 Eccle-

2119 4122 2268 4180 siam
2299 4127 2563 4179 sanctam
2599 4146 2625 4172 «
2661 4122 3043 4180 habitationis
3075 4147 3102 4174 ››
3136 4125 3195 4179 in
3223 4143 3342 4197 qua
3377 4125 3760 4182 habitandum

2119 4218 2228 4269 est.

2189 4327 2215 4350 ι(
2260 4302 2680 4357 Conlitcantur.
2734 4324 2762 4350 ››
2818 4301 2957 4358 Pars
3007 4303 3284 4359 secunda.
3349 4304 3592 4377 Propter
3645 4305 3763 4360 hac

2119 4389 2391 4462 przedicta
2440 4389 2721 4445 beneﬁcia
2769 4391 2870 4445 Dei
2919 4391 3048 4446 dico
3103 4413 3131 4442 «
3179 4391 3602 4448 Conﬁtemini:
3649 4416 3677 4444 ι»
3711 4398 3764 4448 et

361 4471 547 4530 Deum
577 4472 838 4529 laudare.
868 4473 937 4529 Et
965 4472 1112 4528 bene
1141 4472 1364 4529 debetis
1395 4473 1505 4529 hoc
1544 4474 1754 4544 dicere,
1789 4476 2006 4548 quiahi
2039 4493 2084 4558 Ι)
2118 4479 2256 4533 item
2307 4483 2542 4550 propter
2587 4477 2708 4533 hmo
2757 4497 2883 4550 qua:
2932 4485 3263 4551 sequuntur
3305 4504 3331 4530 ‹‹
3368 4483 3766 4537 Conﬁteantur

361 4565 501 4620 sunt
529 4585 558 4612 ‹‹
591 4578 738 4634 quos
769 4561 1014 4618 redemit
1045 4584 1070 4609 η
1103 4560 1388 4617 Dominus
1421 4561 1688 4633 przetioso
1721 4563 2007 4636 sanguine

361 4649 490 4708 Filii
525 4649 614 4705 sui
647 4673 674 4700 «
710 4651 782 4706 de
815 4668 992 4706 manu
1025 4649 1270 4721 inimici,
1308 4673 1334 4699 ››
1368 4650 1423 4705 id
1469 4653 1557 4705 est
1604 4652 1674 4706 de
1723 4656 2006 4724 potestate

359 4737 574 4796 diaboli
610 4755 622 4792 :
658 4755 760 4793 nec
791 4739 960 4812 pauci
995 4738 1301 4810 redempti,
1336 4739 1436 4794 sed
1471 4763 1498 4787 ‹‹
1531 4755 1630 4794 eos
1680 4758 2002 4814 congrega-

355 4827 489 4883 vit»
517 4825 803 4882 Dominus
829 4827 885 4882 in
919 4827 1132 4883 unione
1165 4826 1296 4880 ﬁdei
1333 4849 1358 4874 ‹‹
1391 4827 1461 4882 de
1494 4827 1828 4900 regionibus
1865 4855 1890 4879 υ
1921 4831 2003 4886 di-

355 4914 563 4986 versis.

425 5005 577 5060 Bene
623 5002 774 5069 dico,
831 5003 959 5058 «de
1010 5002 1366 5075 regionibus,
1404 5026 1432 5052 ››
1485 5003 1622 5075 quia
1661 5011 1996 5081 congregati

352 5096 493 5147 sunt
524 5109 559 5148 a
587 5115 614 5143 ‹‹
650 5091 791 5148 solis
820 5095 972 5160 ortu,
1005 5113 1032 5140 ››
1069 5091 1124 5147 id
1165 5095 1256 5147 est
1303 5092 1376 5146 ab
1425 5091 1690 5147 orientali
1742 5097 1996 5166 regione,

349 5199 379 5227 «
413 5182 468 5234 et
499 5196 730 5248 occasu,
765 5180 838 5236 ab
869 5179 1162 5252 aquilone,
1201 5203 1226 5228 ››
1260 5179 1312 5234 id
1361 5183 1450 5235 est
1497 5198 1530 5234 a
1581 5183 1996 5254 septentrione,

352 5284 382 5313 α
413 5269 472 5320 et
499 5267 668 5335 mari,
705 5289 732 5315 »
764 5267 822 5323 id
861 5273 950 5325 est
979 5285 1014 5323 a
1062 5267 1386 5324 meridiana
1434 5266 1626 5341 plaga.
1663 5269 1769 5325 Per
1816 5289 1994 5338 mare,

352 5351 506 5422 quod
557 5357 648 5409 est
697 5353 754 5409 in
803 5355 1050 5412 circuitu
1106 5357 1388 5413 universae
1437 5361 1622 5425 terrm,
1674 5359 1999 5430 qnan‘ilibct

353 5437 558 5494 mundi
590 5443 813 5510 partem
846 5445 1521 5518 possumusdesignare.

431 5521 693 5580 Ostendit
721 5528 874 5584 unde
901 5547 1001 5586 eos
1031 5533 1314 5601 redemit;
1347 5533 1514 5605 quasi
1547 5533 1764 5592 diceret
1798 5554 1808 5591 :
1846 5537 1996 5596 Bene

2118 4566 2363 4623 Domino
2396 4565 2805 4622 misericordia:
2839 4569 2988 4639 ejus,
3031 4573 3090 4624 et
3139 4568 3503 4625 miserabilia
3546 4571 3697 4642 ejus,
3735 4593 3762 4620 ››

2116 4655 2171 4710 id
2204 4660 2313 4722 est,
2347 4654 2546 4711 ﬁdeles
2576 4654 2819 4709 laudent
2855 4655 3066 4724 Deum,
3098 4655 3382 4712 habentes
3416 4675 3627 4714 causas
3649 4658 3765 4714 lau-

2113 4743 2288 4799 dandi
2324 4742 2751 4799 misericordias
2783 4744 3035 4812 Domini,
3073 4745 3422 4802 mirabiliter
3463 4745 3762 4820 impensas

2112 4857 2138 4882 α
2173 4833 2309 4887 ﬁliis
2343 4832 2670 4887 hominum.
2703 4855 2730 4882 »
2766 4857 2792 4882 ‹‹
2824 4833 3226 4890 Conﬁteantur
3256 4835 3503 4892 Domino
3545 4835 3766 4892 miscri-

2111 4922 2320 4978 cordia:
2351 4923 2499 4991 ejus,
2535 4944 2562 4969 »
2595 4921 2648 4976 id
2682 4925 2772 4977 est
2803 4921 3073 4980 homines
3124 4923 3367 4980 laudent
3419 4927 3605 4981 Deum
3657 4943 3763 4998 pro

2111 5009 2530 5066 misericordiis
2571 5027 2720 5081 quas
2771 5011 2905 5066 fecit
2953 5011 3058 5078 eis,
3112 5031 3214 5084 pro
3264 5013 3664 5080 mirabilibus,
3706 5019 3764 5070 et

2109 5099 2231 5154 haec
2265 5095 2556 5152 mirabilia
2588 5099 2740 5153 facta
2771 5098 2910 5154 ﬁliis
2944 5100 3278 5158 hominum.

2183 5186 2314 5241 lbeo
2345 5184 2559 5240 debent
2589 5185 2854 5240 conﬁteri
2885 5191 2942 5242 et
2973 5187 3276 5258 laudare,«
3313 5189 3454 5262 quia
3482 5191 3761 5246 satiavit»

2113 5274 2391 5332 Dominus
2421 5275 2592 5330 verbo
2645 5275 2922 5331 doctrinm
2954 5277 3307 5349 spiritualis,
3340 5297 3444 5351 per
3492 5297 3672 5353 quam
3702 5280 3758 5335 in

2106 5363 2363 5421 Ecclesia
2393 5381 2500 5418 sua
2529 5381 2627 5419 eos
2649 5365 2978 5435 composuit
3009 5389 3034 5416 ‹‹
3071 5366 3332 5423 animam
3368 5368 3629 5438 inanem,
3649 5393 3675 5418 η
3701 5369 3755 5424 id

2108 5460 2196 5511 est
2223 5472 2466 5510 vacuam
2499 5455 2572 5509 ab
2603 5453 2762 5509 omni
2791 5472 2926 5510 vera
2954 5457 3305 5529 cognitione,
3338 5459 3517 5515 veluti
3567 5460 3758 5515 fatuos

2109 5549 2165 5600 et
2197 5563 2308 5600 non
2344 5547 2552 5611 fatuos,
2585 5548 2642 5598 et
2671 5542 3006 5616 simplices;
3040 5548 3140 5602 sed
3187 5572 3200 5594 ‹
3236 5553 3289 5604 et
3324 5549 3587 5604 animam
3622 5566 3749 5606 esu-
