4018 6176
199 315 312 379 565

1387 311 1878 375 EXPLANATIO
1921 312 2001 374 IN
2043 313 2428 380 PSALMOS.

3487 323 3607 388 566

194 449 469 514 rientem,
505 470 535 498 »
566 445 720 503 sicut
742 444 1147 519 philosophos,
1180 467 1209 497 ‹‹
1241 443 1471 502 satiavit
1509 445 1700 514 bonis,
1732 468 1761 496 »
1792 445 1849 501 id
1881 446 1937 514 Α
1966 448 2239 505 eveniunt
2272 466 2284 505 :
2320 454 2378 506 et
2407 468 2475 507 ea
2504 469 2632 525 quae
2662 452 2733 509 de
2776 452 2903 525 ipso
2953 453 3187 512 fastidio
3234 455 3604 530 proveniunt,

192 543 306 605 est,
340 537 586 610 replevit
614 535 911 610 spirituali
941 534 1249 608 sapientia.

263 650 293 679 «
327 627 578 684 Satiavit
611 649 638 676 ››
668 625 797 682 dico
829 625 990 697 ipsos
1023 646 1051 674 ‹‹
1084 625 1377 690 sedentes,
1415 646 1442 673 ››
1474 624 1533 679 id
1564 628 1672 692 est,
1697 641 1850 680 com-
1912 616 1927 627 ’

187 720 497 774 morantes
529 739 555 766 ‹‹
582 715 640 770 in
672 713 948 781 tenebris,
972 734 1000 764 »
1025 713 1083 768 id
1106 717 1213 778 est,
1239 713 1296 767 in
1320 712 1713 785 ignorantia,a
1732 729 1850 783 qua

185 804 356 862 nullo
389 805 566 861 modo
598 821 702 877 per
740 820 802 859 se
846 806 1086 874 possent
1130 801 1284 857 exire
1319 817 1331 857 :
1368 824 1395 850 «
1430 805 1487 856 et
1517 822 1545 850 »
1579 801 1848 856 sedentes

186 918 213 945 α
249 895 313 949 in
347 894 566 950 umbra
591 892 819 960 mortis,
847 914 875 941 ››
898 890 955 946 id
986 890 1159 957 est,in
1192 890 1351 961 turpi
1382 889 1522 954 vita,
1545 906 1672 960 quae
1694 892 1850 943 esset

183 983 508 1040 excascatio
537 982 641 1046 eis,
677 985 734 1037 et
761 980 974 1035 umbra
1001 980 1221 1034 ducens
1250 978 1321 1033 ad
1355 983 1604 1033 mortem
1638 994 1652 1031 :
1686 975 1846 1048 ipsos

184 1073 323 1129 dico
356 1096 385 1123 ‹‹
422 1071 651 1127 vinctos
680 1069 742 1125 in
775 1067 1169 1135 mendicitate,
1206 1089 1234 1117 »
1270 1067 1326 1122 id
1377 1072 1490 1137 est,
1524 1066 1848 1139 indigentia

182 1161 377 1217 totius
428 1159 600 1227 boni;
634 1181 661 1208 κ
695 1162 753 1213 et
798 1157 969 1225 ferro,
1004 1179 1033 1206 »
1060 1155 1118 1210 id
1166 1160 1276 1221 est,
1316 1155 1535 1210 duritia
1582 1158 1844 1226 peccato-

184 1267 350 1306 rum.

254 1339 403 1394 Ideo
456 1340 622 1394 erant
664 1336 725 1390 in
774 1332 1173 1400 mendicitate,
1208 1354 1236 1383 ‹‹
1269 1332 1409 1404 quia
1469 1333 1866 1387 exacerbave-.

180 1432 354 1496 runt,
394 1449 425 1476 »ι
458 1427 517 1482 id
546 1429 655 1493 est,
689 1424 898 1480 acerba
921 1423 1353 1494 judicaverunt,
1384 1420 1660 1491 fugiendo
1682 1444 1707 1468 ‹‹
1733 1420 1848 1476 elo-

182 1518 332 1591 quia
362 1516 494 1584 Dei,
522 1537 550 1564 ››
569 1514 627 1570 id
649 1518 758 1582 est,
784 1515 1072 1585 praicepta
1090 1509 1192 1566 Dei
1217 1527 1230 1567 :
1258 1510 1401 1582 quia
1422 1510 1469 1564 si
1493 1508 1708 1582 aliquis
1730 1527 1848 1564 mo-

180 1608 371 1669 nebat
401 1622 505 1661 eos
534 1604 605 1659 de
636 1602 920 1659 cbaritate
956 1599 1044 1655 vel
1093 1599 1290 1670 aliquo
1339 1597 1462 1665 tali,
1497 1598 1849 1670 reputabant

181 1695 630 1769 fugiendam,et
649 1692 707 1746 in
732 1689 893 1745 nullo
913 1687 1138 1744 moneri
1168 1686 1478 1742 voluerunt
1502 1704 1514 1742 :
1539 1688 1629 1741 lex
1650 1691 1845 1741 tamen

182 1783 490 1843 naturalis
523 1780 821 1837 indicabat
859 1777 943 1834 eis
991 1778 1101 1833 hoc
1151 1793 1267 1831 non
1314 1792 1443 1831 esse
1491 1774 1843 1830 faciendum.

185 1898 214 1926 α
244 1875 323 1931 Et
356 1871 677 1929 consilium
702 1867 1010 1935 Altissimi,
1039 1888 1066 1915 ››
1090 1864 1316 1921 scilicet
1344 1863 1601 1919 cmlestia
1619 1867 1850 1935 appete-

182 1963 419 2032 re,haac
445 1966 678 2017 terrena
707 1974 822 2014 non
854 1952 1324 2022 curare,Cbristo
1345 1956 1544 2008 nostro
1567 1953 1849 2023 Redemp-

182 2052 299 2110 tori
338 2050 662 2116 adhaerere,
696 2071 723 2097 ‹‹
750 2046 1145 2109 irritaverant,
1172 2064 1200 2091 ››
1224 2042 1281 2097 id
1314 2047 1422 2109 est,
1455 2044 1744 2113 quantum
1775 2041 1847 2095 ad

182 2159 245 2200 se
274 2157 511 2197 vanum
544 2138 824 2204 fecerunt,
848 2151 983 2191 cum
1011 2133 1070 2187 in
1103 2131 1283 2187 nullis
1314 2130 1543 2186 Christo
1567 2129 1851 2186 assentire

182 2231 536 2294 voluerunt,
566 2243 673 2283 nec
703 2226 899 2297 ipsum
941 2238 1070 2278 esse
1103 2221 1548 2291 Redemptorem
1589 2217 1849 2273 credide-

184 2326 338 2379 runt
367 2336 383 2375 :
419 2316 510 2375 vel
539 2318 879 2389 spernentes
908 2310 1222 2368 consilium
1263 2307 1573 2375 Altissimi,
1609 2311 1673 2361 ut
1702 2324 1848 2378 pra:-

183 2412 429 2467 dictum
487 2409 598 2473 est,
648 2403 1042 2469 irritaverant,
1092 2399 1153 2454 id
1211 2402 1319 2466 est,
1353 2398 1426 2452 ad
1484 2394 1850 2451 iracundiam

184 2500 387 2557 Deum
422 2496 899 2569 provocaverunt.

257 2609 289 2635 «
334 2585 411 2640 Et
444 2605 474 2633 »
504 2580 646 2654 quia
673 2579 758 2635 sic
787 2577 1183 2643 irritaverunt,
1217 2576 1346 2630 ideo
1370 2597 1397 2623 ‹‹
1434 2591 1533 2629 eor
1561 2590 1785 2641 eorum,
1822 2595 1849 2623 ››

185 2675 245 2731 id
259 2678 388 2738 est,
405 2672 608 2728 anima
627 2685 884 2735 eorum,«
899 2670 990 2722 est
1009 2664 1389 2721 humiliatum
1414 2664 1473 2718 in
1494 2662 1854 2729 laboribus,»

187 2764 245 2819 id
281 2766 410 2828 est,
439 2761 497 2815 in
519 2757 828 2815 conatibus
858 2755 983 2811 suis
1008 2771 1022 2809 :
1048 2754 1187 2825 quia
1207 2756 1733 2825 quantumcunque
1755 2768 1857 2806 co-

191 2855 518 2914 narentur,
558 2852 615 2902 et
653 2846 987 2901 laborarent
1035 2859 1138 2914 per
1184 2858 1246 2898 se
1295 2842 1368 2896 ad
1417 2839 1856 2912 inquisitionem

188 2938 597 2999 beatitudinis
625 2934 841 3004 venire,
865 2938 1061 2989 tamen
1084 2948 1183 2987 cor
1201 2935 1291 2986 est
1314 2927 1860 2999 humiliatum,quia

190 3030 573 3087 defecerunt.
604 3023 733 3091 Vel,
756 3039 853 3078 cor
882 3025 970 3077 est
1000 3018 1376 3076 bumiliatum
1404 3022 1460 3072 et
1490 3017 1773 3073 amictum
1797 3016 1855 3069 in

190 3117 539 3180 laboribus,
574 3136 602 3163 ››
633 3113 691 3168 id
725 3116 837 3177 est,
871 3108 1076 3165 multis
1110 3107 1386 3175 miseriis,
1412 3123 1558 3178 quas
1579 3106 1733 3160 Deus
1755 3105 1860 3159 im-

1957 537 2123 611 prius
2152 539 2318 611 ponit
2346 541 2548 597 dicens
2582 558 2595 597 :
2630 564 2658 592 ‹‹
2692 542 2833 614 quia
2861 543 3152 611 contrivit,
3188 566 3216 595 »
3240 544 3298 602 id
3320 547 3607 618 est,anni-

1957 626 2179 695 hilavit,
2215 652 2243 679 «
2276 633 2475 700 portas
2522 648 2722 698 aereas,
2760 654 2786 680 ››
2818 632 2875 687 id
2910 637 3019 701 est,
3055 634 3203 689 iram
3233 638 3295 690 et
3330 635 3607 709 concupi-

1957 717 2241 771 scentiam
2272 718 2561 774 destruxit
2581 720 2639 774 in
2662 721 2767 787 eis,
2791 738 2917 793 qua:
2947 726 3088 777 sunt
3117 727 3296 794 porta;
3326 723 3605 781 ducentes

1957 805 2029 859 ad
2060 804 2365 861 interitum
2390 812 2671 862 zeternum
2696 825 2709 863 :
2744 826 2920 865 aereas
2949 814 3135 877 vocat,
3163 811 3304 883 quia
3326 827 3462 868 cum
3484 812 3607 869 sint

1955 894 2300 950 naturaliter
2329 894 2388 949 in
2421 894 2792 962 homine,vix
2821 896 3037 969 aliquis
3067 903 3258 970 potest
3286 899 3600 957 dominari.

1959 1002 1988 1032 ‹‹
2018 983 2088 1037 Et
2114 987 2306 1039 vectes
2346 984 2584 1051 ferreos,
2618 1006 2646 1033 ››
2676 984 2732 1039 id
2765 989 2874 1053 est,
2909 986 3315 1059 suggestiones
3360 987 3599 1059 diaboli,

1955 1072 2174 1143 quibus
2199 1071 2468 1126 firmatur
2495 1077 2553 1126 et
2583 1074 2993 1129 corroboratur
3018 1073 3079 1129 in
3110 1075 3372 1132 malum:
3406 1081 3465 1133 et
3491 1077 3598 1145 ira,

1953 1164 2012 1215 et
2040 1160 2516 1232 concupiscentia
2545 1178 2673 1232 qua:
2705 1161 2873 1217 nobis
2903 1163 3139 1217 fuerunt
3158 1164 3230 1219 ad
3252 1165 3437 1222 bonos
3456 1182 3604 1224 usus

1954 1249 2111 1316 data,
2146 1248 2371 1304 scilicet
2399 1252 2464 1303 ut
2494 1249 2822 1305 irascamur
2850 1250 3044 1319 malis,
3080 1252 3233 1307 bona
3269 1254 3599 1325 cupiamus.

1954 1339 2112 1403 Quos
2166 1341 2360 1393 vectes
2394 1358 2422 1387 «
2453 1337 2737 1411 confregit
2786 1361 2810 1386 n
2858 1338 3164 1405 Dominus,
3215 1340 3357 1412 quia
3403 1340 3606 1398 fideles

1955 1444 2095 1481 suos
2144 1425 2323 1481 fortes
2372 1426 2525 1493 fecit,
2560 1430 2626 1481 ut
2664 1432 2905 1499 possent
2960 1446 3237 1500 superare
3283 1428 3609 1501 quamlibet

1953 1513 2333 1569 tentationem
2365 1514 2602 1570 diaboli.

2026 1603 2215 1659 Portis
2244 1603 2579 1675 contractis,
2610 1608 2669 1659 et
2695 1605 2959 1660 vectibus
2991 1606 3327 1672 destructis,
3351 1630 3380 1656 «ι
3415 1624 3608 1663 susce-

1956 1691 2043 1763 pit
2069 1708 2169 1747 eos
2203 1714 2229 1739 »
2262 1691 2547 1747 Dominus
2574 1693 2644 1747 ad
2689 1693 2984 1763 justitiam
3017 1695 3089 1749 de
3117 1695 3211 1749 via
3255 1693 3604 1767 iniquitatis,

1956 1780 2014 1835 id
2044 1785 2151 1849 est,
2185 1782 2256 1836 de
2287 1780 2445 1852 turpi
2476 1782 2616 1848 vita,
2649 1799 2825 1853 quam
2857 1783 2916 1837 in
2962 1783 3215 1854 peccatis
3263 1784 3557 1840 ducebant
3587 1802 3601 1839 :

1957 1893 1984 1919 α
2019 1870 2112 1924 via
2142 1892 2169 1918 »
2196 1870 2326 1925 dico
2357 1892 2385 1919 ‹‹
2419 1887 2643 1937 eorum,
2666 1893 2693 1919 ››
2715 1871 2773 1925 id
2795 1876 2905 1939 est,
2930 1888 3107 1943 quam
3139 1871 3251 1943 ipsi
3274 1888 3388 1928 non
3411 1888 3446 1928 a
3465 1873 3602 1941 Deo,

1957 1959 2058 2014 sed
2091 1976 2125 2014 a
2154 1976 2216 2014 se
2240 1958 2713 2015 habebant.Bene
2743 1958 2871 2015 dico
2903 1960 3230 2031 iniquitatis
3261 1961 3603 2027 eorum,ha-

1957 2048 2174 2103 hebant
2205 2071 2231 2096 «
2268 2046 2611 2117 injustitias,
2632 2051 2688 2103 et
2708 2053 2944 2120 propter
2970 2071 2997 2098 ››
3028 2049 3161 2104 illas
3193 2071 3221 2100 ‹‹
3251 2052 3391 2104 sunt
3409 2048 3604 2104 humi-

1958 2135 2105 2203 liati,
2137 2158 2165 2184 ››
2197 2136 2255 2191 id
2287 2140 2396 2201 est,
2431 2135 2634 2190 afflicti
2668 2153 2701 2190 a
2731 2136 2868 2203 Deo,
2901 2140 2967 2191 ut
2988 2153 3092 2208 per
3109 2137 3218 2192 hoc
3240 2152 3609 2211 recognosce-

1961 2228 2091 2279 rent
2120 2229 2376 2297 peccata.
2401 2222 2503 2279 Vel
2535 2223 2663 2279 idco
2695 2223 2956 2296 suscepit
2985 2242 3104 2291 eos,
3137 2226 3277 2297 quia
3306 2225 3420 2298 ipsi
3470 2228 3612 2281 sunt

1960 2313 2277 2378 humiliati,
2311 2312 2368 2366 id
2403 2316 2510 2379 est,
2545 2311 2800 2367 humiles
2830 2313 2990 2383 facti,
3013 2316 3070 2367 et
3099 2313 3427 2386 at’fligentes
3457 2331 3519 2370 se
3549 2314 3609 2369 in

1962 2405 2277 2473 conspectu
2310 2401 2541 2456 Domini
2584 2406 2820 2473 propter
2865 2400 3210 2472 injustitias,
3244 2402 3301 2458 id
3334 2405 3441 2469 est,
3474 2401 3614 2473 quia

1964 2493 2325 2562 cognoscunt
2352 2506 2414 2544 se
2446 2490 2630 2544 Deum
2661 2489 2720 2543 in
2757 2488 2961 2545 multis
2991 2491 3247 2562 peccatis
3276 2490 3610 2547 offendisse.

2039 2579 2170 2633 ldeo
2201 2579 2537 2633 habuerunt
2561 2578 2868 2649 praedictas
2900 2583 3119 2649 portas,
3142 2583 3200 2633 et
3228 2578 3321 2633 via
3349 2578 3613 2651 ipsorum

1965 2668 2075 2722 fuit
2106 2666 2407 2737 iniquitas,
2441 2666 2580 2738 quia
2613 2688 2640 2715 «
2673 2666 2871 2720 anima
2908 2682 3113 2721 eorum
3162 2665 3498 2722 abominata
3527 2670 3618 2723 est

1965 2772 2201 2812 omnem
2230 2772 2449 2822 escam,
2482 2777 2510 2803 »
2536 2755 2593 2808 id
2626 2758 2740 2817 est,
2770 2770 3004 2809 omnem
3038 2753 3413 2808 refectionem
3443 2753 3615 2826 spiri-

1965 2844 2143 2899 tualis
2175 2843 2474 2908 doctrinm,
2507 2867 2535 2892 «
2570 2847 2628 2899 et
2662 2865 2689 2892 ››
2721 2848 3030 2914 propterea
3061 2863 3089 2892 ‹‹
3118 2841 3616 2914 appropinquave-

1967 2937 2106 2988 runt
2134 2948 2321 3004 usque
2343 2932 2413 2987 ad
2447 2935 2645 3003 portas
2677 2930 2952 2998 mortis,»
2981 2930 3038 2985 id
3062 2934 3172 2998 est,
3194 2929 3310 2985 fere
3331 2933 3616 2986 venerunt

1965 3021 2027 3076 in
2058 3020 2545 3092 desperationem,
2579 3037 2705 3091 qua:
2738 3023 2895 3074 recta
2924 3018 3017 3074 via
3045 3018 3209 3074 ducit
3238 3018 3508 3074 homines
3538 3019 3609 3074 ad

1966 3114 2240 3165 aeternam
2272 3114 2543 3165 mortem.

191 3207 394 3264 mittit
444 3205 516 3259 ad
569 3200 987 3259 correctionem
1038 3197 1379 3253 electorum.
1415 3218 1443 3245 ‹‹
1476 3196 1546 3250 Et
1575 3193 1852 3249 inﬁrmati
1889 3184 1934 3250 Ο
2042 3201 2159 3256 Hac
2188 3200 2535 3256 necessitate
2581 3198 2786 3265 coacti,
2820 3222 2848 3249 «
2882 3198 3283 3254 elamaverunt
3311 3197 3384 3253 ad
3416 3196 3613 3252 Domi-

192 3299 373 3363 sunt,
402 3317 431 3341 »
451 3309 485 3348 a
500 3288 975 3364 praesumptione,
1000 3287 1057 3341 id
1076 3290 1185 3354 est,
1209 3286 1606 3357 cognoverunt
1626 3299 1688 3338 se
1710 3282 1857 3336 nihil

192 3400 385 3459 posse
418 3397 522 3454 per
548 3397 632 3447 se,
655 3401 682 3428 ‹‹
709 3394 814 3433 nec
835 3376 946 3432 fuit
968 3398 995 3425 ι»
1019 3376 1172 3431 inter
1201 3391 1301 3429 eos
1322 3398 1348 3423 «
1376 3372 1473 3444 qui
1497 3373 1589 3442 adj
1602 3375 1857 3437 uvaret,»

193 3476 250 3531 id
282 3476 413 3539 est,
447 3469 551 3542 qui
579 3471 776 3540 posset
821 3482 921 3521 eos
957 3464 1207 3520 liberare
1239 3463 1310 3517 de
1337 3462 1594 3517 tenebris
1625 3465 1681 3515 et
1710 3461 1859 3515 ferro

193 3562 433 3636 quibus
462 3556 574 3629 ipsi
604 3555 974 3622 tenebantur,
1000 3551 1139 3624 quia
1167 3568 1273 3607 nec
1304 3548 1415 3623 ipsi
1448 3548 1674 3620 seipsos
1708 3552 1865 3619 pote-

196 3654 335 3708 rant
366 3645 670 3720 expedire,
704 3659 810 3699 nec
839 3643 919 3698 dii
950 3658 1175 3697 eorum.

271 3760 303 3789 «ι
335 3739 417 3795 Et
454 3758 482 3784 »
533 3733 643 3789 hac
690 3731 1037 3788 necessitate
1081 3727 1285 3795 coacti,
1321 3751 1348 3777 «
1379 3726 1796 3793 clamaverunt,
1832 3746 1860 3775 ››

197 3824 488 3901 inspirati
542 3822 781 3895 quidem
812 3838 846 3876 a
875 3818 1142 3884 Domino,
1182 3841 1203 3866 α
1240 3817 1313 3872 ad
1362 3815 1677 3871 Dominum
1729 3830 1865 3901 eum

198 3900 664 3979 tribularentur,
697 3914 754 3965 et
784 3910 855 3965 de
886 3906 1335 3964 necessitatibus
1360 3920 1561 3960 eorum
1601 3900 1869 3958 liberavit

203 4022 307 4060 eos
343 3998 811 4065 sinendicitate,
844 3996 1103 4052 tenebris
1148 3999 1205 4050 et
1252 3992 1385 4049 aliis
1431 3992 1605 4047 malis
1652 3991 1711 4046 in
1758 3991 1866 4047 hac

202 4097 379 4166 parte
412 4087 646 4161 positis,
671 4103 800 4158 qua:
820 4103 924 4158 per
952 4085 1062 4141 hoc
1092 4083 1358 4139 nominat
1381 4104 1408 4133 ‹‹
1433 4079 1868 4145 necessitates,»

205 4182 355 4254 quia
383 4194 495 4251 per
524 4193 586 4232 se
616 4174 779 4231 nullo
809 4175 982 4229 modo
1004 4176 1273 4245 poterant
1294 4170 1429 4225 inde
1449 4167 1871 4239 egredi.Osten-

204 4270 299 4326 dit
318 4265 626 4341 quomodo
651 4262 955 4318 liberavit:
982 4260 1150 4333 quasi
1173 4260 1390 4313 diceret
1414 4274 1427 4311 :
1453 4256 1591 4312 Dico
1615 4279 1641 4305 ‹‹
1668 4254 1871 4310 libera-

205 4360 312 4426 vit,
342 4380 373 4407 »
405 4360 468 4412 et
496 4354 607 4410 hoc
638 4352 811 4408 modo
837 4368 850 4405 :
879 4372 906 4400 ι(
928 4349 1129 4405 eduxit
1158 4364 1255 4403 eos
1286 4348 1358 4402 de
1390 4344 1647 4402 tenebris
1677 4368 1704 4394 »
1736 4344 1872 4399 infi-

208 4444 501 4512 delitatis,
536 4440 678 4515 quia
721 4440 856 4496 fecit
902 4437 1138 4504 fideles;
1172 4460 1199 4486 ‹‹
1235 4441 1293 4491 et
1321 4436 1533 4491 umbra
1582 4434 1811 4504 mortis,
1846 4455 1872 4481 ››

208 4538 361 4609 quia
384 4535 517 4605 jam
550 4548 666 4587 non
697 4528 1154 4600 inquinaverunt
1180 4526 1362 4580 vitam
1386 4541 1571 4610 osuam
1604 4524 1662 4578 in
1688 4522 1874 4595 turpi-

210 4625 330 4680 bus
367 4621 579 4687 factis;
611 4643 639 4667 α
674 4621 734 4674 et
760 4615 994 4672 vincula
1039 4631 1263 4681 eorum,
1300 4636 1328 4662 »
1362 4614 1420 4668 id
1451 4617 1561 4679 est,
1595 4612 1872 4667 duritiam

209 4711 471 4786 peccati,
505 4726 626 4781 qua
655 4706 821 4779 prius
852 4705 1204 4760 tenebantur
1252 4701 1440 4773 ligati,
1472 4725 1499 4750 ‹‹
1536 4700 1810 4773 disrupit,
1845 4724 1872 4750 ››

212 4804 363 4874 quia
391 4798 676 4855 cordibus
721 4792 1233 4865 compunctionem
1266 4789 1532 4855 immisit,
1564 4794 1621 4843 et
1652 4791 1724 4844 ad
1757 4807 1873 4861 poe-

214 4888 538 4946 nitentiam
568 4902 670 4941 eos
701 4883 960 4938 adduxit.

289 5002 320 5027 ς(
358 4976 791 5033 Confiteantur.
828 4994 854 5020 »
886 4971 1026 5026 Pars
1056 4967 1249 5024 tertia.
1284 4967 1458 5033 Quasi
1491 4966 1709 5021 diceret
1740 4985 1752 5022 :
1788 4967 1875 5021 Si-

215 5071 323 5124 cut
356 5069 600 5138 propter
632 5059 915 5118 beneficia
943 5060 1044 5116 Dei
1094 5058 1371 5130 praedicta
1418 5057 1664 5128 dignum
1696 5061 1791 5112 est:
1819 5061 1881 5110 ut

216 5157 628 5213 confiteantur
668 5149 937 5216 Domino,
967 5149 1051 5204 ita
1094 5165 1199 5220 pro
1249 5146 1335 5201 eis
1384 5162 1511 5216 qua:
1557 5150 1885 5217 sequuntur

217 5270 247 5296 «ι
286 5244 692 5301 confiteantur
717 5239 964 5294 Domino
995 5234 1408 5294 misericordiae
1438 5234 1586 5304 ejus,
1620 5239 1678 5289 et
1711 5236 1882 5289 inira-

218 5334 377 5389 bilia
408 5334 538 5403 ejus
570 5329 713 5385 filiis
742 5328 1075 5383 hominum.
1111 5348 1138 5375 »

291 5423 377 5477 Et
397 5422 616 5477 debent
638 5417 924 5485 confiteri,
948 5415 1088 5488 quia
1117 5430 1253 5469 cum
1287 5412 1484 5467 anima
1514 5428 1712 5467 eorum
1740 5413 1882 5468 abo-

220 5510 463 5566 minata
493 5509 575 5564 sit
606 5524 841 5562 omncm
864 5521 1080 5571 escam,
1104 5502 1390 5558 Dominus
1411 5502 1600 5556 aufert
1619 5517 1733 5556 non
1758 5505 1885 5556 tan-

217 5603 367 5657 tum
398 5597 559 5654 illam
604 5594 952 5663 satietatem,
977 5592 1078 5650 sed
1128 5590 1326 5647 omnia
1374 5588 1529 5646 mala
1580 5605 1706 5661 qua:
1755 5591 1888 5649 inde

1968 3306 2109 3345 num
2132 3306 2144 3344 :
2166 3312 2191 3337 ››
2215 3306 2318 3344 nec
2336 3293 2531 3344 tamen
2554 3288 2806 3343 clamare
2838 3288 3189 3360 potuissent,
3210 3285 3323 3342 nisi
3341 3286 3614 3359 praeventi

1969 3378 2166 3434 divina
2195 3377 2597 3432 misericordia
2625 3401 2651 3425 ‹‹
2687 3394 2822 3430 cum
2857 3375 3301 3443 tribularentur,
3334 3378 3392 3429 et
3420 3375 3492 3430 de
3518 3391 3619 3430 ne-

1969 3465 2348 3521 eessitatibus
2377 3482 2577 3519 eorum
2613 3464 2879 3518 liberavit
2906 3481 3025 3519 eos.
3063 3487 3089 3513 ››
3122 3462 3224 3519 Hic
3263 3479 3496 3536 quoque
3527 3480 3621 3519 ac-

1971 3553 2123 3626 cepit
2153 3554 2582 3619 necessitatem,
2618 3557 2854 3625 peccata
2886 3553 2945 3606 in
2978 3552 3086 3607 hac
3116 3556 3281 3622 parte
3313 3551 3629 3623 posita,ve-

1972 3643 2077 3698 luti
2111 3643 2267 3713 quod
2295 3642 2463 3696 duxit
2492 3642 2787 3713 superius,
2812 3646 3031 3712 portas,
3053 3643 3271 3706 vectes,
3293 3643 3352 3694 et
3381 3637 3624 3694 similia.

2044 3733 2162 3787 Hoc
2193 3731 2367 3785 modo
2401 3729 2666 3784 liberavit
2694 3745 2706 3781 :
2742 3752 2769 3777 ‹‹
2806 3728 2969 3782 misit
2997 3726 3255 3781 Verbum
3287 3742 3489 3796 suum,
3508 3748 3537 3775 ››
3567 3726 3627 3781 id

1974 3825 2081 3888 est,
2133 3818 2344 3874 Filium
2402 3834 2577 3872 suum
2623 3817 2759 3871 fecit
2806 3814 3121 3880 incarnari,
3156 3836 3185 3862 ‹‹
3218 3817 3337 3869 et»
3369 3829 3474 3885 per
3516 3812 3628 3869 hoc

1979 3930 2007 3959 ‹‹
2038 3907 2267 3964 sanavit
2294 3923 2414 3973 eos,
2442 3928 2469 3954 ››
2503 3906 2558 3959 id
2589 3909 2678 3960 est
2709 3903 2954 3959 removit
2984 3903 3055 3957 ab
3087 3902 3171 3958 eis
3203 3901 3506 3957 fastidium
3539 3902 3628 3957 di-

1975 3995 2093 4052 vini
2121 3996 2299 4051 verbi.
2331 3994 2454 4064 Vel,
2477 3992 2817 4059 verbum,id
2844 3995 3315 4063 est,praeceptum
3338 3989 3626 4059 divinum,

1976 4089 2034 4141 et
2066 4082 2378 4156 imperium
2412 4099 2611 4153 suum,
2645 4084 2703 4135 et
2732 4081 2962 4136 sanavit
2985 4097 3085 4136 eos
3115 4097 3128 4136 :
3166 4079 3320 4136 sicut
3348 4079 3409 4136 in
3440 4080 3629 4136 Evan-

1979 4173 2130 4247 gelio
2160 4171 2374 4226 dicitur
2396 4187 2409 4225 :
2435 4194 2463 4220 «
2487 4171 2589 4225 Dic
2609 4172 2838 4224 tantum
2869 4169 3065 4237 verbo,
3084 4173 3143 4224 et
3160 4168 3470 4225 sanabitur
3488 4184 3633 4241 puer

1981 4278 2149 4317 meus
2174 4262 2325 4330 (Luc.
2358 4263 2456 4328 vn)
2487 4278 2500 4315 :
2529 4281 2556 4308 ››
2587 4262 2645 4313 et
2672 4258 2754 4313 ita
2788 4256 3070 4326 liberatis,
3104 4262 3162 4314 et
3191 4275 3226 4314 a
3255 4256 3491 4315 fastidio
3540 4274 3632 4314 sa-

1982 4351 2160 4417 natis,
2191 4374 2217 4399 ‹‹
2251 4353 2308 4403 et
2336 4348 2551 4421 eripuit
2574 4364 2674 4402 eos
2700 4348 2772 4402 de
2802 4346 3238 4402 interitionibus
3268 4362 3493 4414 eorum,
3523 4368 3552 4396 »
3574 4345 3633 4400 id

1983 4444 2073 4497 est
2099 4440 2170 4495 de
2202 4442 2417 4493 aeterna
2446 4436 2845 4503 damnatione,
2876 4452 3006 4507 quae
3045 4434 3374 4506 proveniret
3419 4450 3488 4489 ex
3532 4432 3635 4488 illo

1904 4553 1953 4616 D
1984 4528 2218 4586 fastidio
2249 4528 2409 4616 sicut
2434 4543 2593 4581 mors
2624 4524 2943 4596 corporalis
2973 4522 3233 4595 procedit
3282 4538 3352 4577 ex
3400 4519 3636 4577 fastidio
3728 4578 3735 4584 ,

1984 4618 2097 4674 cibi
2128 4614 2467 4688 corporalis.

2056 4730 2083 4756 ‹‹
2115 4705 2517 4760 Confiteantur
2549 4700 2869 4756 Domino.»
2902 4700 3041 4755 Pars
3072 4701 3300 4771 quarta.
3328 4697 3642 4754 Continua-

1984 4795 2065 4851 tio
2090 4812 2102 4849 :
2127 4795 2291 4849 Sicut
2322 4792 2523 4848 monui
2560 4794 2795 4863 propter
2823 4792 3031 4844 caetera
3061 4788 3346 4844 beneficia
3367 4787 3643 4860 praedicta

1987 4888 2053 4940 ut
2081 4881 2580 4949 eonfiteantur,ita
2597 4885 2655 4936 et
2673 4884 2912 4953 propter
2928 4896 2996 4935 ea
3010 4895 3139 4951 quis
3158 4880 3330 4935 modo
3351 4878 3642 4945 dicentur,

1987 4974 2231 5045 dignum
2265 4974 2355 5027 est
2384 4974 2449 5026 ut
2469 4994 2496 5020 ‹‹
2533 4971 2925 5025 confiteantur
2954 4967 3200 5024 Domino
3232 4963 3641 5022 misericordias

1988 5063 2137 5133 ejus,
2159 5064 2217 5115 et
2248 5059 2540 5115 mirabilia
2566 5060 2694 5131 ejus
2719 5057 2855 5114 filiis
2878 5057 3210 5125 hominum,
3236 5077 3263 5105 »
3290 5054 3445 5110 sicut
3464 5068 3647 5124 supra

1991 5150 2324 5223 expositum
2357 5154 2467 5204 est.

2066 5240 2204 5295 Dico
2237 5262 2263 5287 ‹‹
2300 5241 2708 5302 confiteantur,
2736 5258 2763 5285 ››
2795 5239 2853 5290 et
2882 5234 3212 5290 sacrificent
3233 5233 3493 5300 Deo,non
3516 5229 3647 5285 dico

1994 5328 2224 5385 hircum
2253 5327 2342 5383 vel
2384 5326 2617 5397 aliquod
2668 5324 2800 5391 tale,
2832 5324 2933 5378 sed
2977 5322 3235 5392 laudem,
3269 5325 3328 5377 et
3376 5320 3487 5375 hoc
3535 5322 3645 5388 est,

1999 5440 2028 5469 «
2061 5417 2417 5473 sacrificium
2443 5413 2655 5480 laudis,
2690 5435 2714 5459 ››
2750 5411 2805 5466 id
2834 5415 2923 5467 est
2953 5411 3127 5467 dictis
3156 5414 3215 5467 et
3244 5408 3415 5467 factis
3452 5412 3647 5465 osten-

1998 5508 2142 5564 dant
2173 5507 2355 5561 Deum
2387 5499 2764 5567 laudabilem,
2798 5500 3122 5555 secundum
3153 5499 3264 5556 hoc
3291 5517 3304 5555 :
3330 5522 3358 5549 «
3393 5498 3651 5554 Luceant

1999 5613 2174 5669 opera
2206 5596 2397 5650 vestra
2446 5590 2601 5646 bona
2647 5605 2844 5645 coram
2896 5589 3256 5658 hominibus,
3290 5592 3356 5646 ut
3385 5587 3649 5644 videntes
