4018 6176
247 263 369 324 569

1428 265 1923 328 EXPLANATIO
1963 263 2045 327 IN
2088 266 2472 334 PSALMOS.

3526 276 3647 342 570

242 392 592 462 virtutibus;
619 418 639 443 α
660 396 717 450 et
737 392 1107 468 multiplicati
1138 399 1312 452 sunt»
1340 414 1581 454 numero
1609 422 1628 447 ε
1656 396 1886 463 nimis,»
1919 396 1975 464 Α
2005 399 2062 455 in
2093 403 2148 455 te
2179 402 2418 457 confidit
2465 402 2662 459 anima
2710 420 2839 461 mea
2888 404 3053 478 (Psal.
3104 408 3236 476 LVI).
3270 429 3298 458 »
3334 406 3483 464 Illud
3511 425 3649 466 vero

245 482 503 538 multam
538 500 551 537 :
583 483 693 549 vel,
741 506 762 532 ι
797 484 995 550 nimis,
1036 507 1056 533 υ
1094 485 1149 540 id
1198 491 1307 551 est,
1359 505 1538 558 supra
1585 505 1895 543 numerum

242 572 596 628 electorum:
620 573 801 628 sicut:
836 575 1089 629 Tantum
1124 574 1493 647 multiplicati
1524 579 1665 630 sunt
1684 576 1895 647 pisces,

240 661 398 733 quod
434 660 688 717 scissum
732 666 822 718 est
859 668 1032 725 recte,
1066 668 1122 717 et
1152 663 1233 717 illi
1269 664 1369 735 qui
1400 665 1680 735 superﬂui
1710 668 1897 731 erant,

239 749 511 806 exierunt
529 751 681 817 (Luc.
715 768 789 819 v;
819 753 974 807 Joan.
1008 754 1127 819 xxx)
1160 770 1173 807 :
1207 754 1531 808 secundum
1571 771 1717 824 quos
1751 755 1897 825 ﬁgu-

241 839 348 895 rati
372 838 763 911 hmretici,qui
791 840 864 895 ab
895 840 1153 897 Ecclesia
1183 843 1478 897 recedunt.
1498 843 1607 897 «Et
1629 843 1901 912 jumenta

241 945 503 993 eorum,»
542 927 599 982 id
632 932 740 989 est,
774 927 1072 1000 simplices
1102 930 1172 983 de
1205 930 1482 995 Ecclesia,
1516 952 1537 980 ι
1564 947 1677 985 non
1712 932 1899 987 mino-

240 1016 455 1079 navit;
483 1016 685 1083 id'est,
708 1034 821 1071 non
855 1017 989 1073 fecit
1020 1017 1265 1073 minoris
1299 1018 1463 1090 pretii
1499 1036 1676 1091 quam
1708 1025 1904 1075 essent

242 1104 327 1160 illi
352 1105 676 1177 sapientes,
709 1107 809 1161 sed
870 1107 1065 1178 potius
1111 1107 1171 1161 in
1220 1106 1305 1162 eis
1348 1108 1589 1163 virtutes
1620 1109 1901 1181 multipli-

244 1194 423 1250 cavit.

188 1286 192 1291 ’
315 1284 453 1356 Ipse
509 1283 805 1339 benedixit
858 1284 965 1349 eis,
1018 1308 1039 1334 «ι
1074 1289 1132 1341 et
1166 1308 1192 1335 »
1243 1290 1437 1341 tamen
1492 1306 1512 1336 α
1549 1289 1718 1359 pauci
1766 1288 1902 1343 facti

241 1377 424 1430 sunt:
446 1374 519 1428 ad
543 1374 1037 1444 comparationem
1070 1374 1389 1441 malorum;
1423 1397 1449 1423 ‹‹
1474 1380 1533 1429 et
1560 1378 1743 1430 vexati
1767 1381 1907 1431 sunt

240 1480 279 1518 ε
305 1461 693 1517 tribulatione
738 1462 1048 1530 malorum,
1081 1467 1139 1518 et
1172 1485 1193 1512 ι
1230 1462 1405 1518 etiam
1461 1465 1647 1519 vexati
1704 1469 1845 1520 sunt
1873 1483 1908 1520 a

246 1575 277 1600 ιι
308 1550 518 1607 dolore
551 1574 582 1603 ιτ
611 1568 789 1624 quem
840 1551 1137 1607 habebant
1188 1556 1423 1624 propter
1476 1558 1715 1625 peccata
1771 1555 1908 1611 alio-

238 1655 405 1695 rum.

2006 491 2161 561 quod
2184 492 2450 563 sequitur
2470 498 2927 564 postea,mutuat
2946 496 3015 550 de
3038 496 3263 568 psalmo
3284 497 3410 553 illo:
3429 500 3645 569 «Deus,

2008 578 2272 649 repulisti
2307 597 2413 636 nos
2446 582 2612 651 (Psal.
2650 586 2781 650 le).
2808 606 2834 631 »
2871 583 3002 637 Ideo
3034 587 3226 639 autem
3257 584 3439 640 voluit
3469 603 3537 641 ex
3567 587 3652 642 di-

2005 668 2187 722 versis
2220 668 2463 739 psalmis
2495 670 2673 725 istum
2707 670 2999 742 psalmum
3034 674 3545 746 eomponere,quia
3572 675 3652 729 vi-

2009 756 2096 809 dit
2127 762 2320 828 partes
2350 758 2481 813 illas
2512 759 2873 831 psalmorum
2897 761 2953 815 in
2987 761 3215 815 Christo
3246 762 3652 818 convenirezet

2010 862 2137 916 qum
2169 863 2271 916 per
2299 864 2360 901 se
2387 848 2459 901 ad
2490 847 2722 902 laudem
2755 848 2854 902 Dei
2905 852 3071 920 grata
3120 854 3309 915 erant,
3339 852 3653 921 conjuncta

2010 934 2264 1005 gratiora
2305 935 2481 989 fuere.
2519 936 2648 989 Ideo
2698 935 2873 990 etiam
2919 936 2978 990 in
3029 937 3285 992 Ecclesia
3309 955 3377 993 ex
3407 938 3651 995 diversis

2011 1022 2256 1094 psalmis
2283 1022 2371 1077 vel
2406 1023 2680 1078 laudibus
2730 1024 3049 1096 antiphona
3087 1025 3171 1079 vel
3205 1030 3409 1082 cantus
3440 1028 3652 1100 aliquis

2012 1113 2408 1184 conjungitur.
2445 1113 2687 1168 Materia
2728 1112 2908 1183 hujus
2952 1112 3161 1185 psalmi
3194 1118 3281 1168 est
3311 1114 3653 1185 gloriﬁcatio

2012 1200 2227 1255 Christi
2261 1204 2317 1254 et
2346 1201 2562 1272 passio.
2598 1201 2805 1256 Modus
2836 1219 2849 1257 :
2886 1202 2945 1256 ln
2980 1200 3171 1273 prima
3210 1206 3373 1273 parte
3403 1205 3657 1259 ostendit

2012 1288 2515 1359 glorificationem,
2549 1294 2607 1344 et
2638 1289 2843 1355 inserit
2873 1288 3093 1362 aliquid
3127 1290 3197 1344 de
3230 1290 3655 1347 humiliatione.

2014 1378 2077 1432 In
2111 1379 2369 1432 secunda
2399 1382 2582 1449 parte,
2610 1396 2736 1449 qua:
2768 1378 2976 1450 incipit
3001 1395 3013 1433 :
3051 1400 3078 1428 «
3122 1378 3194 1433 Ut
3224 1378 3548 1434 liberentur
3577 1380 3662 1435 di-

2013 1465 2143 1520 lecti
2178 1466 2282 1531 tui,
2318 1487 2345 1515 »
2378 1465 2847 1520 humiliationem
2905 1467 3265 1538 exsequitur,
3324 1470 3381 1522 et
3438 1467 3664 1524 inducit

2016 1555 2208 1626 ipsum
2230 1555 2409 1609 Deum
2431 1554 2866 1625 promittentem
2890 1552 3294 1609 liberationem
3316 1556 3658 1625 electorum,

2016 1660 2143 1715 qua:
2165 1641 2454 1714 completa
2477 1642 2585 1696 fuit
2606 1658 2709 1714 per
2735 1642 2929 1713 ipsum
2955 1641 3277 1697 Christum.
3298 1643 3548 1699 Intentio
3569 1648 3661 1699 est

312 1729 563 1801 Propter
589 1729 699 1784 hoc
731 1752 752 1778 ι
789 1728 1088 1784 contentio
1138 1734 1229 1785 est
1279 1730 1464 1785 effusa
1493 1748 1670 1802 super
1699 1731 1907 1803 princi-
1936 1768 1983 1833 Β
2018 1731 2260 1786 invitare
2281 1735 2479 1795 nos,ut
2508 1730 2771 1802 exemplo
2802 1730 2892 1785 sui
2927 1730 3227 1785 humiliter
3256 1731 3570 1803 patiamur,
3603 1735 3663 1788 et

236 1833 371 1891 pes,
409 1840 437 1868 ιι
470 1817 525 1872 id
559 1821 667 1884 est,
701 1834 880 1889 super
928 1818 1365 1885 hzeresiarehas,
1399 1818 1496 1891 qui
1545 1822 1906 1875 contendunt

237 1909 454 1961 contra
473 1903 793 1960 Ecclesium
816 1906 913 1961 Dei
934 1906 1044 1961 :vel
1058 1948 1070 1972 ,
1096 1926 1118 1954 ι
1135 1924 1313 1978 super
1328 1908 1644 1980 principes,
1667 1931 1692 1956 »
1714 1909 1771 1962 id
1794 1913 1902 1975 est,

236 2008 426 2064 mper
474 1997 740 2065 potentes
786 1993 964 2064 hujus
1021 1995 1238 2061 smculi,
1276 2018 1303 2045 «
1335 2000 1391 2051 et
1421 2012 1519 2051 eos
1553 2020 1575 2047 ι
1614 1996 1903 2068 principes

243 2103 267 2130 ι
301 2083 449 2137 fecit
482 2105 510 2129 η
538 2083 692 2137 Dens
727 2105 750 2131 ι
781 2099 973 2138 errare
1009 2084 1063 2137 in
1099 2084 1251 2139 invio
1299 2090 1357 2139 et
1407 2102 1522 2139 non
1556 2084 1612 2139 in
1646 2085 1758 2152 via,
1792 2108 1812 2134 ι
1846 2085 1902 2141 id

235 2176 357 2237 est,
392 2174 559 2226 extra
588 2172 763 2226 fidem
799 2188 812 2225 :
846 2176 904 2226 et
932 2189 1045 2226 non
1081 2173 1161 2228 ita
1204 2177 1268 2227 ut
1300 2178 1657 2237 revocentur,
1691 2175 1792 2229 sed
1824 2175 1907 2230 ita

236 2260 404 2332 quod
430 2259 585 2315 ultra
606 2277 719 2315 non
752 2264 926 2315 erunt
946 2261 1003 2315 in
1026 2260 1137 2330 via,
1160 2261 1217 2316 id
1243 2265 1352 2328 est,
1376 2261 1435 2315 in
1457 2262 1743 2318 catholica
1772 2264 1902 2329 ﬁde,

236 2364 375 2421 quae
405 2353 500 2403 est
524 2348 620 2403 via
640 2347 792 2403 vitae.

313 2439 473 2493 Istos
502 2437 825 2505 excreeavit,
865 2460 885 2487 α
922 2443 978 2493 et
1006 2457 1037 2490 η
1071 2456 1101 2494 e
1131 2443 1334 2495 contra
1364 2463 1391 2489 «
1426 2440 1651 2510 adjuvit
1682 2458 1903 2513 paupe-

237 2542 373 2582 rem
410 2549 439 2575 »
471 2543 673 2583 verum
704 2550 732 2577 ‹‹
765 2528 836 2581 de
886 2526 1102 2599 inopia,
1134 2549 1161 2581 ιι
1196 2528 1253 2583 id
1302 2533 1412 2597 est,
1460 2530 1749 2601 supplevit
1778 2532 1905 2600 ejus

238 2614 514 2687 inopiam
545 2615 617 2670 de
644 2614 973 2687 cognitione
1005 2616 1427 2684 sui,conferens
1446 2616 1497 2671 ei
1533 2617 1902 2689 sapientiam,

238 2707 307 2758 ut
330 2706 539 2775 posset
568 2701 838 2758 resistere
877 2702 1193 2760 haareticis:
1223 2726 1250 2753 ‹‹
1264 2708 1321 2759 et
1341 2727 1363 2754 ι
1399 2721 1502 2777 per
1530 2704 1725 2778 ipsum
1757 2723 1907 2778 pau-

239 2804 450 2864 perem
478 2790 725 2861 «posuit
754 2790 1027 2852 familias,
1059 2812 1086 2844 η
1118 2791 1175 2847 id
1206 2796 1317 2864 est,
1361 2793 1555 2864 plures
1599 2811 1906 2867 congrega-

241 2880 442 2936 tiones
472 2878 543 2933 in!
578 2879 874 2946 Ecclesiis,
911 2878 1175 2936 faciendo
1225 2898 1324 2937 eas
1360 2903 1381 2931 ι
1415 2880 1568 2937 sicut
1596 2900 1749 2950 oves,
1782 2905 1811 2932 »
1846 2883 1905 2938 id

238 2972 335 3025 est
368 2968 734 3024 innocentes.

312 3058 393 3112 Et
410 3056 523 3113 hoc
539 3058 697 3129 quod
730 3057 884 3113 Deus
916 3058 999 3114 ita
1028 3058 1265 3129 adjuvat
1295 3073 1629 3130 pauperem,
1663 3064 1909 3115 excaecat

2012 1820 2140 1892 ipsa
2156 1820 2720 1892 patientiavirtutem
2734 1822 2790 1873 et
2807 1819 3177 1874 securitatem
3197 1823 3455 1874 nostram
3476 1821 3657 1876 Deum

2013 1910 2317 1964 faciamus.
2336 1908 2497 1963 Unde
2527 1908 2672 1962 dicit
2700 1907 2756 1961 in
2792 1909 2904 1963 fine
2931 1908 3139 1980 psalmi
3169 1926 3182 1963 :
3209 1932 3236 1958 «
3255 1910 3316 1963 ln
3340 1910 3455 1965 Deo
3485 1910 3658 1965 facia-

2012 2015 2146 2052 mus
2176 1997 2509 2063 virtutem,»
2541 1998 2727 2051 etc.Et
2752 1996 2859 2051 iste
2881 1997 3149 2052 Psalmus
3179 2002 3269 2053 est
3285 2016 3440 2054 unus
3458 1999 3660 2053 deillis

2013 2086 2109 2157 qui
2145 2086 2441 2140 Christum
2476 2086 2658 2140 Deum
2692 2090 2748 2139 et
2778 2084 3073 2140 hominem
3109 2086 3660 2142 demonstrant.Ubi

2013 2176 2168 2229 enim
2203 2192 2336 2230 eum
2370 2174 2626 2229 ostendit
2656 2175 2973 2230 exaltatum
2998 2193 3177 2247 super
3205 2175 3664 2241 emlos,ostendit

2013 2282 2147 2320 eum
2169 2281 2300 2319 vere
2328 2264 2509 2318 Deum
2534 2281 2845 2319 esseznam
2879 2264 2926 2319 si
2962 2269 3190 2319 tantum
3222 2264 3398 2319 homo
3430 2263 3661 2333 fuisset,

2015 2353 2351 2408 nullatenus
2376 2353 2455 2406 ita
2476 2352 2766 2407 exaltatus
2798 2352 3138 2408 fuisset.Ubi
3174 2356 3369 2407 autem
3401 2369 3535 2407 eum
3560 2352 3663 2407 hu-

2014 2442 2305 2496 miliatum
2331 2441 2745 2507 ostendit,eum
2759 2458 2958 2496 verum
2973 2445 3133 2513 patet
3145 2441 3326 2495 fuisse
3338 2440 3658 2497 hominem.

2089 2529 2297 2585 Volens
2328 2546 2464 2603 ergo
2496 2529 2794 2583 Christum
2828 2530 3072 2602 dignum
3118 2529 3537 2601 gloriﬁcatione
3566 2547 3658 2585 os-

2014 2616 2272 2684 tendere,
2304 2617 2592 2689 promittit
2623 2635 2685 2672 se
2716 2617 2774 2671 in
2811 2617 2969 2673 omni
3002 2617 3333 2671 humilitate
3372 2618 3488 2672 Deo
3519 2618 3657 2673 obe—

2014 2706 2586 2774 dicntem,dicens:0
2616 2727 2642 2755 «
2668 2706 2948 2772 Deus,cor
2976 2722 3172 2760 meum
3204 2708 3294 2760 est
3323 2708 3593 2776 paratum
3625 2727 3653 2756 »

2014 2800 2250 2851 cantare
2282 2794 2385 2849 tibi
2413 2812 2425 2848 :
2449 2798 2507 2850 et
2539 2797 2602 2849 ut
2632 2795 2903 2849 ostendat
2936 2811 2997 2849 se
3021 2796 3290 2865 paratum
3339 2809 3468 2848 esse
3502 2793 3658 2848 ultra

2016 2885 2255 2939 modum
2279 2882 2525 2938 aliorum
2549 2880 3440 2955 hominum,ingeminat,dieens
3456 2897 3483 2944 :_
3506 2903 3534 2930 ‹‹
3556 2898 3656 2953 pa-

2016 2978 2209 3029 ratum
2240 2990 2339 3028 cor
2384 2989 2603 3041 meum,
2637 2993 2665 3021 »
2702 2972 2759 3026 id
2812 2975 2919 3037 est,
2974 2970 3057 3026 sic
3106 2973 3197 3025 est
3243 2974 3511 3042 paratum
3559 2987 3659 3026 cor

2016 3079 2234 3129 meum,
2270 3065 2335 3116 ut
2366 3060 2525 3115 nullo
2556 3060 2728 3114 modo
2758 3062 2993 3131 peccato
3025 3057 3380 3131 impediatur
3406 3075 3418 3113 :
3452 3075 3552 3113 cor
3571 3061 3660 3114 est

242 3146 604 3220 principem,
631 3146 956 3202 «videbunt
985 3146 1123 3202 recti
1154 3151 1210 3202 et
1240 3146 1613 3215 laetabuntur,
1633 3152 1691 3203 et
1714 3149 1906 3205 omnis
1935 3136 1979 3202 C
2017 3154 2372 3224 paratum,et
2401 3151 2471 3205 ad
2506 3150 2658 3221 quod
2692 3153 2782 3203 est
2810 3147 3279 3219 complebo,quia
3312 3148 3654 3201 «cantabo»
3711 3205 3715 3209 ,

244 3234 538 3305 iniquitas
568 3234 855 3306 oppilabit
883 3252 948 3290 os
979 3252 1220 3302 suum,»
1254 3234 1312 3290 id
1344 3240 1434 3291 est
1461 3236 1749 3291 obstruet:
1771 3238 1909 3309 quia

237 3324 373 3395 jam
406 3322 555 3378 nihil
588 3323 800 3395 poterit
829 3323 1140 3391 oblatrare,
1175 3341 1309 3379 cum
1338 3342 1476 3381 suos
1503 3325 1817 3398 compliees
1846 3328 1906 3383 in

246 3411 410 3467 invio
436 3411 635 3467 videat
662 3428 1025 3483 permanere.

312 3501 568 3567 Quando
616 3500 853 3571 quidem
902 3506 1070 3556 tanta
1108 3502 1259 3556 bona
1292 3501 1446 3569 facit,
1480 3519 1614 3575 ergo
1650 3524 1679 3551 «
1709 3504 1842 3575 quis
1880 3526 1901 3554 ι

242 3595 338 3646 est
375 3609 399 3636 ο
422 3588 821 3662 sapiens‘hSi
846 3590 980 3661 quis
1009 3590 1309 3661 dicat,Ego
1342 3608 1471 3645 sum
1506 3592 1906 3663 sapiens,tunc

243 3679 373 3734 scio
404 3678 551 3750 quia
578 3700 607 3726 α
641 3682 698 3734 et
727 3678 1017 3733 custodiet
1046 3678 1169 3733 haec
1203 3701 1229 3727 »
1262 3695 1389 3750 quas
1438 3680 1715 3750 praedicta
1744 3686 1904 3748 sunt,

243 3765 722 3822 commendando
756 3766 1050 3821 memoriae
1072 3768 1227 3838 quod
1256 3768 1407 3823 Deus
1440 3785 1725 3839 pauperes
1744 3770 1908 3840 adju-

241 3859 366 3921 vat,
396 3854 615 3910 divites
637 3859 919 3910 excaecat:
957 3876 986 3905 «
1006 3858 1063 3910 et
1087 3878 1114 3903 »
1147 3858 1287 3910 tunc
1321 3878 1349 3905 «
1371 3855 1657 3929 intelliget
1686 3856 1908 3912 miseri-

242 3941 483 3998 cordias
513 3942 817 4009 Domini,»
850 3942 1094 4009 scilicet,
1126 3944 1281 4016 quod
1310 3944 1463 3999 Deus
1494 3943 1632 3999 facit
1659 3962 1774 4000 non
1805 3962 1909 4017 per

242 4029 460 4088 merita
488 4031 820 4100 hominum,
852 4032 953 4087 sed
986 4047 1090 4104 per
1119 4032 1549 4089 misericordias
1582 4051 1741 4091 suas.
1761 4035 1906 4090 Alle-

243 4119 391 4177 luis.

745 4191 816 4248 IN
858 4192 1205 4249 PSALMUM
1245 4193 1410 4249 CVII.

483 4281 754 4336 Trruws.
786 4283 1075 4339 Canticum
1103 4283 1305 4354 psalmi
1334 4284 1445 4354 ipsi
1472 4284 1669 4339 David.

313 4414 345 4437 ‹‹
384 4388 658 4444 Paratum
689 4405 791 4445 cor
820 4405 1039 4457 meum,
1072 4391 1247 4456 Deus.
1276 4412 1305 4439 »
1335 4390 1603 4445 Psalmus
1628 4391 1736 4446 iste
1767 4408 1901 4446 con-

434 4476 646 4570 David,
672 4477 731 4532 id
763 4480 871 4546 est,
905 4478 1155 4570 Christo,
1191 4480 1287 4570 qui
1331 4478 1427 4534 hic
1470 4478 1768 4570 loquitur:
1804 4480 1902 4570 qui
1936 4506 1983 4570 Ι)

247 4565 465 4620 dicitur
491 4566 956 4638 canticum,quia
974 4566 1246 4640 proponit
1266 4583 1541 4639 magnam
1574 4568 1912 4625 exsultatio-

245 4653 633 4721 πεπιβοίιὶοῶ
653 4654 875 4711 Christi
900 4655 1587 4727 glorificationem,quam
1620 4656 1904 4728 prOpheta

244 4741 339 4798 hic
388 4741 759 4799 exsultanter
810 4744 1140 4800 annuntiat.
1185 4743 1455 4801 Psalmus
1501 4745 1733 4811 dicitur,
1767 4746 1905 4817 quia

247 4830 435 4902 ipsius
465 4831 688 4887 Christi
715 4832 929 4888 bonam
960 4834 1351 4905 operationem
1376 4833 1906 4905 .proponit,scilicet

249 4919 867 4993 humﬂiaﬁunem,qua
889 4938 1078 4995 genus
1110 4922 1522 4992 humanum,id
1549 4926 1641 4977 est
1658 4921 1902 4978 dilectos

248 5024 407 5075 suos,
436 5008 731 5064 liberavit.
765 5010 848 5065 Ex
876 5027 995 5082 qua
1022 5009 1453 5076 humiliatione,
1480 5011 1539 5065 id
1570 5015 1660 5066 est
1700 5029 1903 5084 opera-

248 5098 423 5163 tione,
444 5097 731 5169 processit
757 5098 902 5153 illud
937 5097 1253 5165 canticum,
1277 5099 1414 5171 quia
1430 5116 1497 5153 ex
1515 5099 1722 5155 militia
1746 5100 1905 5155 Chri-

248 5188 347 5252 sti,
380 5186 559 5259 digne
587 5189 645 5240 et
676 5189 795 5242 tam
826 5187 1138 5259 diligenter
1167 5188 1906 5261 peracta,processitglori-

250 5274 441 5330 ﬂcatio
470 5274 1120 5346 ipsius.Attendendum
1150 5276 1386 5348 quodin
1420 5275 1527 5331 hoc
1549 5276 1776 5347 psalmo
1809 5298 1905 5334 no-

248 5362 339 5418 vis
360 5364 557 5420 verbis
587 5380 703 5419 non
730 5366 915 5421 utitur
943 5365 1245 5438 propheta,
1270 5365 1371 5420 sed
1405 5364 1655 5437 primam
1680 5371 1901 5437 partem

249 5466 379 5521 qua:
398 5456 516 5508 est:
533 5452 606 5508 Ut
626 5452 954 5509 liberentur
971 5454 1166 5510 dilecti
1187 5455 1540 5522 tui,mutuat
1571 5455 1641 5510 de
1676 5456 1904 5526 psalmo

247 5538 352 5596 illo
381 5557 455 5596 ε..
493 5538 769 5598 Miserere
794 5544 927 5611 mei,
955 5544 1127 5607 Deus,
1153 5543 1428 5599 miserere
1459 5542 1591 5610 mei,
1627 5545 1903 5614 quoniam

2015 3240 2318 3295 devotione
2349 3236 2642 3310 spirituali
2674 3241 2732 3292 et
2761 3234 3251 3308 contemplatione
3282 3235 3533 3291 laudabo
3562 3239 3655 3303 te;

2021 3352 2041 3378 ι
2067 3334 2123 3383 et
2152 3327 2399 3400 psallam
2428 3350 2453 3375 »
2486 3327 2615 3392 tibi,
2648 3325 2704 3379 id
2739 3329 2846 3392 est,
2880 3326 3027 3380 bene
3059 3324 3342 3395 operabor
3371 3324 3441 3379 ad
3473 3324 3656 3379 hono-

2015 3434 2137 3473 rem
2162 3421 2328 3472 tuum
2357 3434 2370 3484 ;
2408 3438 2434 3464 ‹‹
2458 3414 2515 3468 in
2549 3413 2736 3487 gloria
2766 3430 2952 3480 mea,»
2980 3412 3037 3467 id
3071 3416 3177 3477 est,
3206 3412 3265 3466 in
3298 3411 3574 3484 psalterio
3604 3417 3661 3468 et

2013 3504 2333 3571 cithara,id
2367 3506 2475 3569 est,
2506 3502 2566 3557 in
2599 3501 2964 3557 humanitate
2997 3518 3009 3555 :
3046 3518 3170 3572 quae
3205 3500 3542 3556 humanitas
3571 3505 3661 3555 est

2014 3594 2199 3668 gloria
2230 3610 2378 3660 mea,
2412 3590 2551 3663 quia
2580 3608 2682 3661 per
2729 3588 3119 3645 obedientiam
3150 3605 3329 3659 quam
3361 3588 3420 3642 in
3452 3604 3520 3643 ea
3543 3588 3658 3643 Deo

2004 3682 2370 3748 ~exhibui,mc
2401 3680 2645 3753 dignum
2679 3678 2864 3751 gloria
2891 3676 3413 3732 demonstravi.Vel
3448 3700 3475 3725 «
3502 3676 3656 3747 psal-

2012 3772 2153 3836 lam,
2182 3794 2209 3821 »
2245 3771 2301 3824 id
2334 3772 2440 3832 est,
2476 3769 2620 3823 bene
2650 3767 2932 3838 operabor
2960 3764 3018 3818 in
3050 3763 3239 3836 gloria
3268 3780 3419 3829 mea,
3453 3763 3509 3818 id
3542 3768 3652 3832 est,

2013 3859 2072 3913 in
2108 3856 2571 3914 consideratione
2604 3856 2810 3909 futurae
2841 3851 3039 3924 glorim
3068 3866 3246 3924 quam
3278 3855 3565 3923 exspecto.

2084 3948 2223 4003 Dico
2258 3969 2280 3995 α
2312 3943 2557 4017 psallam
2588 3942 2647 3997 in
2681 3941 2866 4015 gloria
2897 3958 3050 4009 mea,
3086 3963 3113 3989 »
3144 3944 3202 3996 et
3232 3958 3264 3995 ο
3294 3940 3481 4013 gloria
3505 3957 3655 4009 mea,

2014 4038 2071 4092 id
2104 4040 2210 4103 est,
2247 4056 2274 4085 ‹‹
2306 4031 2647 4105 psalterium
2694 4034 2752 4086 et
2796 4029 3043 4097 cithara,
3096 4046 3344 4103 exsurge
3376 4053 3404 4080 »
3437 4029 3497 4084 id
3548 4034 3657 4098 est,

2013 4141 2205 4180 cresce
2234 4122 2291 4177 in
2326 4122 2477 4176 bona
2508 4119 2861 4192 operatione.
2900 4118 3250 4174 Psalterium
3297 4122 3464 4174 vocat
3494 4118 3657 4174 Chri-

2014 4218 2143 4269 stus
2173 4227 2339 4267 suam
2364 4207 3148 4278 humanitatem,secundum
3170 4207 3280 4263 hoc
3302 4208 3458 4279 quod
3477 4208 3547 4261 de
3570 4225 3663 4263 su-

2012 4300 2339 4375 perioribus
2371 4301 2623 4365 resonat,
2662 4296 2886 4352 scilicet
2934 4298 3089 4369 quod
3135 4297 3332 4351 divina
3379 4299 3663 4367 praacepta

2014 4386 2915 4463 spiritualiterimplet,sicutfuit
2937 4390 3071 4439 ante
3094 4388 3327 4455 tempus
3344 4382 3658 4455 passionis.

2013 4480 2311 4535 Citharam
2342 4479 2509 4531 vocat
2539 4475 2803 4530 eamdem
2854 4472 3283 4526 humanitatem
3336 4471 3659 4526 secundum

2022 4566 2532 4622 mortificationem
2559 4561 2771 4627 carnis,
2797 4560 2951 4616 sicut
2982 4560 3091 4615 fuit
3112 4561 3169 4614 in
3194 4558 3496 4632 passione:
3532 4559 3660 4615 ideo

2016 4656 2145 4710 dico
2167 4670 2412 4725 exsurge
2434 4653 2505 4707 ad
2532 4653 2674 4706 bene
2696 4649 3226 4723 operandum,quia
3251 4667 3355 4722 per
3378 4650 3528 4703 hanc
3560 4649 3659 4703 bo-

2014 4762 2152 4801 nam
2173 4742 2568 4817 operationem
2594 4744 2789 4795 eertus
2811 4756 2943 4793 sum
2967 4740 3037 4794 de
3060 4756 3189 4793 mea
3206 4738 3656 4795 resurrectione:

2014 4839 2072 4890 et
2101 4835 2210 4889 hoc
2242 4836 2352 4897 est,
2388 4852 2415 4880 «
2445 4846 2757 4902 exsurgam
2818 4828 3081 4885 diluculo
3118 4851 3138 4878 ιι
3175 4828 3232 4883 id
3263 4833 3371 4893 est,
3404 4828 3464 4881 in
3490 4841 3661 4881 mane

2016 4939 2340 4995 resurgam.

2085 5012 2154 5067 Et
2183 5014 2315 5084 post
2344 5008 2829 5064 resurrectionem
2853 5030 2879 5055 ‹‹
2898 5008 3215 5062 confitebor
3246 5005 3370 5071 tibi,
3392 5003 3655 5070 Domine,

2014 5102 2070 5157 in
2105 5100 2356 5174 populis,
2396 5123 2421 5147 »
2453 5097 2509 5152 id
2542 5101 2649 5164 est,
2687 5096 2901 5151 multos
2948 5096 3281 5150 Judmorum
3324 5094 3395 5148 de
3426 5090 3656 5164 populis

2013 5191 2222 5246 faciam
2265 5188 2369 5243 tibi
2418 5184 2679 5243 confiteri
2710 5188 2766 5239 et
2799 5184 3034 5237 laudare
3066 5187 3119 5236 te
3142 5198 3155 5235 :
3182 5207 3205 5230 ‹‹
3235 5187 3292 5236 et
3313 5181 3368 5236 in
3406 5181 3655 5236 nationi-

2014 5283 2182 5348 bus,»
2216 5280 2273 5333 id
2300 5277 2474 5346 est,in
2507 5272 2812 5338 Gentibus,
2834 5288 2959 5342 qua:
2994 5270 3140 5325 tales
3172 5274 3477 5325 remanent
3506 5287 3643 5341 qua-

2011 5369 2098 5423 les
2120 5370 2260 5423 sunt
2280 5368 2425 5419 natae
2448 5359 2737 5432 «psallam
2768 5358 2929 5425 tibi,»
2967 5358 3023 5413 id
3055 5363 3163 5426 est,
3183 5358 3392 5415 faciam
3423 5362 3478 5413 te
3510 5359 3658 5414 bene

2015 5454 2260 5530 operari.

2088 5547 2217 5601 Ideo
2248 5538 2566 5596 confitebor
2594 5536 2721 5605 tibi,
2758 5559 2783 5586 α
2817 5537 2955 5611 quia
3016 5537 3415 5595 misericordia
3471 5541 3591 5607 tua,
3627 5559 3653 5587 »
