  <div class='ocr_page' id='page_1' title='image "/cluster/home/n/w/nwhite01/storage/ocr_20150623/116/hvd.32044054759808/291.png"; bbox 0 0 4060 6180; ppageno 0'>
   <div class='ocr_carea' id='block_1_1' title="bbox 439 311 552 374">
    <p class='ocr_par' dir='ltr' id='par_1_1' title="bbox 439 311 552 374">
     <span class='ocr_line' id='line_1_1' title="bbox 439 311 552 374; baseline -0.018 -1"><span class='ocrx_word' id='word_1_1' title='bbox 439 311 552 374; x_wconf 82' lang='grc'>5⁸71</span> 
     </span>
    </p>
   </div>
   <div class='ocr_carea' id='block_1_2' title="bbox 858 309 3764 398">
    <p class='ocr_par' dir='ltr' id='par_1_2' title="bbox 858 309 3764 398">
     <span class='ocr_line' id='line_1_2' title="bbox 858 309 3764 398; baseline 0.009 -26"><span class='ocrx_word' id='word_1_2' title='bbox 858 309 1267 374; x_wconf 82' lang='lat' dir='ltr'>HAYMONIS</span> <span class='ocrx_word' id='word_1_3' title='bbox 1299 311 1844 374; x_wconf 79' lang='lat' dir='ltr'>HALBERSTAT.</span> <span class='ocrx_word' id='word_1_4' title='bbox 1876 311 2121 374; x_wconf 85' lang='lat' dir='ltr'>EPISC.</span> <span class='ocrx_word' id='word_1_5' title='bbox 2155 312 2326 375; x_wconf 90' lang='lat' dir='ltr'>OPP.</span> <span class='ocrx_word' id='word_1_6' title='bbox 2361 316 2562 380; x_wconf 80' lang='lat' dir='ltr'>PARS</span> <span class='ocrx_word' id='word_1_7' title='bbox 2594 319 2641 380; x_wconf 89' lang='lat' dir='ltr'>l.</span> <span class='ocrx_word' id='word_1_8' title='bbox 2673 353 2751 364; x_wconf 87' lang='lat'>-—</span> <span class='ocrx_word' id='word_1_9' title='bbox 2779 321 3186 386; x_wconf 82' lang='lat' dir='ltr'>COMMENT.</span> <span class='ocrx_word' id='word_1_10' title='bbox 3217 326 3404 389; x_wconf 90' lang='lat' dir='ltr'><strong>BIBL.</strong></span> <span class='ocrx_word' id='word_1_11' title='bbox 3667 337 3764 398; x_wconf 72' lang='lat'>5&#39;12</span> 
     </span>
    </p>
   </div>
   <div class='ocr_carea' id='block_1_3' title="bbox 437 443 3769 532">
    <p class='ocr_par' dir='ltr' id='par_1_3' title="bbox 437 443 3769 532">
     <span class='ocr_line' id='line_1_3' title="bbox 437 443 3769 532; baseline 0.007 -29"><span class='ocrx_word' id='word_1_12' title='bbox 437 449 546 514; x_wconf 84' lang='lat' dir='ltr'>est,</span> <span class='ocrx_word' id='word_1_13' title='bbox 580 445 760 503; x_wconf 85' lang='lat' dir='ltr'>Filius</span> <span class='ocrx_word' id='word_1_14' title='bbox 793 448 952 511; x_wconf 91' lang='lat' dir='ltr'>tuus,</span> <span class='ocrx_word' id='word_1_15' title='bbox 984 462 1087 517; x_wconf 92' lang='lat' dir='ltr'>per</span> <span class='ocrx_word' id='word_1_16' title='bbox 1135 461 1310 516; x_wconf 87' lang='lat' dir='ltr'>quem</span> <span class='ocrx_word' id='word_1_17' title='bbox 1359 443 1815 500; x_wconf 74' lang='lat' dir='ltr'>misericorditer</span> <span class='ocrx_word' id='word_1_18' title='bbox 1843 461 2080 517; x_wconf 78' lang='lat' dir='ltr'>repares</span> <span class='ocrx_word' id='word_1_19' title='bbox 2109 446 2164 513; x_wconf 84' lang='grc' dir='ltr'><strong>Α</strong></span> <span class='ocrx_word' id='word_1_20' title='bbox 2193 449 2321 506; x_wconf 91' lang='lat' dir='ltr'>sine</span> <span class='ocrx_word' id='word_1_21' title='bbox 2351 449 2475 524; x_wconf 84' lang='lat' dir='ltr'>lege</span> <span class='ocrx_word' id='word_1_22' title='bbox 2507 458 2692 522; x_wconf 89' lang='lat' dir='ltr'>erant,</span> <span class='ocrx_word' id='word_1_23' title='bbox 2715 460 2853 512; x_wconf 92' lang='lat' dir='ltr'>sunt</span> <span class='ocrx_word' id='word_1_24' title='bbox 2880 479 2901 507; x_wconf 74' lang='grc' dir='ltr'>α</span> <span class='ocrx_word' id='word_1_25' title='bbox 2926 455 3085 514; x_wconf 89' lang='lat' dir='ltr'>lebes</span> <span class='ocrx_word' id='word_1_26' title='bbox 3123 461 3246 532; x_wconf 84' lang='lat' dir='ltr'>spei</span> <span class='ocrx_word' id='word_1_27' title='bbox 3287 479 3441 530; x_wconf 62' lang='lat' dir='ltr'>meae,</span> <span class='ocrx_word' id='word_1_28' title='bbox 3468 487 3493 513; x_wconf 83' lang='lat'>»</span> <span class='ocrx_word' id='word_1_29' title='bbox 3516 464 3565 522; x_wconf 88' lang='lat' dir='ltr'><strong>id</strong></span> <span class='ocrx_word' id='word_1_30' title='bbox 3583 471 3769 532; x_wconf 85' lang='lat' dir='ltr'>est,se-</span> 
     </span>
    </p>
   </div>
   <div class='ocr_carea' id='block_1_4' title="bbox 436 534 2076 608">
    <p class='ocr_par' dir='ltr' id='par_1_4' title="bbox 436 534 2076 608">
     <span class='ocr_line' id='line_1_4' title="bbox 436 534 2076 608; baseline -0.001 -17"><span class='ocrx_word' id='word_1_31' title='bbox 436 551 623 608; x_wconf 88' lang='lat' dir='ltr'>genus</span> <span class='ocrx_word' id='word_1_32' title='bbox 653 535 1001 602; x_wconf 90' lang='lat' dir='ltr'>humanum,</span> <span class='ocrx_word' id='word_1_33' title='bbox 1022 557 1049 584; x_wconf 88' lang='grc'>‹‹</span> <span class='ocrx_word' id='word_1_34' title='bbox 1072 550 1285 605; x_wconf 83' lang='lat' dir='ltr'>magna</span> <span class='ocrx_word' id='word_1_35' title='bbox 1305 538 1395 590; x_wconf 87' lang='lat' dir='ltr'>est</span> <span class='ocrx_word' id='word_1_36' title='bbox 1416 551 1593 606; x_wconf 86' lang='lat' dir='ltr'>super</span> <span class='ocrx_word' id='word_1_37' title='bbox 1613 534 1806 600; x_wconf 76' lang='lat' dir='ltr'>cmlos,</span> <span class='ocrx_word' id='word_1_38' title='bbox 1827 557 1854 585; x_wconf 84' lang='lat'>»</span> <span class='ocrx_word' id='word_1_39' title='bbox 1881 535 1937 590; x_wconf 90' lang='lat' dir='ltr'>id</span> <span class='ocrx_word' id='word_1_40' title='bbox 1969 539 2076 603; x_wconf 87' lang='lat' dir='ltr'>est,</span> 
     </span>
    </p>
   </div>
   <div class='ocr_carea' id='block_1_5' title="bbox 437 623 2082 697">
    <p class='ocr_par' dir='ltr' id='par_1_5' title="bbox 437 623 2082 697">
     <span class='ocr_line' id='line_1_5' title="bbox 437 623 2082 697; baseline -0.001 -17"><span class='ocrx_word' id='word_1_41' title='bbox 437 641 614 696; x_wconf 83' lang='lat' dir='ltr'>super</span> <span class='ocrx_word' id='word_1_42' title='bbox 634 623 896 679; x_wconf 76' lang='lat' dir='ltr'>cmlestes</span> <span class='ocrx_word' id='word_1_43' title='bbox 917 626 1236 689; x_wconf 89' lang='lat' dir='ltr'>creaturas,</span> <span class='ocrx_word' id='word_1_44' title='bbox 1262 623 1484 678; x_wconf 79' lang='lat' dir='ltr'>scilicet</span> <span class='ocrx_word' id='word_1_45' title='bbox 1515 641 1694 696; x_wconf 89' lang='lat' dir='ltr'>super</span> <span class='ocrx_word' id='word_1_46' title='bbox 1723 623 1881 696; x_wconf 90' lang='lat' dir='ltr'>ipsos</span> <span class='ocrx_word' id='word_1_47' title='bbox 1912 641 2082 697; x_wconf 88' lang='lat' dir='ltr'>ange-</span> 
     </span>
    </p>
   </div>
   <div class='ocr_carea' id='block_1_6' title="bbox 435 711 2078 784">
    <p class='ocr_par' dir='ltr' id='par_1_6' title="bbox 435 711 2078 784">
     <span class='ocr_line' id='line_1_6' title="bbox 435 711 2078 784; baseline -0.001 -16"><span class='ocrx_word' id='word_1_48' title='bbox 435 711 660 784; x_wconf 90' lang='lat' dir='ltr'>los,qui</span> <span class='ocrx_word' id='word_1_49' title='bbox 693 728 796 784; x_wconf 87' lang='lat' dir='ltr'>per</span> <span class='ocrx_word' id='word_1_50' title='bbox 827 711 1020 784; x_wconf 91' lang='lat' dir='ltr'>ipsum</span> <span class='ocrx_word' id='word_1_51' title='bbox 1054 711 1390 766; x_wconf 90' lang='lat' dir='ltr'>subsistunt</span> <span class='ocrx_word' id='word_1_52' title='bbox 1419 735 1448 762; x_wconf 83' lang='lat'>«</span> <span class='ocrx_word' id='word_1_53' title='bbox 1480 715 1538 766; x_wconf 87' lang='lat' dir='ltr'>et</span> <span class='ocrx_word' id='word_1_54' title='bbox 1564 712 1778 768; x_wconf 87' lang='lat' dir='ltr'>veritas</span> <span class='ocrx_word' id='word_1_55' title='bbox 1804 716 1924 780; x_wconf 84' lang='lat' dir='ltr'>tua,</span> <span class='ocrx_word' id='word_1_56' title='bbox 1955 733 1983 765; x_wconf 70' lang='grc' dir='ltr'><strong>η</strong></span> <span class='ocrx_word' id='word_1_57' title='bbox 2019 711 2078 766; x_wconf 90' lang='lat' dir='ltr'>id</span> 
     </span>
    </p>
   </div>
   <div class='ocr_carea' id='block_1_7' title="bbox 436 798 2080 873">
    <p class='ocr_par' dir='ltr' id='par_1_7' title="bbox 436 798 2080 873">
     <span class='ocr_line' id='line_1_7' title="bbox 436 798 2080 873; baseline 0.001 -18"><span class='ocrx_word' id='word_1_58' title='bbox 436 803 544 866; x_wconf 87' lang='lat' dir='ltr'>est,</span> <span class='ocrx_word' id='word_1_59' title='bbox 580 798 760 855; x_wconf 87' lang='lat' dir='ltr'>Filius</span> <span class='ocrx_word' id='word_1_60' title='bbox 787 803 946 866; x_wconf 89' lang='lat' dir='ltr'>tuus,</span> <span class='ocrx_word' id='word_1_61' title='bbox 980 799 1076 872; x_wconf 87' lang='lat' dir='ltr'>qui</span> <span class='ocrx_word' id='word_1_62' title='bbox 1107 803 1162 855; x_wconf 88' lang='lat' dir='ltr'>te</span> <span class='ocrx_word' id='word_1_63' title='bbox 1190 817 1453 856; x_wconf 88' lang='lat' dir='ltr'>veracem</span> <span class='ocrx_word' id='word_1_64' title='bbox 1497 817 1625 856; x_wconf 89' lang='lat' dir='ltr'>esse</span> <span class='ocrx_word' id='word_1_65' title='bbox 1657 800 1912 856; x_wconf 84' lang='lat' dir='ltr'>ostendit</span> <span class='ocrx_word' id='word_1_66' title='bbox 1941 801 2080 873; x_wconf 84' lang='lat' dir='ltr'>quia</span> 
     </span>
    </p>
   </div>
   <div class='ocr_carea' id='block_1_8' title="bbox 431 887 2073 961">
    <p class='ocr_par' dir='ltr' id='par_1_8' title="bbox 431 887 2073 961">
     <span class='ocr_line' id='line_1_8' title="bbox 431 887 2073 961; baseline 0.001 -17"><span class='ocrx_word' id='word_1_67' title='bbox 431 905 535 960; x_wconf 90' lang='lat' dir='ltr'>per</span> <span class='ocrx_word' id='word_1_68' title='bbox 553 887 749 960; x_wconf 88' lang='lat' dir='ltr'>ipsum</span> <span class='ocrx_word' id='word_1_69' title='bbox 773 888 1190 960; x_wconf 90' lang='lat' dir='ltr'>promissiones</span> <span class='ocrx_word' id='word_1_70' title='bbox 1214 889 1590 961; x_wconf 60' lang='lat' dir='ltr'>tumimpletat</span> <span class='ocrx_word' id='word_1_71' title='bbox 1603 890 1812 945; x_wconf 89' lang='lat' dir='ltr'>suntin</span> <span class='ocrx_word' id='word_1_72' title='bbox 1834 891 2073 958; x_wconf 91' lang='lat' dir='ltr'>mundo,</span> 
     </span>
    </p>
   </div>
   <div class='ocr_carea' id='block_1_9' title="bbox 431 978 2074 1052">
    <p class='ocr_par' dir='ltr' id='par_1_9' title="bbox 431 978 2074 1052">
     <span class='ocr_line' id='line_1_9' title="bbox 431 978 2074 1052; baseline 0.001 -20"><span class='ocrx_word' id='word_1_73' title='bbox 431 981 520 1033; x_wconf 90' lang='lat' dir='ltr'>est</span> <span class='ocrx_word' id='word_1_74' title='bbox 540 993 756 1052; x_wconf 84' lang='lat' dir='ltr'>magna</span> <span class='ocrx_word' id='word_1_75' title='bbox 781 1001 807 1028; x_wconf 87' lang='grc'>‹‹</span> <span class='ocrx_word' id='word_1_76' title='bbox 831 995 1018 1050; x_wconf 90' lang='lat' dir='ltr'>usque</span> <span class='ocrx_word' id='word_1_77' title='bbox 1039 979 1111 1033; x_wconf 90' lang='lat' dir='ltr'>ad</span> <span class='ocrx_word' id='word_1_78' title='bbox 1135 979 1322 1033; x_wconf 85' lang='lat' dir='ltr'>nubes</span> <span class='ocrx_word' id='word_1_79' title='bbox 1350 1001 1375 1026; x_wconf 81' lang='lat' dir='ltr'>n</span> <span class='ocrx_word' id='word_1_80' title='bbox 1403 978 1863 1046; x_wconf 84' lang='lat' dir='ltr'>constituendas,</span> <span class='ocrx_word' id='word_1_81' title='bbox 1886 979 1940 1034; x_wconf 89' lang='lat' dir='ltr'>id</span> <span class='ocrx_word' id='word_1_82' title='bbox 1965 983 2074 1047; x_wconf 88' lang='lat' dir='ltr'>est,</span> 
     </span>
    </p>
   </div>
   <div class='ocr_carea' id='block_1_10' title="bbox 429 1067 2078 1140">
    <p class='ocr_par' dir='ltr' id='par_1_10' title="bbox 429 1067 2078 1140">
     <span class='ocr_line' id='line_1_10' title="bbox 429 1067 2078 1140; baseline 0.001 -18"><span class='ocrx_word' id='word_1_83' title='bbox 429 1069 665 1123; x_wconf 88' lang='lat' dir='ltr'>sanctos</span> <span class='ocrx_word' id='word_1_84' title='bbox 690 1067 1228 1140; x_wconf 68' lang='lat' dir='ltr'>praedicatores,qui</span> <span class='ocrx_word' id='word_1_85' title='bbox 1251 1067 1598 1140; x_wconf 89' lang='lat' dir='ltr'>compluunt</span> <span class='ocrx_word' id='word_1_86' title='bbox 1627 1067 1944 1124; x_wconf 81' lang='lat' dir='ltr'>Ecclesium</span> <span class='ocrx_word' id='word_1_87' title='bbox 1971 1086 2078 1124; x_wconf 72' lang='lat' dir='ltr'>cce-</span> 
     </span>
    </p>
   </div>
   <div class='ocr_carea' id='block_1_11' title="bbox 427 1155 764 1228">
    <p class='ocr_par' dir='ltr' id='par_1_11' title="bbox 427 1155 764 1228">
     <span class='ocr_line' id='line_1_11' title="bbox 427 1155 764 1228; baseline 0.003 -18"><span class='ocrx_word' id='word_1_88' title='bbox 427 1155 560 1212; x_wconf 91' lang='lat' dir='ltr'>lesti</span> <span class='ocrx_word' id='word_1_89' title='bbox 593 1173 764 1228; x_wconf 89' lang='lat' dir='ltr'>aqua.</span> 
     </span>
    </p>
   </div>
   <div class='ocr_carea' id='block_1_12' title="bbox 497 1245 2074 1318">
    <p class='ocr_par' dir='ltr' id='par_1_12' title="bbox 497 1245 2074 1318">
     <span class='ocr_line' id='line_1_12' title="bbox 497 1245 2074 1318; baseline 0.001 -18"><span class='ocrx_word' id='word_1_90' title='bbox 497 1247 566 1300; x_wconf 90' lang='lat' dir='ltr'>Et</span> <span class='ocrx_word' id='word_1_91' title='bbox 582 1245 1058 1318; x_wconf 83' lang='lat' dir='ltr'>quandoquidem</span> <span class='ocrx_word' id='word_1_92' title='bbox 1092 1246 1492 1302; x_wconf 78' lang='lat' dir='ltr'>misericordia</span> <span class='ocrx_word' id='word_1_93' title='bbox 1513 1251 1615 1302; x_wconf 88' lang='lat' dir='ltr'>tua</span> <span class='ocrx_word' id='word_1_94' title='bbox 1637 1264 1851 1318; x_wconf 86' lang='lat' dir='ltr'>magna</span> <span class='ocrx_word' id='word_1_95' title='bbox 1871 1250 1959 1302; x_wconf 91' lang='lat' dir='ltr'>est</span> <span class='ocrx_word' id='word_1_96' title='bbox 1977 1265 2074 1302; x_wconf 89' lang='lat' dir='ltr'>su-</span> 
     </span>
    </p>
   </div>
   <div class='ocr_carea' id='block_1_13' title="bbox 427 1334 2071 1407">
    <p class='ocr_par' dir='ltr' id='par_1_13' title="bbox 427 1334 2071 1407">
     <span class='ocr_line' id='line_1_13' title="bbox 427 1334 2071 1407; baseline -0.001 -19"><span class='ocrx_word' id='word_1_97' title='bbox 427 1351 532 1406; x_wconf 85' lang='lat' dir='ltr'>per</span> <span class='ocrx_word' id='word_1_98' title='bbox 555 1334 750 1400; x_wconf 77' lang='lat' dir='ltr'>ccelos,</span> <span class='ocrx_word' id='word_1_99' title='bbox 784 1351 920 1407; x_wconf 90' lang='lat' dir='ltr'>ergo</span> <span class='ocrx_word' id='word_1_100' title='bbox 955 1358 980 1385; x_wconf 88' lang='grc'>‹‹</span> <span class='ocrx_word' id='word_1_101' title='bbox 1016 1339 1103 1402; x_wconf 87' lang='lat' dir='ltr'>tu,</span> <span class='ocrx_word' id='word_1_102' title='bbox 1135 1335 1308 1401; x_wconf 89' lang='lat' dir='ltr'>Deus,</span> <span class='ocrx_word' id='word_1_103' title='bbox 1341 1334 1592 1391; x_wconf 82' lang='lat' dir='ltr'>exaltare</span> <span class='ocrx_word' id='word_1_104' title='bbox 1633 1353 1808 1406; x_wconf 85' lang='lat' dir='ltr'>super</span> <span class='ocrx_word' id='word_1_105' title='bbox 1837 1335 2013 1392; x_wconf 74' lang='lat' dir='ltr'>cmlos</span> <span class='ocrx_word' id='word_1_106' title='bbox 2044 1359 2071 1387; x_wconf 86' lang='grc'>››</span> 
     </span>
    </p>
   </div>
   <div class='ocr_carea' id='block_1_14' title="bbox 426 1422 2078 1497">
    <p class='ocr_par' dir='ltr' id='par_1_14' title="bbox 426 1422 2078 1497">
     <span class='ocr_line' id='line_1_14' title="bbox 426 1422 2078 1497; baseline 0.001 -19"><span class='ocrx_word' id='word_1_107' title='bbox 426 1422 486 1478; x_wconf 91' lang='lat' dir='ltr'>id</span> <span class='ocrx_word' id='word_1_108' title='bbox 517 1423 754 1489; x_wconf 86' lang='lat' dir='ltr'>est,duc</span> <span class='ocrx_word' id='word_1_109' title='bbox 784 1423 1082 1478; x_wconf 83' lang='lat' dir='ltr'>hominem</span> <span class='ocrx_word' id='word_1_110' title='bbox 1112 1425 1216 1478; x_wconf 89' lang='lat' dir='ltr'>tibi</span> <span class='ocrx_word' id='word_1_111' title='bbox 1252 1424 1484 1479; x_wconf 87' lang='lat' dir='ltr'>unitum</span> <span class='ocrx_word' id='word_1_112' title='bbox 1515 1441 1692 1497; x_wconf 85' lang='lat' dir='ltr'>super</span> <span class='ocrx_word' id='word_1_113' title='bbox 1723 1442 1955 1480; x_wconf 88' lang='lat' dir='ltr'>omnem</span> <span class='ocrx_word' id='word_1_114' title='bbox 1979 1443 2078 1480; x_wconf 90' lang='lat' dir='ltr'>an-</span> 
     </span>
    </p>
   </div>
   <div class='ocr_carea' id='block_1_15' title="bbox 423 1511 2072 1585">
    <p class='ocr_par' dir='ltr' id='par_1_15' title="bbox 423 1511 2072 1585">
     <span class='ocr_line' id='line_1_15' title="bbox 423 1511 2072 1585; baseline 0.001 -19"><span class='ocrx_word' id='word_1_115' title='bbox 423 1511 672 1585; x_wconf 88' lang='lat' dir='ltr'>gelicam</span> <span class='ocrx_word' id='word_1_116' title='bbox 703 1512 1224 1580; x_wconf 87' lang='lat' dir='ltr'>creaturam,sicut</span> <span class='ocrx_word' id='word_1_117' title='bbox 1255 1513 1312 1566; x_wconf 92' lang='lat' dir='ltr'>in</span> <span class='ocrx_word' id='word_1_118' title='bbox 1345 1513 1685 1569; x_wconf 83' lang='lat' dir='ltr'>ascensione</span> <span class='ocrx_word' id='word_1_119' title='bbox 1715 1511 2072 1585; x_wconf 88' lang='lat' dir='ltr'>completum</span> 
     </span>
    </p>
   </div>
   <div class='ocr_carea' id='block_1_16' title="bbox 422 1600 2072 1673">
    <p class='ocr_par' dir='ltr' id='par_1_16' title="bbox 422 1600 2072 1673">
     <span class='ocr_line' id='line_1_16' title="bbox 422 1600 2072 1673; baseline 0.001 -17"><span class='ocrx_word' id='word_1_120' title='bbox 422 1605 513 1656; x_wconf 86' lang='lat' dir='ltr'>est</span> <span class='ocrx_word' id='word_1_121' title='bbox 545 1617 558 1654; x_wconf 91' lang='lat'>:</span> <span class='ocrx_word' id='word_1_122' title='bbox 598 1621 626 1654; x_wconf 79' lang='grc' dir='ltr'>α</span> <span class='ocrx_word' id='word_1_123' title='bbox 657 1605 714 1656; x_wconf 92' lang='lat' dir='ltr'>et</span> <span class='ocrx_word' id='word_1_124' title='bbox 749 1624 776 1649; x_wconf 86' lang='grc'><strong><em>››</em></strong></span> <span class='ocrx_word' id='word_1_125' title='bbox 807 1619 912 1673; x_wconf 89' lang='lat' dir='ltr'>per</span> <span class='ocrx_word' id='word_1_126' title='bbox 941 1601 1048 1656; x_wconf 92' lang='lat' dir='ltr'>hoc</span> <span class='ocrx_word' id='word_1_127' title='bbox 1084 1624 1111 1651; x_wconf 86' lang='lat'><strong>«</strong></span> <span class='ocrx_word' id='word_1_128' title='bbox 1145 1600 1331 1672; x_wconf 78' lang='lat' dir='ltr'>gloria</span> <span class='ocrx_word' id='word_1_129' title='bbox 1357 1606 1509 1668; x_wconf 82' lang='lat' dir='ltr'>tua,»</span> <span class='ocrx_word' id='word_1_130' title='bbox 1545 1603 1601 1657; x_wconf 88' lang='lat' dir='ltr'>id</span> <span class='ocrx_word' id='word_1_131' title='bbox 1631 1606 1738 1668; x_wconf 90' lang='lat' dir='ltr'>est,</span> <span class='ocrx_word' id='word_1_132' title='bbox 1766 1603 1920 1658; x_wconf 87' lang='lat' dir='ltr'>fama</span> <span class='ocrx_word' id='word_1_133' title='bbox 1951 1605 2072 1670; x_wconf 90' lang='lat' dir='ltr'>tua,</span> 
     </span>
    </p>
   </div>
   <div class='ocr_carea' id='block_1_17' title="bbox 423 1690 2070 1764">
    <p class='ocr_par' dir='ltr' id='par_1_17' title="bbox 423 1690 2070 1764">
     <span class='ocr_line' id='line_1_17' title="bbox 423 1690 2070 1764; baseline 0 -18"><span class='ocrx_word' id='word_1_134' title='bbox 423 1690 534 1746; x_wconf 87' lang='lat' dir='ltr'>erit</span> <span class='ocrx_word' id='word_1_135' title='bbox 559 1714 580 1740; x_wconf 72' lang='grc' dir='ltr'><strong><em>α</em></strong></span> <span class='ocrx_word' id='word_1_136' title='bbox 609 1708 788 1762; x_wconf 88' lang='lat' dir='ltr'>super</span> <span class='ocrx_word' id='word_1_137' title='bbox 816 1707 1051 1746; x_wconf 90' lang='lat' dir='ltr'>omnem</span> <span class='ocrx_word' id='word_1_138' title='bbox 1082 1696 1360 1756; x_wconf 69' lang='lat' dir='ltr'>terram,»</span> <span class='ocrx_word' id='word_1_139' title='bbox 1395 1691 1535 1763; x_wconf 82' lang='lat' dir='ltr'>quia</span> <span class='ocrx_word' id='word_1_140' title='bbox 1565 1695 1625 1745; x_wconf 85' lang='lat' dir='ltr'>tu</span> <span class='ocrx_word' id='word_1_141' title='bbox 1659 1691 1950 1764; x_wconf 88' lang='lat' dir='ltr'>gloriosus</span> <span class='ocrx_word' id='word_1_142' title='bbox 1971 1709 2070 1764; x_wconf 89' lang='lat' dir='ltr'>ap-</span> 
     </span>
    </p>
   </div>
   <div class='ocr_carea' id='block_1_18' title="bbox 421 1779 1353 1852">
    <p class='ocr_par' dir='ltr' id='par_1_18' title="bbox 421 1779 1353 1852">
     <span class='ocr_line' id='line_1_18' title="bbox 421 1779 1353 1852; baseline -0.001 -17"><span class='ocrx_word' id='word_1_143' title='bbox 421 1779 657 1852; x_wconf 89' lang='lat' dir='ltr'>parebis</span> <span class='ocrx_word' id='word_1_144' title='bbox 687 1797 790 1851; x_wconf 91' lang='lat' dir='ltr'>per</span> <span class='ocrx_word' id='word_1_145' title='bbox 820 1783 1007 1834; x_wconf 87' lang='lat' dir='ltr'>totum</span> <span class='ocrx_word' id='word_1_146' title='bbox 1042 1779 1353 1835; x_wconf 91' lang='lat' dir='ltr'>mundum.</span> 
     </span>
    </p>
   </div>
   <div class='ocr_carea' id='block_1_19' title="bbox 493 1867 2070 1942">
    <p class='ocr_par' dir='ltr' id='par_1_19' title="bbox 493 1867 2070 1942">
     <span class='ocr_line' id='line_1_19' title="bbox 493 1867 2070 1942; baseline 0.001 -19"><span class='ocrx_word' id='word_1_147' title='bbox 493 1869 634 1924; x_wconf 87' lang='lat' dir='ltr'>Pars</span> <span class='ocrx_word' id='word_1_148' title='bbox 681 1868 958 1924; x_wconf 87' lang='lat' dir='ltr'>secunda.</span> <span class='ocrx_word' id='word_1_149' title='bbox 989 1869 1059 1924; x_wconf 88' lang='lat' dir='ltr'>Et</span> <span class='ocrx_word' id='word_1_150' title='bbox 1089 1872 1155 1923; x_wconf 92' lang='lat' dir='ltr'>ut</span> <span class='ocrx_word' id='word_1_151' title='bbox 1186 1867 1292 1924; x_wconf 87' lang='lat' dir='ltr'>tibi</span> <span class='ocrx_word' id='word_1_152' title='bbox 1325 1867 1402 1923; x_wconf 87' lang='lat' dir='ltr'>sit</span> <span class='ocrx_word' id='word_1_153' title='bbox 1432 1869 1639 1942; x_wconf 79' lang='lat' dir='ltr'>gloria,</span> <span class='ocrx_word' id='word_1_154' title='bbox 1668 1868 1852 1924; x_wconf 90' lang='lat' dir='ltr'>libera</span> <span class='ocrx_word' id='word_1_155' title='bbox 1880 1871 1950 1925; x_wconf 90' lang='lat' dir='ltr'>de</span> <span class='ocrx_word' id='word_1_156' title='bbox 1974 1888 2070 1941; x_wconf 87' lang='lat' dir='ltr'>po-</span> 
     </span>
    </p>
   </div>
   <div class='ocr_carea' id='block_1_20' title="bbox 419 1956 2074 2029">
    <p class='ocr_par' dir='ltr' id='par_1_20' title="bbox 419 1956 2074 2029">
     <span class='ocr_line' id='line_1_20' title="bbox 419 1956 2074 2029; baseline 0.001 -17"><span class='ocrx_word' id='word_1_157' title='bbox 419 1959 628 2012; x_wconf 84' lang='lat' dir='ltr'>testate</span> <span class='ocrx_word' id='word_1_158' title='bbox 655 1956 874 2012; x_wconf 84' lang='lat' dir='ltr'>inimici</span> <span class='ocrx_word' id='word_1_159' title='bbox 902 1956 1146 2012; x_wconf 90' lang='lat' dir='ltr'>dilectos</span> <span class='ocrx_word' id='word_1_160' title='bbox 1177 1957 1468 2013; x_wconf 88' lang='lat' dir='ltr'>tuos:nisi</span> <span class='ocrx_word' id='word_1_161' title='bbox 1491 1958 1649 2013; x_wconf 91' lang='lat' dir='ltr'>enim</span> <span class='ocrx_word' id='word_1_162' title='bbox 1677 1957 1788 2029; x_wconf 89' lang='lat' dir='ltr'>ipsi</span> <span class='ocrx_word' id='word_1_163' title='bbox 1809 1959 2074 2014; x_wconf 87' lang='lat' dir='ltr'>auferan-</span> 
     </span>
    </p>
   </div>
   <div class='ocr_carea' id='block_1_21' title="bbox 419 2045 2073 2118">
    <p class='ocr_par' dir='ltr' id='par_1_21' title="bbox 419 2045 2073 2118">
     <span class='ocr_line' id='line_1_21' title="bbox 419 2045 2073 2118; baseline 0.002 -18"><span class='ocrx_word' id='word_1_164' title='bbox 419 2048 518 2101; x_wconf 90' lang='lat' dir='ltr'>tur</span> <span class='ocrx_word' id='word_1_165' title='bbox 545 2046 744 2118; x_wconf 88' lang='lat' dir='ltr'>ajugo</span> <span class='ocrx_word' id='word_1_166' title='bbox 771 2045 1010 2116; x_wconf 88' lang='lat' dir='ltr'>diaboli,</span> <span class='ocrx_word' id='word_1_167' title='bbox 1043 2047 1198 2102; x_wconf 88' lang='lat' dir='ltr'>Deus</span> <span class='ocrx_word' id='word_1_168' title='bbox 1227 2045 1286 2101; x_wconf 91' lang='lat' dir='ltr'>in</span> <span class='ocrx_word' id='word_1_169' title='bbox 1319 2046 1595 2102; x_wconf 88' lang='lat' dir='ltr'>omnibus</span> <span class='ocrx_word' id='word_1_170' title='bbox 1637 2047 1918 2103; x_wconf 87' lang='lat' dir='ltr'>creaturis</span> <span class='ocrx_word' id='word_1_171' title='bbox 1947 2047 2073 2104; x_wconf 87' lang='lat' dir='ltr'>suis</span> 
     </span>
    </p>
   </div>
   <div class='ocr_carea' id='block_1_22' title="bbox 421 2131 2073 2206">
    <p class='ocr_par' dir='ltr' id='par_1_22' title="bbox 421 2131 2073 2206">
     <span class='ocr_line' id='line_1_22' title="bbox 421 2131 2073 2206; baseline 0.002 -18"><span class='ocrx_word' id='word_1_172' title='bbox 421 2132 646 2189; x_wconf 88' lang='lat' dir='ltr'>nullam</span> <span class='ocrx_word' id='word_1_173' title='bbox 664 2131 922 2206; x_wconf 85' lang='lat' dir='ltr'>gloriam</span> <span class='ocrx_word' id='word_1_174' title='bbox 963 2133 1204 2190; x_wconf 83' lang='lat' dir='ltr'>habebit</span> <span class='ocrx_word' id='word_1_175' title='bbox 1237 2151 1249 2190; x_wconf 93' lang='lat'>:</span> <span class='ocrx_word' id='word_1_176' title='bbox 1283 2139 1340 2190; x_wconf 89' lang='lat' dir='ltr'>et</span> <span class='ocrx_word' id='word_1_177' title='bbox 1373 2158 1401 2186; x_wconf 82' lang='grc'>‹‹</span> <span class='ocrx_word' id='word_1_178' title='bbox 1433 2139 1497 2191; x_wconf 90' lang='lat' dir='ltr'>ut</span> <span class='ocrx_word' id='word_1_179' title='bbox 1529 2134 1848 2190; x_wconf 86' lang='lat' dir='ltr'>liberentur</span> <span class='ocrx_word' id='word_1_180' title='bbox 1877 2135 2073 2191; x_wconf 87' lang='lat' dir='ltr'>dilecti</span> 
     </span>
    </p>
   </div>
   <div class='ocr_carea' id='block_1_23' title="bbox 421 2219 2072 2296">
    <p class='ocr_par' dir='ltr' id='par_1_23' title="bbox 421 2219 2072 2296">
     <span class='ocr_line' id='line_1_23' title="bbox 421 2219 2072 2296; baseline 0.001 -18"><span class='ocrx_word' id='word_1_181' title='bbox 421 2219 766 2288; x_wconf 86' lang='lat' dir='ltr'>tui,salvum</span> <span class='ocrx_word' id='word_1_182' title='bbox 791 2223 881 2278; x_wconf 91' lang='lat' dir='ltr'>fac</span> <span class='ocrx_word' id='word_1_183' title='bbox 904 2244 932 2272; x_wconf 88' lang='lat'>»</span> <span class='ocrx_word' id='word_1_184' title='bbox 968 2240 1062 2279; x_wconf 91' lang='lat' dir='ltr'>me</span> <span class='ocrx_word' id='word_1_185' title='bbox 1092 2225 1518 2292; x_wconf 80' lang='lat' dir='ltr'>resuscitando,</span> <span class='ocrx_word' id='word_1_186' title='bbox 1553 2241 1655 2296; x_wconf 90' lang='lat' dir='ltr'>per</span> <span class='ocrx_word' id='word_1_187' title='bbox 1683 2225 1853 2295; x_wconf 86' lang='lat' dir='ltr'>cujus</span> <span class='ocrx_word' id='word_1_188' title='bbox 1885 2242 2072 2281; x_wconf 88' lang='lat' dir='ltr'>resur-</span> 
     </span>
    </p>
   </div>
   <div class='ocr_carea' id='block_1_24' title="bbox 421 2309 2072 2370">
    <p class='ocr_par' dir='ltr' id='par_1_24' title="bbox 421 2309 2072 2370">
     <span class='ocr_line' id='line_1_24' title="bbox 421 2309 2072 2370; baseline 0.002 -5"><span class='ocrx_word' id='word_1_189' title='bbox 421 2309 736 2366; x_wconf 90' lang='lat' dir='ltr'>rectionem</span> <span class='ocrx_word' id='word_1_190' title='bbox 780 2311 980 2368; x_wconf 88' lang='lat' dir='ltr'>futura</span> <span class='ocrx_word' id='word_1_191' title='bbox 1011 2316 1098 2368; x_wconf 88' lang='lat' dir='ltr'>est</span> <span class='ocrx_word' id='word_1_192' title='bbox 1129 2313 1472 2368; x_wconf 89' lang='lat' dir='ltr'>dilectorum</span> <span class='ocrx_word' id='word_1_193' title='bbox 1501 2311 1786 2368; x_wconf 88' lang='lat' dir='ltr'>liberatio.</span> <span class='ocrx_word' id='word_1_194' title='bbox 1819 2313 2072 2370; x_wconf 89' lang='lat' dir='ltr'>Dilectos</span> 
     </span>
    </p>
   </div>
   <div class='ocr_carea' id='block_1_25' title="bbox 419 2399 2068 2473">
    <p class='ocr_par' dir='ltr' id='par_1_25' title="bbox 419 2399 2068 2473">
     <span class='ocr_line' id='line_1_25' title="bbox 419 2399 2068 2473; baseline 0.002 -20"><span class='ocrx_word' id='word_1_195' title='bbox 419 2403 639 2454; x_wconf 84' lang='lat' dir='ltr'>vocata</span> <span class='ocrx_word' id='word_1_196' title='bbox 659 2399 774 2455; x_wconf 90' lang='lat' dir='ltr'>Deo</span> <span class='ocrx_word' id='word_1_197' title='bbox 798 2400 1154 2472; x_wconf 73' lang='lat' dir='ltr'>prmelectos,</span> <span class='ocrx_word' id='word_1_198' title='bbox 1187 2419 1292 2458; x_wconf 90' lang='lat' dir='ltr'>nec</span> <span class='ocrx_word' id='word_1_199' title='bbox 1319 2401 1566 2456; x_wconf 90' lang='lat' dir='ltr'>aliorum</span> <span class='ocrx_word' id='word_1_200' title='bbox 1600 2400 1744 2473; x_wconf 87' lang='lat' dir='ltr'>petit</span> <span class='ocrx_word' id='word_1_201' title='bbox 1775 2401 2068 2458; x_wconf 89' lang='lat' dir='ltr'>liberatio-</span> 
     </span>
    </p>
   </div>
   <div class='ocr_carea' id='block_1_26' title="bbox 421 2487 2069 2560">
    <p class='ocr_par' dir='ltr' id='par_1_26' title="bbox 421 2487 2069 2560">
     <span class='ocr_line' id='line_1_26' title="bbox 421 2487 2069 2560; baseline 0.002 -18"><span class='ocrx_word' id='word_1_202' title='bbox 421 2504 576 2543; x_wconf 89' lang='lat' dir='ltr'>nem.</span> <span class='ocrx_word' id='word_1_203' title='bbox 613 2487 742 2560; x_wconf 87' lang='lat' dir='ltr'>Ipse</span> <span class='ocrx_word' id='word_1_204' title='bbox 790 2487 948 2543; x_wconf 91' lang='lat' dir='ltr'>enim</span> <span class='ocrx_word' id='word_1_205' title='bbox 997 2488 1218 2544; x_wconf 88' lang='lat' dir='ltr'>sciebat</span> <span class='ocrx_word' id='word_1_206' title='bbox 1267 2489 1366 2560; x_wconf 92' lang='lat' dir='ltr'>qui</span> <span class='ocrx_word' id='word_1_207' title='bbox 1402 2491 1600 2544; x_wconf 85' lang='lat' dir='ltr'>essent</span> <span class='ocrx_word' id='word_1_208' title='bbox 1629 2487 1850 2556; x_wconf 81' lang='lat' dir='ltr'>dilecti,</span> <span class='ocrx_word' id='word_1_209' title='bbox 1883 2493 1941 2544; x_wconf 90' lang='lat' dir='ltr'>et</span> <span class='ocrx_word' id='word_1_210' title='bbox 1967 2506 2069 2560; x_wconf 88' lang='lat' dir='ltr'>pro</span> 
     </span>
    </p>
   </div>
   <div class='ocr_carea' id='block_1_27' title="bbox 422 2575 2070 2649">
    <p class='ocr_par' dir='ltr' id='par_1_27' title="bbox 422 2575 2070 2649">
     <span class='ocr_line' id='line_1_27' title="bbox 422 2575 2070 2649; baseline 0.001 -18"><span class='ocrx_word' id='word_1_211' title='bbox 422 2575 570 2648; x_wconf 88' lang='lat' dir='ltr'>ipsis</span> <span class='ocrx_word' id='word_1_212' title='bbox 591 2577 822 2633; x_wconf 88' lang='lat' dir='ltr'>orabat:</span> <span class='ocrx_word' id='word_1_213' title='bbox 842 2575 1100 2633; x_wconf 84' lang='lat' dir='ltr'>Ecclesia</span> <span class='ocrx_word' id='word_1_214' title='bbox 1130 2593 1284 2644; x_wconf 86' lang='lat' dir='ltr'>vero,</span> <span class='ocrx_word' id='word_1_215' title='bbox 1319 2577 1460 2649; x_wconf 87' lang='lat' dir='ltr'>quia</span> <span class='ocrx_word' id='word_1_216' title='bbox 1489 2593 1604 2632; x_wconf 90' lang='lat' dir='ltr'>non</span> <span class='ocrx_word' id='word_1_217' title='bbox 1636 2577 1936 2648; x_wconf 81' lang='lat' dir='ltr'>cognoscit</span> <span class='ocrx_word' id='word_1_218' title='bbox 1965 2578 2070 2632; x_wconf 89' lang='lat' dir='ltr'>dc-</span> 
     </span>
    </p>
   </div>
   <div class='ocr_carea' id='block_1_28' title="bbox 419 2664 2072 2738">
    <p class='ocr_par' dir='ltr' id='par_1_28' title="bbox 419 2664 2072 2738">
     <span class='ocr_line' id='line_1_28' title="bbox 419 2664 2072 2738; baseline 0 -18"><span class='ocrx_word' id='word_1_219' title='bbox 419 2665 730 2722; x_wconf 88' lang='lat' dir='ltr'>terminate</span> <span class='ocrx_word' id='word_1_220' title='bbox 761 2665 862 2738; x_wconf 93' lang='lat' dir='ltr'>qui</span> <span class='ocrx_word' id='word_1_221' title='bbox 895 2669 1034 2721; x_wconf 90' lang='lat' dir='ltr'>sunt</span> <span class='ocrx_word' id='word_1_222' title='bbox 1063 2664 1348 2735; x_wconf 89' lang='lat' dir='ltr'>salvandi,</span> <span class='ocrx_word' id='word_1_223' title='bbox 1382 2683 1486 2738; x_wconf 93' lang='lat' dir='ltr'>pro</span> <span class='ocrx_word' id='word_1_224' title='bbox 1526 2665 1802 2722; x_wconf 90' lang='lat' dir='ltr'>omnibus</span> <span class='ocrx_word' id='word_1_225' title='bbox 1832 2670 1960 2721; x_wconf 88' lang='lat' dir='ltr'>orat</span> <span class='ocrx_word' id='word_1_226' title='bbox 1988 2665 2072 2720; x_wconf 89' lang='lat' dir='ltr'>in-</span> 
     </span>
    </p>
   </div>
   <div class='ocr_carea' id='block_1_29' title="bbox 420 2752 2065 2822">
    <p class='ocr_par' dir='ltr' id='par_1_29' title="bbox 420 2752 2065 2822">
     <span class='ocr_line' id='line_1_29' title="bbox 420 2752 2065 2822; baseline 0.001 -14"><span class='ocrx_word' id='word_1_227' title='bbox 420 2752 690 2810; x_wconf 90' lang='lat' dir='ltr'>discrete.</span> <span class='ocrx_word' id='word_1_228' title='bbox 719 2778 747 2804; x_wconf 85' lang='lat'><strong>«</strong></span> <span class='ocrx_word' id='word_1_229' title='bbox 783 2753 1020 2810; x_wconf 87' lang='lat' dir='ltr'>Salvum</span> <span class='ocrx_word' id='word_1_230' title='bbox 1065 2754 1154 2810; x_wconf 86' lang='lat' dir='ltr'>fac</span> <span class='ocrx_word' id='word_1_231' title='bbox 1185 2777 1213 2806; x_wconf 84' lang='grc'>››</span> <span class='ocrx_word' id='word_1_232' title='bbox 1241 2755 1392 2822; x_wconf 83' lang='lat' dir='ltr'>dico,</span> <span class='ocrx_word' id='word_1_233' title='bbox 1442 2777 1470 2804; x_wconf 85' lang='lat'><strong>«</strong></span> <span class='ocrx_word' id='word_1_234' title='bbox 1506 2755 1741 2810; x_wconf 82' lang='lat' dir='ltr'>dextera</span> <span class='ocrx_word' id='word_1_235' title='bbox 1787 2757 1908 2822; x_wconf 89' lang='lat' dir='ltr'>tua,</span> <span class='ocrx_word' id='word_1_236' title='bbox 1946 2777 1975 2804; x_wconf 85' lang='lat'>»</span> <span class='ocrx_word' id='word_1_237' title='bbox 2009 2755 2065 2810; x_wconf 93' lang='lat' dir='ltr'>id</span> 
     </span>
    </p>
   </div>
   <div class='ocr_carea' id='block_1_30' title="bbox 421 2843 2069 2917">
    <p class='ocr_par' dir='ltr' id='par_1_30' title="bbox 421 2843 2069 2917">
     <span class='ocr_line' id='line_1_30' title="bbox 421 2843 2069 2917; baseline 0.001 -18"><span class='ocrx_word' id='word_1_238' title='bbox 421 2846 529 2911; x_wconf 91' lang='lat' dir='ltr'>est,</span> <span class='ocrx_word' id='word_1_239' title='bbox 561 2843 823 2916; x_wconf 88' lang='lat' dir='ltr'>potentia</span> <span class='ocrx_word' id='word_1_240' title='bbox 877 2847 1002 2911; x_wconf 88' lang='lat' dir='ltr'>tua,</span> <span class='ocrx_word' id='word_1_241' title='bbox 1035 2867 1057 2894; x_wconf 73' lang='grc' dir='ltr'><strong><em>α</em></strong></span> <span class='ocrx_word' id='word_1_242' title='bbox 1090 2847 1148 2900; x_wconf 91' lang='lat' dir='ltr'>et</span> <span class='ocrx_word' id='word_1_243' title='bbox 1193 2843 1400 2900; x_wconf 84' lang='lat' dir='ltr'>exaudi</span> <span class='ocrx_word' id='word_1_244' title='bbox 1445 2860 1538 2899; x_wconf 92' lang='lat' dir='ltr'>me</span> <span class='ocrx_word' id='word_1_245' title='bbox 1569 2865 1597 2894; x_wconf 86' lang='grc'><strong>››</strong></span> <span class='ocrx_word' id='word_1_246' title='bbox 1631 2848 1964 2917; x_wconf 90' lang='lat' dir='ltr'>precantem</span> <span class='ocrx_word' id='word_1_247' title='bbox 1997 2845 2069 2900; x_wconf 91' lang='lat' dir='ltr'>de</span> 
     </span>
    </p>
   </div>
   <div class='ocr_carea' id='block_1_31' title="bbox 421 2931 2070 3006">
    <p class='ocr_par' dir='ltr' id='par_1_31' title="bbox 421 2931 2070 3006">
     <span class='ocr_line' id='line_1_31' title="bbox 421 2931 2070 3006; baseline 0.001 -20"><span class='ocrx_word' id='word_1_248' title='bbox 421 2931 766 2988; x_wconf 86' lang='lat' dir='ltr'>dilectorum</span> <span class='ocrx_word' id='word_1_249' title='bbox 793 2931 1156 3002; x_wconf 85' lang='lat' dir='ltr'>liberatione,</span> <span class='ocrx_word' id='word_1_250' title='bbox 1189 2933 1413 2989; x_wconf 88' lang='lat' dir='ltr'>scilicet</span> <span class='ocrx_word' id='word_1_251' title='bbox 1441 2937 1498 2988; x_wconf 90' lang='lat' dir='ltr'>et</span> <span class='ocrx_word' id='word_1_252' title='bbox 1527 2951 1630 3006; x_wconf 92' lang='lat' dir='ltr'>per</span> <span class='ocrx_word' id='word_1_253' title='bbox 1659 2949 1850 2988; x_wconf 85' lang='lat' dir='ltr'>meam</span> <span class='ocrx_word' id='word_1_254' title='bbox 1881 2950 2070 2988; x_wconf 90' lang='lat' dir='ltr'>resur-</span> 
     </span>
    </p>
   </div>
   <div class='ocr_carea' id='block_1_32' title="bbox 421 3019 2066 3092">
    <p class='ocr_par' dir='ltr' id='par_1_32' title="bbox 421 3019 2066 3092">
     <span class='ocr_line' id='line_1_32' title="bbox 421 3019 2066 3092; baseline 0 -18"><span class='ocrx_word' id='word_1_255' title='bbox 421 3019 758 3088; x_wconf 86' lang='lat' dir='ltr'>rectionem,</span> <span class='ocrx_word' id='word_1_256' title='bbox 795 3023 854 3075; x_wconf 89' lang='lat' dir='ltr'>et</span> <span class='ocrx_word' id='word_1_257' title='bbox 881 3037 984 3092; x_wconf 90' lang='lat' dir='ltr'>per</span> <span class='ocrx_word' id='word_1_258' title='bbox 1022 3039 1214 3076; x_wconf 86' lang='lat' dir='ltr'>meam</span> <span class='ocrx_word' id='word_1_259' title='bbox 1254 3021 1576 3077; x_wconf 90' lang='lat' dir='ltr'>orationem</span> <span class='ocrx_word' id='word_1_260' title='bbox 1597 3021 1780 3076; x_wconf 90' lang='lat' dir='ltr'>libera</span> <span class='ocrx_word' id='word_1_261' title='bbox 1802 3020 2066 3076; x_wconf 88' lang='lat' dir='ltr'>dilectos.</span> 
     </span>
    </p>
   </div>
   <div class='ocr_carea' id='block_1_33' title="bbox 493 3107 2065 3176">
    <p class='ocr_par' dir='ltr' id='par_1_33' title="bbox 493 3107 2065 3176">
     <span class='ocr_line' id='line_1_33' title="bbox 493 3107 2065 3176; baseline 0.001 -13"><span class='ocrx_word' id='word_1_262' title='bbox 493 3109 626 3164; x_wconf 90' lang='lat' dir='ltr'>Peto</span> <span class='ocrx_word' id='word_1_263' title='bbox 653 3113 717 3162; x_wconf 89' lang='lat' dir='ltr'>ut</span> <span class='ocrx_word' id='word_1_264' title='bbox 737 3107 963 3162; x_wconf 87' lang='lat' dir='ltr'>salvum</span> <span class='ocrx_word' id='word_1_265' title='bbox 987 3126 1079 3164; x_wconf 91' lang='lat' dir='ltr'>me</span> <span class='ocrx_word' id='word_1_266' title='bbox 1100 3109 1374 3176; x_wconf 87' lang='lat' dir='ltr'>facias,ut</span> <span class='ocrx_word' id='word_1_267' title='bbox 1394 3108 1478 3164; x_wconf 90' lang='lat' dir='ltr'>sic</span> <span class='ocrx_word' id='word_1_268' title='bbox 1501 3109 1820 3164; x_wconf 84' lang='lat' dir='ltr'>liberentur</span> <span class='ocrx_word' id='word_1_269' title='bbox 1841 3109 2065 3164; x_wconf 86' lang='lat' dir='ltr'>dilecti:</span> 
     </span>
    </p>
   </div>
   <div class='ocr_carea' id='block_1_34' title="bbox 419 3186 2140 3268">
    <p class='ocr_par' dir='ltr' id='par_1_34' title="bbox 419 3186 2140 3268">
     <span class='ocr_line' id='line_1_34' title="bbox 419 3186 2140 3268; baseline 0.001 -17"><span class='ocrx_word' id='word_1_270' title='bbox 419 3199 478 3252; x_wconf 91' lang='lat' dir='ltr'>et</span> <span class='ocrx_word' id='word_1_271' title='bbox 513 3197 586 3249; x_wconf 91' lang='lat' dir='ltr'>de</span> <span class='ocrx_word' id='word_1_272' title='bbox 619 3212 750 3248; x_wconf 89' lang='lat' dir='ltr'>mea</span> <span class='ocrx_word' id='word_1_273' title='bbox 777 3193 1122 3250; x_wconf 87' lang='lat' dir='ltr'>liberatione</span> <span class='ocrx_word' id='word_1_274' title='bbox 1151 3197 1299 3250; x_wconf 87' lang='lat' dir='ltr'>bene</span> <span class='ocrx_word' id='word_1_275' title='bbox 1330 3199 1525 3250; x_wconf 91' lang='lat' dir='ltr'>certus</span> <span class='ocrx_word' id='word_1_276' title='bbox 1556 3213 1688 3250; x_wconf 90' lang='lat' dir='ltr'>sum</span> <span class='ocrx_word' id='word_1_277' title='bbox 1720 3199 1778 3251; x_wconf 89' lang='lat' dir='ltr'>et</span> <span class='ocrx_word' id='word_1_278' title='bbox 1807 3197 1878 3252; x_wconf 90' lang='lat' dir='ltr'>de</span> <span class='ocrx_word' id='word_1_279' title='bbox 1910 3197 2064 3268; x_wconf 89' lang='lat' dir='ltr'>ipso-</span> <span class='ocrx_word' id='word_1_280' title='bbox 2097 3186 2140 3252; x_wconf 83' lang='lat' dir='ltr'>C</span> 
     </span>
    </p>
   </div>
   <div class='ocr_carea' id='block_1_35' title="bbox 420 3281 2065 3356">
    <p class='ocr_par' dir='ltr' id='par_1_35' title="bbox 420 3281 2065 3356">
     <span class='ocr_line' id='line_1_35' title="bbox 420 3281 2065 3356; baseline 0.001 -18"><span class='ocrx_word' id='word_1_281' title='bbox 420 3299 552 3338; x_wconf 88' lang='lat' dir='ltr'>rum</span> <span class='ocrx_word' id='word_1_282' title='bbox 583 3281 796 3350; x_wconf 86' lang='lat' dir='ltr'>salute,</span> <span class='ocrx_word' id='word_1_283' title='bbox 814 3281 953 3352; x_wconf 88' lang='lat' dir='ltr'>quia</span> <span class='ocrx_word' id='word_1_284' title='bbox 987 3283 1184 3338; x_wconf 80' lang='lat' dir='ltr'>«Deus</span> <span class='ocrx_word' id='word_1_285' title='bbox 1214 3283 1446 3338; x_wconf 91' lang='lat' dir='ltr'>locutus</span> <span class='ocrx_word' id='word_1_286' title='bbox 1465 3287 1556 3338; x_wconf 90' lang='lat' dir='ltr'>est</span> <span class='ocrx_word' id='word_1_287' title='bbox 1575 3282 1633 3337; x_wconf 92' lang='lat' dir='ltr'>in</span> <span class='ocrx_word' id='word_1_288' title='bbox 1661 3306 1688 3332; x_wconf 83' lang='grc'><strong>››</strong></span> <span class='ocrx_word' id='word_1_289' title='bbox 1712 3301 1806 3339; x_wconf 92' lang='lat' dir='ltr'>me</span> <span class='ocrx_word' id='word_1_290' title='bbox 1827 3285 2065 3356; x_wconf 87' lang='lat' dir='ltr'>speciali</span> 
     </span>
    </p>
   </div>
   <div class='ocr_carea' id='block_1_36' title="bbox 423 3369 2068 3436">
    <p class='ocr_par' dir='ltr' id='par_1_36' title="bbox 423 3369 2068 3436">
     <span class='ocr_line' id='line_1_36' title="bbox 423 3369 2068 3436; baseline 0.004 -14"><span class='ocrx_word' id='word_1_291' title='bbox 423 3390 451 3422; x_wconf 86' lang='grc'>‹‹</span> <span class='ocrx_word' id='word_1_292' title='bbox 481 3373 682 3424; x_wconf 88' lang='lat' dir='ltr'>sancto</span> <span class='ocrx_word' id='word_1_293' title='bbox 715 3385 850 3436; x_wconf 91' lang='lat' dir='ltr'>suo;</span> <span class='ocrx_word' id='word_1_294' title='bbox 872 3391 892 3416; x_wconf 75' lang='grc' dir='ltr'><strong>η</strong></span> <span class='ocrx_word' id='word_1_295' title='bbox 920 3369 1144 3425; x_wconf 88' lang='lat' dir='ltr'>scilicet</span> <span class='ocrx_word' id='word_1_296' title='bbox 1171 3369 1406 3427; x_wconf 91' lang='lat' dir='ltr'>locutus</span> <span class='ocrx_word' id='word_1_297' title='bbox 1435 3375 1525 3426; x_wconf 85' lang='lat' dir='ltr'>est</span> <span class='ocrx_word' id='word_1_298' title='bbox 1555 3387 1566 3425; x_wconf 89' lang='lat'>:</span> <span class='ocrx_word' id='word_1_299' title='bbox 1603 3394 1628 3420; x_wconf 83' lang='lat'>«</span> <span class='ocrx_word' id='word_1_300' title='bbox 1663 3371 1980 3428; x_wconf 77' lang='lat' dir='ltr'>Exsultabo</span> <span class='ocrx_word' id='word_1_301' title='bbox 2010 3378 2068 3429; x_wconf 83' lang='lat' dir='ltr'>et</span> 
     </span>
    </p>
   </div>
   <div class='ocr_carea' id='block_1_37' title="bbox 419 3455 2068 3534">
    <p class='ocr_par' dir='ltr' id='par_1_37' title="bbox 419 3455 2068 3534">
     <span class='ocr_line' id='line_1_37' title="bbox 419 3455 2068 3534; baseline 0.002 -22"><span class='ocrx_word' id='word_1_302' title='bbox 419 3456 678 3512; x_wconf 83' lang='lat' dir='ltr'>dividam</span> <span class='ocrx_word' id='word_1_303' title='bbox 701 3455 1046 3522; x_wconf 89' lang='lat' dir='ltr'>Sichimam,</span> <span class='ocrx_word' id='word_1_304' title='bbox 1068 3479 1094 3506; x_wconf 86' lang='lat'>»</span> <span class='ocrx_word' id='word_1_305' title='bbox 1131 3457 1188 3513; x_wconf 91' lang='lat' dir='ltr'>id</span> <span class='ocrx_word' id='word_1_306' title='bbox 1220 3462 1327 3526; x_wconf 88' lang='lat' dir='ltr'>est,</span> <span class='ocrx_word' id='word_1_307' title='bbox 1363 3457 1658 3527; x_wconf 88' lang='lat' dir='ltr'>humeros,</span> <span class='ocrx_word' id='word_1_308' title='bbox 1693 3459 1916 3516; x_wconf 91' lang='lat' dir='ltr'>scilicet</span> <span class='ocrx_word' id='word_1_309' title='bbox 1942 3479 2068 3534; x_wconf 85' lang='lat' dir='ltr'>gra-</span> 
     </span>
    </p>
   </div>
   <div class='ocr_carea' id='block_1_38' title="bbox 419 3544 2070 3620">
    <p class='ocr_par' dir='ltr' id='par_1_38' title="bbox 419 3544 2070 3620">
     <span class='ocr_line' id='line_1_38' title="bbox 419 3544 2070 3620; baseline 0.002 -19"><span class='ocrx_word' id='word_1_310' title='bbox 419 3544 562 3602; x_wconf 89' lang='lat' dir='ltr'>tiam</span> <span class='ocrx_word' id='word_1_311' title='bbox 599 3561 791 3600; x_wconf 86' lang='lat' dir='ltr'>meam</span> <span class='ocrx_word' id='word_1_312' title='bbox 815 3545 1061 3602; x_wconf 85' lang='lat' dir='ltr'>diversis</span> <span class='ocrx_word' id='word_1_313' title='bbox 1087 3547 1515 3620; x_wconf 82' lang='lat' dir='ltr'>conferam,per</span> <span class='ocrx_word' id='word_1_314' title='bbox 1533 3565 1710 3619; x_wconf 88' lang='lat' dir='ltr'>quam</span> <span class='ocrx_word' id='word_1_315' title='bbox 1733 3548 1943 3604; x_wconf 78' lang='lat' dir='ltr'>faciam</span> <span class='ocrx_word' id='word_1_316' title='bbox 1964 3549 2070 3604; x_wconf 88' lang='lat' dir='ltr'>hu-</span> 
     </span>
    </p>
   </div>
   <div class='ocr_carea' id='block_1_39' title="bbox 421 3635 2072 3693">
    <p class='ocr_par' dir='ltr' id='par_1_39' title="bbox 421 3635 2072 3693">
     <span class='ocr_line' id='line_1_39' title="bbox 421 3635 2072 3693; baseline 0.001 -3"><span class='ocrx_word' id='word_1_317' title='bbox 421 3651 684 3690; x_wconf 90' lang='lat' dir='ltr'>merosos</span> <span class='ocrx_word' id='word_1_318' title='bbox 713 3638 771 3690; x_wconf 90' lang='lat' dir='ltr'>et</span> <span class='ocrx_word' id='word_1_319' title='bbox 805 3635 980 3690; x_wconf 80' lang='lat' dir='ltr'>fortes</span> <span class='ocrx_word' id='word_1_320' title='bbox 1010 3636 1083 3690; x_wconf 89' lang='lat' dir='ltr'>ad</span> <span class='ocrx_word' id='word_1_321' title='bbox 1116 3635 1346 3692; x_wconf 89' lang='lat' dir='ltr'>labores</span> <span class='ocrx_word' id='word_1_322' title='bbox 1376 3635 1774 3692; x_wconf 86' lang='lat' dir='ltr'>sustinendos.</span> <span class='ocrx_word' id='word_1_323' title='bbox 1798 3639 1909 3693; x_wconf 85' lang='lat' dir='ltr'>«Et</span> <span class='ocrx_word' id='word_1_324' title='bbox 1938 3654 2072 3693; x_wconf 90' lang='lat' dir='ltr'>con-</span> 
     </span>
    </p>
   </div>
   <div class='ocr_carea' id='block_1_40' title="bbox 418 3721 2071 3792">
    <p class='ocr_par' dir='ltr' id='par_1_40' title="bbox 418 3721 2071 3792">
     <span class='ocr_line' id='line_1_40' title="bbox 418 3721 2071 3792; baseline 0.001 -12"><span class='ocrx_word' id='word_1_325' title='bbox 418 3721 628 3780; x_wconf 84' lang='lat' dir='ltr'>vallem</span> <span class='ocrx_word' id='word_1_326' title='bbox 658 3723 1192 3791; x_wconf 87' lang='lat' dir='ltr'>tabernaculorum,</span> <span class='ocrx_word' id='word_1_327' title='bbox 1217 3746 1245 3775; x_wconf 83' lang='lat'><strong>»</strong></span> <span class='ocrx_word' id='word_1_328' title='bbox 1280 3723 1335 3779; x_wconf 91' lang='lat' dir='ltr'>id</span> <span class='ocrx_word' id='word_1_329' title='bbox 1369 3729 1476 3792; x_wconf 90' lang='lat' dir='ltr'>est,</span> <span class='ocrx_word' id='word_1_330' title='bbox 1511 3723 1765 3780; x_wconf 88' lang='lat' dir='ltr'>humiles</span> <span class='ocrx_word' id='word_1_331' title='bbox 1794 3725 1853 3780; x_wconf 92' lang='lat' dir='ltr'>in</span> <span class='ocrx_word' id='word_1_332' title='bbox 1884 3727 2071 3782; x_wconf 88' lang='lat' dir='ltr'>taber-</span> 
     </span>
    </p>
   </div>
   <div class='ocr_carea' id='block_1_41' title="bbox 421 3811 2067 3884">
    <p class='ocr_par' dir='ltr' id='par_1_41' title="bbox 421 3811 2067 3884">
     <span class='ocr_line' id='line_1_41' title="bbox 421 3811 2067 3884; baseline 0 -15"><span class='ocrx_word' id='word_1_333' title='bbox 421 3811 646 3869; x_wconf 89' lang='lat' dir='ltr'>naculis</span> <span class='ocrx_word' id='word_1_334' title='bbox 695 3813 844 3868; x_wconf 88' lang='lat' dir='ltr'>meis</span> <span class='ocrx_word' id='word_1_335' title='bbox 891 3813 1238 3882; x_wconf 85' lang='lat' dir='ltr'>militantes,</span> <span class='ocrx_word' id='word_1_336' title='bbox 1289 3835 1316 3863; x_wconf 86' lang='lat'><strong>«</strong></span> <span class='ocrx_word' id='word_1_337' title='bbox 1349 3813 1625 3870; x_wconf 86' lang='lat' dir='ltr'>dimetiar</span> <span class='ocrx_word' id='word_1_338' title='bbox 1654 3837 1682 3865; x_wconf 86' lang='lat'>»</span> <span class='ocrx_word' id='word_1_339' title='bbox 1736 3814 1794 3869; x_wconf 93' lang='lat' dir='ltr'>id</span> <span class='ocrx_word' id='word_1_340' title='bbox 1844 3820 1954 3884; x_wconf 90' lang='lat' dir='ltr'>est,</span> <span class='ocrx_word' id='word_1_341' title='bbox 2008 3815 2067 3870; x_wconf 91' lang='lat' dir='ltr'>in</span> 
     </span>
    </p>
   </div>
   <div class='ocr_carea' id='block_1_42' title="bbox 419 3901 1176 3973">
    <p class='ocr_par' dir='ltr' id='par_1_42' title="bbox 419 3901 1176 3973">
     <span class='ocr_line' id='line_1_42' title="bbox 419 3901 1176 3973; baseline 0 -17"><span class='ocrx_word' id='word_1_342' title='bbox 419 3905 645 3973; x_wconf 89' lang='lat' dir='ltr'>partem</span> <span class='ocrx_word' id='word_1_343' title='bbox 677 3901 823 3956; x_wconf 90' lang='lat' dir='ltr'>mihi</span> <span class='ocrx_word' id='word_1_344' title='bbox 853 3919 1176 3958; x_wconf 89' lang='lat' dir='ltr'>assumam.</span> 
     </span>
    </p>
   </div>
   <div class='ocr_carea' id='block_1_43' title="bbox 491 3989 2068 4060">
    <p class='ocr_par' dir='ltr' id='par_1_43' title="bbox 491 3989 2068 4060">
     <span class='ocr_line' id='line_1_43' title="bbox 491 3989 2068 4060; baseline 0.002 -16"><span class='ocrx_word' id='word_1_345' title='bbox 491 3989 680 4045; x_wconf 87' lang='lat' dir='ltr'>Etiam</span> <span class='ocrx_word' id='word_1_346' title='bbox 715 4013 740 4039; x_wconf 87' lang='grc'><strong>‹‹</strong></span> <span class='ocrx_word' id='word_1_347' title='bbox 765 3989 1049 4055; x_wconf 78' lang='lat' dir='ltr'>Galaad,»</span> <span class='ocrx_word' id='word_1_348' title='bbox 1083 3991 1140 4046; x_wconf 91' lang='lat' dir='ltr'>id</span> <span class='ocrx_word' id='word_1_349' title='bbox 1171 3994 1278 4058; x_wconf 90' lang='lat' dir='ltr'>est,</span> <span class='ocrx_word' id='word_1_350' title='bbox 1311 4008 1552 4048; x_wconf 85' lang='lat' dir='ltr'>acervus</span> <span class='ocrx_word' id='word_1_351' title='bbox 1582 3990 1922 4060; x_wconf 87' lang='lat' dir='ltr'>testimonii,</span> <span class='ocrx_word' id='word_1_352' title='bbox 1955 3992 2068 4048; x_wconf 76' lang='lat' dir='ltr'>sic-</span> 
     </span>
    </p>
   </div>
   <div class='ocr_carea' id='block_1_44' title="bbox 421 4076 2070 4154">
    <p class='ocr_par' dir='ltr' id='par_1_44' title="bbox 421 4076 2070 4154">
     <span class='ocr_line' id='line_1_44' title="bbox 421 4076 2070 4154; baseline 0.003 -22"><span class='ocrx_word' id='word_1_353' title='bbox 421 4076 506 4132; x_wconf 88' lang='lat' dir='ltr'>uti</span> <span class='ocrx_word' id='word_1_354' title='bbox 557 4077 741 4132; x_wconf 88' lang='lat' dir='ltr'>sancti</span> <span class='ocrx_word' id='word_1_355' title='bbox 794 4082 1079 4150; x_wconf 80' lang='lat' dir='ltr'>martyres</span> <span class='ocrx_word' id='word_1_356' title='bbox 1127 4079 1230 4150; x_wconf 92' lang='lat' dir='ltr'>qui</span> <span class='ocrx_word' id='word_1_357' title='bbox 1283 4080 1427 4134; x_wconf 87' lang='lat' dir='ltr'>dant</span> <span class='ocrx_word' id='word_1_358' title='bbox 1475 4080 1700 4151; x_wconf 86' lang='lat' dir='ltr'>seipsos</span> <span class='ocrx_word' id='word_1_359' title='bbox 1749 4081 1918 4136; x_wconf 89' lang='lat' dir='ltr'>morti</span> <span class='ocrx_word' id='word_1_360' title='bbox 1965 4099 2070 4154; x_wconf 90' lang='lat' dir='ltr'>pro</span> 
     </span>
    </p>
   </div>
   <div class='ocr_carea' id='block_1_45' title="bbox 420 4162 2068 4235">
    <p class='ocr_par' dir='ltr' id='par_1_45' title="bbox 420 4162 2068 4235">
     <span class='ocr_line' id='line_1_45' title="bbox 420 4162 2068 4235; baseline 0.003 -15"><span class='ocrx_word' id='word_1_361' title='bbox 420 4162 758 4220; x_wconf 89' lang='lat' dir='ltr'>testimonio</span> <span class='ocrx_word' id='word_1_362' title='bbox 788 4164 1068 4231; x_wconf 84' lang='lat' dir='ltr'>veritatis,</span> <span class='ocrx_word' id='word_1_363' title='bbox 1094 4190 1121 4214; x_wconf 89' lang='grc'>‹‹</span> <span class='ocrx_word' id='word_1_364' title='bbox 1139 4170 1228 4221; x_wconf 87' lang='lat' dir='ltr'>est</span> <span class='ocrx_word' id='word_1_365' title='bbox 1259 4184 1448 4233; x_wconf 89' lang='lat' dir='ltr'>meus,</span> <span class='ocrx_word' id='word_1_366' title='bbox 1478 4192 1498 4216; x_wconf 75' lang='grc' dir='ltr'><strong>υ</strong></span> <span class='ocrx_word' id='word_1_367' title='bbox 1525 4167 1582 4222; x_wconf 88' lang='lat' dir='ltr'>id</span> <span class='ocrx_word' id='word_1_368' title='bbox 1607 4172 1715 4235; x_wconf 90' lang='lat' dir='ltr'>est,</span> <span class='ocrx_word' id='word_1_369' title='bbox 1740 4167 1798 4222; x_wconf 91' lang='lat' dir='ltr'>in</span> <span class='ocrx_word' id='word_1_370' title='bbox 1826 4187 2068 4225; x_wconf 89' lang='lat' dir='ltr'>numero</span> 
     </span>
    </p>
   </div>
   <div class='ocr_carea' id='block_1_46' title="bbox 423 4251 2067 4326">
    <p class='ocr_par' dir='ltr' id='par_1_46' title="bbox 423 4251 2067 4326">
     <span class='ocr_line' id='line_1_46' title="bbox 423 4251 2067 4326; baseline 0.001 -18"><span class='ocrx_word' id='word_1_371' title='bbox 423 4251 836 4308; x_wconf 87' lang='lat' dir='ltr'>salvandorum</span> <span class='ocrx_word' id='word_1_372' title='bbox 871 4253 1184 4325; x_wconf 86' lang='lat' dir='ltr'>repositus.</span> <span class='ocrx_word' id='word_1_373' title='bbox 1223 4277 1243 4304; x_wconf 72' lang='grc' dir='ltr'><strong><em>α</em></strong></span> <span class='ocrx_word' id='word_1_374' title='bbox 1279 4256 1348 4310; x_wconf 85' lang='lat' dir='ltr'>Et</span> <span class='ocrx_word' id='word_1_375' title='bbox 1375 4273 1544 4310; x_wconf 90' lang='lat' dir='ltr'>meus</span> <span class='ocrx_word' id='word_1_376' title='bbox 1574 4261 1663 4312; x_wconf 88' lang='lat' dir='ltr'>est</span> <span class='ocrx_word' id='word_1_377' title='bbox 1691 4257 2013 4326; x_wconf 88' lang='lat' dir='ltr'>Manasses,</span> <span class='ocrx_word' id='word_1_378' title='bbox 2040 4283 2067 4310; x_wconf 82' lang='lat'><strong>»</strong></span> 
     </span>
    </p>
   </div>
   <div class='ocr_carea' id='block_1_47' title="bbox 423 4337 2075 4412">
    <p class='ocr_par' dir='ltr' id='par_1_47' title="bbox 423 4337 2075 4412">
     <span class='ocr_line' id='line_1_47' title="bbox 423 4337 2075 4412; baseline 0.005 -18"><span class='ocrx_word' id='word_1_379' title='bbox 423 4340 481 4396; x_wconf 89' lang='lat' dir='ltr'>id</span> <span class='ocrx_word' id='word_1_380' title='bbox 513 4343 623 4406; x_wconf 86' lang='lat' dir='ltr'>est,</span> <span class='ocrx_word' id='word_1_381' title='bbox 655 4337 737 4394; x_wconf 91' lang='lat' dir='ltr'>illi</span> <span class='ocrx_word' id='word_1_382' title='bbox 785 4339 888 4412; x_wconf 92' lang='lat' dir='ltr'>qui</span> <span class='ocrx_word' id='word_1_383' title='bbox 943 4341 1108 4397; x_wconf 87' lang='lat' dir='ltr'>obliti</span> <span class='ocrx_word' id='word_1_384' title='bbox 1167 4347 1306 4397; x_wconf 89' lang='lat' dir='ltr'>sunt</span> <span class='ocrx_word' id='word_1_385' title='bbox 1343 4343 1554 4399; x_wconf 88' lang='lat' dir='ltr'>veteris</span> <span class='ocrx_word' id='word_1_386' title='bbox 1583 4343 1709 4398; x_wconf 63' lang='lat' dir='ltr'>vitae</span> <span class='ocrx_word' id='word_1_387' title='bbox 1737 4345 1890 4400; x_wconf 89' lang='lat' dir='ltr'>sicut</span> <span class='ocrx_word' id='word_1_388' title='bbox 1921 4346 2075 4402; x_wconf 88' lang='lat' dir='ltr'>Psal-</span> 
     </span>
    </p>
   </div>
   <div class='ocr_carea' id='block_1_48' title="bbox 423 4427 2074 4503">
    <p class='ocr_par' dir='ltr' id='par_1_48' title="bbox 423 4427 2074 4503">
     <span class='ocr_line' id='line_1_48' title="bbox 423 4427 2074 4503; baseline 0.005 -19"><span class='ocrx_word' id='word_1_389' title='bbox 423 4428 601 4484; x_wconf 87' lang='lat' dir='ltr'>mista</span> <span class='ocrx_word' id='word_1_390' title='bbox 629 4427 770 4484; x_wconf 89' lang='lat' dir='ltr'>alibi</span> <span class='ocrx_word' id='word_1_391' title='bbox 800 4429 988 4485; x_wconf 87' lang='lat' dir='ltr'>dicit:</span> <span class='ocrx_word' id='word_1_392' title='bbox 1045 4429 1398 4487; x_wconf 89' lang='lat' dir='ltr'>Obliviscere</span> <span class='ocrx_word' id='word_1_393' title='bbox 1454 4431 1739 4503; x_wconf 87' lang='lat' dir='ltr'>populum</span> <span class='ocrx_word' id='word_1_394' title='bbox 1801 4438 1967 4489; x_wconf 89' lang='lat' dir='ltr'>tuum</span> <span class='ocrx_word' id='word_1_395' title='bbox 2015 4440 2074 4492; x_wconf 88' lang='lat' dir='ltr'>et</span> 
     </span>
    </p>
   </div>
   <div class='ocr_carea' id='block_1_49' title="bbox 2187 541 3770 632">
    <p class='ocr_par' dir='ltr' id='par_1_49' title="bbox 2187 541 3770 632">
     <span class='ocr_line' id='line_1_49' title="bbox 2187 541 3770 632; baseline 0.014 -33"><span class='ocrx_word' id='word_1_396' title='bbox 2187 541 2348 616; x_wconf 90' lang='lat' dir='ltr'>ipsos</span> <span class='ocrx_word' id='word_1_397' title='bbox 2377 547 2522 603; x_wconf 87' lang='lat' dir='ltr'>bene</span> <span class='ocrx_word' id='word_1_398' title='bbox 2561 548 2972 621; x_wconf 88' lang='lat' dir='ltr'>decoquentes,</span> <span class='ocrx_word' id='word_1_399' title='bbox 3005 555 3063 608; x_wconf 91' lang='lat' dir='ltr'>et</span> <span class='ocrx_word' id='word_1_400' title='bbox 3093 552 3364 610; x_wconf 86' lang='lat' dir='ltr'>facientes</span> <span class='ocrx_word' id='word_1_401' title='bbox 3403 555 3588 616; x_wconf 88' lang='lat' dir='ltr'>dulces</span> <span class='ocrx_word' id='word_1_402' title='bbox 3615 560 3770 632; x_wconf 87' lang='lat' dir='ltr'>cibos,</span> 
     </span>
    </p>
   </div>
   <div class='ocr_carea' id='block_1_50' title="bbox 2189 635 3770 717">
    <p class='ocr_par' dir='ltr' id='par_1_50' title="bbox 2189 635 3770 717">
     <span class='ocr_line' id='line_1_50' title="bbox 2189 635 3770 717; baseline 0.007 -28"><span class='ocrx_word' id='word_1_403' title='bbox 2189 635 2260 690; x_wconf 91' lang='lat' dir='ltr'>de</span> <span class='ocrx_word' id='word_1_404' title='bbox 2277 635 2494 707; x_wconf 91' lang='lat' dir='ltr'>quibus</span> <span class='ocrx_word' id='word_1_405' title='bbox 2505 653 2610 710; x_wconf 90' lang='lat' dir='ltr'>ego</span> <span class='ocrx_word' id='word_1_406' title='bbox 2624 639 2769 694; x_wconf 88' lang='lat' dir='ltr'>mihi</span> <span class='ocrx_word' id='word_1_407' title='bbox 2789 641 3159 698; x_wconf 83' lang='lat' dir='ltr'>refectionem</span> <span class='ocrx_word' id='word_1_408' title='bbox 3181 641 3770 717; x_wconf 75' lang='lat' dir='ltr'>capiam.Vel,«Moab,»</span> 
     </span>
    </p>
   </div>
   <div class='ocr_carea' id='block_1_51' title="bbox 2189 723 3775 807">
    <p class='ocr_par' dir='ltr' id='par_1_51' title="bbox 2189 723 3775 807">
     <span class='ocr_line' id='line_1_51' title="bbox 2189 723 3775 807; baseline 0.011 -31"><span class='ocrx_word' id='word_1_409' title='bbox 2189 723 2247 777; x_wconf 90' lang='lat' dir='ltr'>id</span> <span class='ocrx_word' id='word_1_410' title='bbox 2272 729 2380 792; x_wconf 89' lang='lat' dir='ltr'>est,</span> <span class='ocrx_word' id='word_1_411' title='bbox 2415 725 2704 792; x_wconf 81' lang='lat' dir='ltr'>diabolus,</span> <span class='ocrx_word' id='word_1_412' title='bbox 2739 729 2840 801; x_wconf 90' lang='lat' dir='ltr'>qui</span> <span class='ocrx_word' id='word_1_413' title='bbox 2866 735 2957 786; x_wconf 89' lang='lat' dir='ltr'>est</span> <span class='ocrx_word' id='word_1_414' title='bbox 2985 731 3234 788; x_wconf 90' lang='lat' dir='ltr'>abutens</span> <span class='ocrx_word' id='word_1_415' title='bbox 3261 733 3384 807; x_wconf 84' lang='lat' dir='ltr'>lege</span> <span class='ocrx_word' id='word_1_416' title='bbox 3411 739 3466 790; x_wconf 89' lang='lat' dir='ltr'>et</span> <span class='ocrx_word' id='word_1_417' title='bbox 3492 735 3608 792; x_wconf 88' lang='lat' dir='ltr'>sine</span> <span class='ocrx_word' id='word_1_418' title='bbox 3632 737 3775 796; x_wconf 85' lang='lat' dir='ltr'>Patre</span> 
     </span>
    </p>
   </div>
   <div class='ocr_carea' id='block_1_52' title="bbox 2187 813 3775 897">
    <p class='ocr_par' dir='ltr' id='par_1_52' title="bbox 2187 813 3775 897">
     <span class='ocr_line' id='line_1_52' title="bbox 2187 813 3775 897; baseline 0.008 -29"><span class='ocrx_word' id='word_1_419' title='bbox 2187 813 2304 869; x_wconf 91' lang='lat' dir='ltr'>Deo</span> <span class='ocrx_word' id='word_1_420' title='bbox 2323 830 2334 870; x_wconf 95' lang='lat'>:</span> <span class='ocrx_word' id='word_1_421' title='bbox 2353 819 2442 870; x_wconf 88' lang='lat' dir='ltr'>est</span> <span class='ocrx_word' id='word_1_422' title='bbox 2459 813 2641 883; x_wconf 91' lang='lat' dir='ltr'>lebes,</span> <span class='ocrx_word' id='word_1_423' title='bbox 2662 815 2721 872; x_wconf 92' lang='lat' dir='ltr'>id</span> <span class='ocrx_word' id='word_1_424' title='bbox 2743 821 2852 886; x_wconf 88' lang='lat' dir='ltr'>est,</span> <span class='ocrx_word' id='word_1_425' title='bbox 2877 819 3060 876; x_wconf 88' lang='lat' dir='ltr'>coctio</span> <span class='ocrx_word' id='word_1_426' title='bbox 3077 825 3136 876; x_wconf 89' lang='lat' dir='ltr'>et</span> <span class='ocrx_word' id='word_1_427' title='bbox 3155 821 3309 877; x_wconf 88' lang='lat' dir='ltr'>ustio</span> <span class='ocrx_word' id='word_1_428' title='bbox 3331 823 3448 894; x_wconf 88' lang='lat' dir='ltr'>spei</span> <span class='ocrx_word' id='word_1_429' title='bbox 3467 840 3630 880; x_wconf 63' lang='lat' dir='ltr'>meai:</span> <span class='ocrx_word' id='word_1_430' title='bbox 3659 826 3775 897; x_wconf 87' lang='lat' dir='ltr'>quia</span> 
     </span>
    </p>
   </div>
   <div class='ocr_carea' id='block_1_53' title="bbox 2187 903 3776 986">
    <p class='ocr_par' dir='ltr' id='par_1_53' title="bbox 2187 903 3776 986">
     <span class='ocr_line' id='line_1_53' title="bbox 2187 903 3776 986; baseline 0.009 -29"><span class='ocrx_word' id='word_1_431' title='bbox 2187 919 2290 974; x_wconf 91' lang='lat' dir='ltr'>per</span> <span class='ocrx_word' id='word_1_432' title='bbox 2318 903 2452 961; x_wconf 89' lang='lat' dir='ltr'>illas</span> <span class='ocrx_word' id='word_1_433' title='bbox 2480 907 2816 966; x_wconf 86' lang='lat' dir='ltr'>exustiones</span> <span class='ocrx_word' id='word_1_434' title='bbox 2846 915 3172 982; x_wconf 88' lang='lat' dir='ltr'>purgantur</span> <span class='ocrx_word' id='word_1_435' title='bbox 3216 911 3301 966; x_wconf 91' lang='lat' dir='ltr'>illi</span> <span class='ocrx_word' id='word_1_436' title='bbox 3340 929 3482 984; x_wconf 90' lang='lat' dir='ltr'>quos</span> <span class='ocrx_word' id='word_1_437' title='bbox 3509 928 3606 986; x_wconf 86' lang='lat' dir='ltr'>ego</span> <span class='ocrx_word' id='word_1_438' title='bbox 3633 931 3776 986; x_wconf 87' lang='lat' dir='ltr'>spero</span> 
     </span>
    </p>
   </div>
   <div class='ocr_carea' id='block_1_54' title="bbox 2187 993 2675 1053">
    <p class='ocr_par' dir='ltr' id='par_1_54' title="bbox 2187 993 2675 1053">
     <span class='ocr_line' id='line_1_54' title="bbox 2187 993 2675 1053; baseline 0.01 -6"><span class='ocrx_word' id='word_1_439' title='bbox 2187 1009 2281 1053; x_wconf 90' lang='lat' dir='ltr'>me</span> <span class='ocrx_word' id='word_1_440' title='bbox 2310 993 2675 1052; x_wconf 88' lang='lat' dir='ltr'>habiturum.</span> 
     </span>
    </p>
   </div>
   <div class='ocr_carea' id='block_1_55' title="bbox 2254 1083 3779 1162">
    <p class='ocr_par' dir='ltr' id='par_1_55' title="bbox 2254 1083 3779 1162">
     <span class='ocr_line' id='line_1_55' title="bbox 2254 1083 3779 1162; baseline 0.007 -25"><span class='ocrx_word' id='word_1_441' title='bbox 2254 1083 2460 1140; x_wconf 87' lang='lat' dir='ltr'>Adhuc</span> <span class='ocrx_word' id='word_1_442' title='bbox 2479 1086 2552 1141; x_wconf 91' lang='lat' dir='ltr'>de</span> <span class='ocrx_word' id='word_1_443' title='bbox 2571 1085 2765 1144; x_wconf 88' lang='lat' dir='ltr'>verbis</span> <span class='ocrx_word' id='word_1_444' title='bbox 2786 1087 2908 1144; x_wconf 90' lang='lat' dir='ltr'>Dei.</span> <span class='ocrx_word' id='word_1_445' title='bbox 2932 1089 3002 1144; x_wconf 89' lang='lat' dir='ltr'>Et</span> <span class='ocrx_word' id='word_1_446' title='bbox 3021 1089 3161 1162; x_wconf 86' lang='lat' dir='ltr'>quia</span> <span class='ocrx_word' id='word_1_447' title='bbox 3199 1107 3363 1149; x_wconf 90' lang='lat' dir='ltr'>meus</span> <span class='ocrx_word' id='word_1_448' title='bbox 3394 1095 3483 1146; x_wconf 91' lang='lat' dir='ltr'>est</span> <span class='ocrx_word' id='word_1_449' title='bbox 3499 1091 3714 1152; x_wconf 86' lang='lat' dir='ltr'>Galaad.</span> <span class='ocrx_word' id='word_1_450' title='bbox 3733 1097 3779 1148; x_wconf 86' lang='lat' dir='ltr'>et</span> 
     </span>
    </p>
   </div>
   <div class='ocr_carea' id='block_1_56' title="bbox 2185 1168 3779 1246">
    <p class='ocr_par' dir='ltr' id='par_1_56' title="bbox 2185 1168 3779 1246">
     <span class='ocr_line' id='line_1_56' title="bbox 2185 1168 3779 1246; baseline 0.007 -23"><span class='ocrx_word' id='word_1_451' title='bbox 2185 1168 2332 1226; x_wconf 90' lang='lat' dir='ltr'>alios</span> <span class='ocrx_word' id='word_1_452' title='bbox 2362 1171 2508 1228; x_wconf 86' lang='lat' dir='ltr'>tales</span> <span class='ocrx_word' id='word_1_453' title='bbox 2538 1173 2744 1242; x_wconf 90' lang='lat' dir='ltr'>habeo,</span> <span class='ocrx_word' id='word_1_454' title='bbox 2776 1192 2912 1246; x_wconf 84' lang='lat' dir='ltr'>ergo</span> <span class='ocrx_word' id='word_1_455' title='bbox 2945 1199 2974 1227; x_wconf 82' lang='grc'>‹‹</span> <span class='ocrx_word' id='word_1_456' title='bbox 3007 1178 3316 1233; x_wconf 86' lang='lat' dir='ltr'>extendam</span> <span class='ocrx_word' id='word_1_457' title='bbox 3365 1177 3779 1235; x_wconf 86' lang='lat' dir='ltr'>calceamentum</span> 
     </span>
    </p>
   </div>
   <div class='ocr_carea' id='block_1_57' title="bbox 2184 1261 3782 1338">
    <p class='ocr_par' dir='ltr' id='par_1_57' title="bbox 2184 1261 3782 1338">
     <span class='ocr_line' id='line_1_57' title="bbox 2184 1261 3782 1338; baseline 0.006 -26"><span class='ocrx_word' id='word_1_458' title='bbox 2184 1273 2404 1330; x_wconf 89' lang='lat' dir='ltr'>meum,</span> <span class='ocrx_word' id='word_1_459' title='bbox 2433 1283 2460 1310; x_wconf 84' lang='lat'>»</span> <span class='ocrx_word' id='word_1_460' title='bbox 2492 1261 2550 1316; x_wconf 88' lang='lat' dir='ltr'>id</span> <span class='ocrx_word' id='word_1_461' title='bbox 2581 1265 2687 1328; x_wconf 89' lang='lat' dir='ltr'>est,</span> <span class='ocrx_word' id='word_1_462' title='bbox 2721 1269 2992 1320; x_wconf 87' lang='lat' dir='ltr'>sanctum</span> <span class='ocrx_word' id='word_1_463' title='bbox 3023 1265 3395 1338; x_wconf 87' lang='lat' dir='ltr'>Evangelium</span> <span class='ocrx_word' id='word_1_464' title='bbox 3425 1283 3535 1338; x_wconf 89' lang='lat' dir='ltr'>quo</span> <span class='ocrx_word' id='word_1_465' title='bbox 3560 1265 3782 1322; x_wconf 83' lang='lat' dir='ltr'>calcean-</span> 
     </span>
    </p>
   </div>
   <div class='ocr_carea' id='block_1_58' title="bbox 2182 1351 3784 1427">
    <p class='ocr_par' dir='ltr' id='par_1_58' title="bbox 2182 1351 3784 1427">
     <span class='ocr_line' id='line_1_58' title="bbox 2182 1351 3784 1427; baseline 0.005 -25"><span class='ocrx_word' id='word_1_466' title='bbox 2182 1351 2280 1404; x_wconf 91' lang='lat' dir='ltr'>tur</span> <span class='ocrx_word' id='word_1_467' title='bbox 2310 1351 2507 1420; x_wconf 87' lang='lat' dir='ltr'>pedes.</span> <span class='ocrx_word' id='word_1_468' title='bbox 2539 1351 2596 1406; x_wconf 90' lang='lat' dir='ltr'>id</span> <span class='ocrx_word' id='word_1_469' title='bbox 2651 1356 2758 1418; x_wconf 89' lang='lat' dir='ltr'>est,</span> <span class='ocrx_word' id='word_1_470' title='bbox 2792 1352 3131 1410; x_wconf 70' lang='lat' dir='ltr'>affectiones</span> <span class='ocrx_word' id='word_1_471' title='bbox 3177 1353 3696 1427; x_wconf 85' lang='lat' dir='ltr'>evangelizantium,</span> <span class='ocrx_word' id='word_1_472' title='bbox 3724 1372 3784 1410; x_wconf 87' lang='lat' dir='ltr'>ne</span> 
     </span>
    </p>
   </div>
   <div class='ocr_carea' id='block_1_59' title="bbox 2183 1440 3782 1516">
    <p class='ocr_par' dir='ltr' id='par_1_59' title="bbox 2183 1440 3782 1516">
     <span class='ocr_line' id='line_1_59' title="bbox 2183 1440 3782 1516; baseline 0.004 -24"><span class='ocrx_word' id='word_1_473' title='bbox 2183 1441 2524 1510; x_wconf 83' lang='lat' dir='ltr'>pungantur</span> <span class='ocrx_word' id='word_1_474' title='bbox 2551 1440 2740 1512; x_wconf 87' lang='lat' dir='ltr'>spinis</span> <span class='ocrx_word' id='word_1_475' title='bbox 2765 1442 3275 1514; x_wconf 66' lang='lat' dir='ltr'>concupiscentiae,</span> <span class='ocrx_word' id='word_1_476' title='bbox 3309 1459 3447 1499; x_wconf 89' lang='lat' dir='ltr'>neve</span> <span class='ocrx_word' id='word_1_477' title='bbox 3473 1443 3654 1516; x_wconf 89' lang='lat' dir='ltr'>aliquo</span> <span class='ocrx_word' id='word_1_478' title='bbox 3680 1443 3782 1498; x_wconf 86' lang='lat' dir='ltr'>luto</span> 
     </span>
    </p>
   </div>
   <div class='ocr_carea' id='block_1_60' title="bbox 2183 1527 3784 1599">
    <p class='ocr_par' dir='ltr' id='par_1_60' title="bbox 2183 1527 3784 1599">
     <span class='ocr_line' id='line_1_60' title="bbox 2183 1527 3784 1599; baseline 0.004 -18"><span class='ocrx_word' id='word_1_479' title='bbox 2183 1527 2601 1599; x_wconf 90' lang='lat' dir='ltr'>inquinentur:</span> <span class='ocrx_word' id='word_1_480' title='bbox 2622 1531 2931 1586; x_wconf 86' lang='lat' dir='ltr'>extendam</span> <span class='ocrx_word' id='word_1_481' title='bbox 2957 1532 3086 1588; x_wconf 92' lang='lat' dir='ltr'>dico</span> <span class='ocrx_word' id='word_1_482' title='bbox 3107 1555 3135 1582; x_wconf 87' lang='lat'><strong><em>«</em></strong></span> <span class='ocrx_word' id='word_1_483' title='bbox 3161 1531 3220 1587; x_wconf 90' lang='lat' dir='ltr'>in</span> <span class='ocrx_word' id='word_1_484' title='bbox 3245 1532 3604 1596; x_wconf 68' lang='lat' dir='ltr'>Idumaaam,»</span> <span class='ocrx_word' id='word_1_485' title='bbox 3622 1531 3674 1587; x_wconf 90' lang='lat' dir='ltr'>id</span> <span class='ocrx_word' id='word_1_486' title='bbox 3692 1536 3784 1597; x_wconf 88' lang='lat' dir='ltr'>est,</span> 
     </span>
    </p>
   </div>
   <div class='ocr_carea' id='block_1_61' title="bbox 2181 1617 3786 1691">
    <p class='ocr_par' dir='ltr' id='par_1_61' title="bbox 2181 1617 3786 1691">
     <span class='ocr_line' id='line_1_61' title="bbox 2181 1617 3786 1691; baseline 0.004 -21"><span class='ocrx_word' id='word_1_487' title='bbox 2181 1617 2450 1685; x_wconf 73' lang='lat' dir='ltr'>terrenis,</span> <span class='ocrx_word' id='word_1_488' title='bbox 2469 1618 2628 1673; x_wconf 89' lang='lat' dir='ltr'>velut</span> <span class='ocrx_word' id='word_1_489' title='bbox 2656 1619 2717 1674; x_wconf 93' lang='lat' dir='ltr'>in</span> <span class='ocrx_word' id='word_1_490' title='bbox 2751 1621 3026 1691; x_wconf 79' lang='lat' dir='ltr'>gentibus</span> <span class='ocrx_word' id='word_1_491' title='bbox 3051 1621 3264 1676; x_wconf 87' lang='lat' dir='ltr'>faciam</span> <span class='ocrx_word' id='word_1_492' title='bbox 3296 1619 3614 1676; x_wconf 87' lang='lat' dir='ltr'>annuntiari</span> <span class='ocrx_word' id='word_1_493' title='bbox 3636 1621 3786 1676; x_wconf 84' lang='lat' dir='ltr'>Evan-</span> 
     </span>
    </p>
   </div>
   <div class='ocr_carea' id='block_1_62' title="bbox 2181 1705 3786 1782">
    <p class='ocr_par' dir='ltr' id='par_1_62' title="bbox 2181 1705 3786 1782">
     <span class='ocr_line' id='line_1_62' title="bbox 2181 1705 3786 1782; baseline 0.003 -23"><span class='ocrx_word' id='word_1_494' title='bbox 2181 1705 2399 1776; x_wconf 86' lang='lat' dir='ltr'>gelium</span> <span class='ocrx_word' id='word_1_495' title='bbox 2435 1723 2448 1762; x_wconf 90' lang='lat'>:</span> <span class='ocrx_word' id='word_1_496' title='bbox 2479 1711 2537 1762; x_wconf 90' lang='lat' dir='ltr'>et</span> <span class='ocrx_word' id='word_1_497' title='bbox 2567 1725 2668 1778; x_wconf 90' lang='lat' dir='ltr'>per</span> <span class='ocrx_word' id='word_1_498' title='bbox 2695 1709 3206 1765; x_wconf 85' lang='lat' dir='ltr'>annuntiationem</span> <span class='ocrx_word' id='word_1_499' title='bbox 3246 1709 3532 1782; x_wconf 85' lang='lat' dir='ltr'>Evangelii</span> <span class='ocrx_word' id='word_1_500' title='bbox 3562 1732 3588 1760; x_wconf 88' lang='lat'><strong>«</strong></span> <span class='ocrx_word' id='word_1_501' title='bbox 3617 1707 3786 1764; x_wconf 87' lang='lat' dir='ltr'>alieni-</span> 
     </span>
    </p>
   </div>
   <div class='ocr_carea' id='block_1_63' title="bbox 2181 1795 3789 1870">
    <p class='ocr_par' dir='ltr' id='par_1_63' title="bbox 2181 1795 3789 1870">
     <span class='ocr_line' id='line_1_63' title="bbox 2181 1795 3789 1870; baseline 0.002 -22"><span class='ocrx_word' id='word_1_502' title='bbox 2181 1810 2366 1866; x_wconf 65' lang='lat' dir='ltr'>genae,</span> <span class='ocrx_word' id='word_1_503' title='bbox 2399 1817 2428 1844; x_wconf 81' lang='lat'>»</span> <span class='ocrx_word' id='word_1_504' title='bbox 2460 1795 2684 1852; x_wconf 89' lang='lat' dir='ltr'>scilicet</span> <span class='ocrx_word' id='word_1_505' title='bbox 2726 1796 3026 1870; x_wconf 87' lang='lat' dir='ltr'>Allophili,</span> <span class='ocrx_word' id='word_1_506' title='bbox 3061 1798 3119 1854; x_wconf 91' lang='lat' dir='ltr'>id</span> <span class='ocrx_word' id='word_1_507' title='bbox 3152 1802 3264 1865; x_wconf 90' lang='lat' dir='ltr'>est,</span> <span class='ocrx_word' id='word_1_508' title='bbox 3299 1797 3527 1869; x_wconf 88' lang='lat' dir='ltr'>potione</span> <span class='ocrx_word' id='word_1_509' title='bbox 3553 1801 3607 1854; x_wconf 91' lang='lat' dir='ltr'>et</span> <span class='ocrx_word' id='word_1_510' title='bbox 3633 1797 3789 1870; x_wconf 84' lang='lat' dir='ltr'>gloria</span> 
     </span>
    </p>
   </div>
   <div class='ocr_carea' id='block_1_64' title="bbox 2183 1877 3787 1954">
    <p class='ocr_par' dir='ltr' id='par_1_64' title="bbox 2183 1877 3787 1954">
     <span class='ocr_line' id='line_1_64' title="bbox 2183 1877 3787 1954; baseline 0.002 -16"><span class='ocrx_word' id='word_1_511' title='bbox 2183 1881 2363 1954; x_wconf 88' lang='lat' dir='ltr'>hujus</span> <span class='ocrx_word' id='word_1_512' title='bbox 2391 1887 2520 1940; x_wconf 75' lang='lat' dir='ltr'>vitae</span> <span class='ocrx_word' id='word_1_513' title='bbox 2553 1887 2848 1952; x_wconf 86' lang='lat' dir='ltr'>cadentes,</span> <span class='ocrx_word' id='word_1_514' title='bbox 2883 1909 2912 1936; x_wconf 80' lang='grc' dir='ltr'>α</span> <span class='ocrx_word' id='word_1_515' title='bbox 2943 1891 3086 1943; x_wconf 90' lang='lat' dir='ltr'>sunt</span> <span class='ocrx_word' id='word_1_516' title='bbox 3135 1877 3281 1943; x_wconf 86' lang='lat' dir='ltr'>mihi</span> <span class='ocrx_word' id='word_1_517' title='bbox 3316 1887 3451 1944; x_wconf 87' lang='lat' dir='ltr'>facti</span> <span class='ocrx_word' id='word_1_518' title='bbox 3481 1886 3660 1954; x_wconf 91' lang='lat' dir='ltr'>amici,</span> <span class='ocrx_word' id='word_1_519' title='bbox 3686 1905 3710 1937; x_wconf 68' lang='grc' dir='ltr'><strong>ο</strong></span> <span class='ocrx_word' id='word_1_520' title='bbox 3740 1887 3787 1942; x_wconf 90' lang='lat' dir='ltr'>id</span> 
     </span>
    </p>
   </div>
   <div class='ocr_carea' id='block_1_65' title="bbox 2183 1973 2660 2030">
    <p class='ocr_par' dir='ltr' id='par_1_65' title="bbox 2183 1973 2660 2030">
     <span class='ocr_line' id='line_1_65' title="bbox 2183 1973 2660 2030; baseline 0.004 -2"><span class='ocrx_word' id='word_1_521' title='bbox 2183 1976 2272 2028; x_wconf 89' lang='lat' dir='ltr'>est</span> <span class='ocrx_word' id='word_1_522' title='bbox 2301 1973 2660 2030; x_wconf 90' lang='lat' dir='ltr'>obedientes.</span> 
     </span>
    </p>
   </div>
   <div class='ocr_carea' id='block_1_66' title="bbox 2253 2062 3793 2135">
    <p class='ocr_par' dir='ltr' id='par_1_66' title="bbox 2253 2062 3793 2135">
     <span class='ocr_line' id='line_1_66' title="bbox 2253 2062 3793 2135; baseline 0.001 -18"><span class='ocrx_word' id='word_1_523' title='bbox 2253 2062 2515 2119; x_wconf 89' lang='lat' dir='ltr'>Ostensis</span> <span class='ocrx_word' id='word_1_524' title='bbox 2545 2064 3039 2135; x_wconf 89' lang='lat' dir='ltr'>promissionibus</span> <span class='ocrx_word' id='word_1_525' title='bbox 3063 2065 3183 2133; x_wconf 90' lang='lat' dir='ltr'>Dei,</span> <span class='ocrx_word' id='word_1_526' title='bbox 3212 2066 3458 2122; x_wconf 87' lang='lat' dir='ltr'>resumit</span> <span class='ocrx_word' id='word_1_527' title='bbox 3484 2065 3647 2122; x_wconf 87' lang='lat' dir='ltr'>verba</span> <span class='ocrx_word' id='word_1_528' title='bbox 3663 2063 3793 2120; x_wconf 86' lang='lat' dir='ltr'>Chri-</span> 
     </span>
    </p>
   </div>
   <div class='ocr_carea' id='block_1_67' title="bbox 2183 2149 3786 2226">
    <p class='ocr_par' dir='ltr' id='par_1_67' title="bbox 2183 2149 3786 2226">
     <span class='ocr_line' id='line_1_67' title="bbox 2183 2149 3786 2226; baseline 0.001 -22"><span class='ocrx_word' id='word_1_529' title='bbox 2183 2152 2330 2215; x_wconf 91' lang='lat' dir='ltr'>stus,</span> <span class='ocrx_word' id='word_1_530' title='bbox 2363 2149 2534 2221; x_wconf 89' lang='lat' dir='ltr'>quasi</span> <span class='ocrx_word' id='word_1_531' title='bbox 2564 2151 2646 2206; x_wconf 88' lang='lat' dir='ltr'>ita</span> <span class='ocrx_word' id='word_1_532' title='bbox 2674 2151 2832 2208; x_wconf 88' lang='lat' dir='ltr'>dicat</span> <span class='ocrx_word' id='word_1_533' title='bbox 2863 2168 2876 2206; x_wconf 92' lang='lat'>:</span> <span class='ocrx_word' id='word_1_534' title='bbox 2911 2153 3393 2226; x_wconf 89' lang='lat' dir='ltr'>quandoquidem</span> <span class='ocrx_word' id='word_1_535' title='bbox 3442 2158 3592 2209; x_wconf 90' lang='lat' dir='ltr'>Deus</span> <span class='ocrx_word' id='word_1_536' title='bbox 3631 2153 3786 2208; x_wconf 87' lang='lat' dir='ltr'>dicit:</span> 
     </span>
    </p>
   </div>
   <div class='ocr_carea' id='block_1_68' title="bbox 2181 2239 3790 2308">
    <p class='ocr_par' dir='ltr' id='par_1_68' title="bbox 2181 2239 3790 2308">
     <span class='ocr_line' id='line_1_68' title="bbox 2181 2239 3790 2308; baseline 0.004 -16"><span class='ocrx_word' id='word_1_537' title='bbox 2181 2259 2209 2286; x_wconf 89' lang='lat'>«</span> <span class='ocrx_word' id='word_1_538' title='bbox 2243 2239 2564 2294; x_wconf 85' lang='lat' dir='ltr'>Extendam</span> <span class='ocrx_word' id='word_1_539' title='bbox 2597 2239 3059 2298; x_wconf 88' lang='lat' dir='ltr'>calceamentum</span> <span class='ocrx_word' id='word_1_540' title='bbox 3112 2259 3316 2299; x_wconf 86' lang='lat' dir='ltr'>meum</span> <span class='ocrx_word' id='word_1_541' title='bbox 3345 2243 3403 2298; x_wconf 90' lang='lat' dir='ltr'>in</span> <span class='ocrx_word' id='word_1_542' title='bbox 3433 2243 3740 2308; x_wconf 69' lang='lat' dir='ltr'>ldumaeam,</span> <span class='ocrx_word' id='word_1_543' title='bbox 3767 2261 3790 2290; x_wconf 74' lang='grc' dir='ltr'>η</span> 
     </span>
    </p>
   </div>
   <div class='ocr_carea' id='block_1_69' title="bbox 2180 2327 3790 2399">
    <p class='ocr_par' dir='ltr' id='par_1_69' title="bbox 2180 2327 3790 2399">
     <span class='ocr_line' id='line_1_69' title="bbox 2180 2327 3790 2399; baseline 0.001 -18"><span class='ocrx_word' id='word_1_544' title='bbox 2180 2327 2281 2381; x_wconf 91' lang='lat' dir='ltr'>sed</span> <span class='ocrx_word' id='word_1_545' title='bbox 2313 2349 2342 2376; x_wconf 89' lang='grc'>‹‹</span> <span class='ocrx_word' id='word_1_546' title='bbox 2375 2327 2510 2399; x_wconf 88' lang='lat' dir='ltr'>quis</span> <span class='ocrx_word' id='word_1_547' title='bbox 2552 2328 2798 2385; x_wconf 90' lang='lat' dir='ltr'>deducet</span> <span class='ocrx_word' id='word_1_548' title='bbox 2826 2345 2922 2385; x_wconf 90' lang='lat' dir='ltr'>me</span> <span class='ocrx_word' id='word_1_549' title='bbox 2951 2329 3012 2385; x_wconf 92' lang='lat' dir='ltr'>in</span> <span class='ocrx_word' id='word_1_550' title='bbox 3043 2330 3343 2388; x_wconf 86' lang='lat' dir='ltr'>civitatem</span> <span class='ocrx_word' id='word_1_551' title='bbox 3375 2331 3670 2396; x_wconf 83' lang='lat' dir='ltr'>munitam,</span> <span class='ocrx_word' id='word_1_552' title='bbox 3697 2354 3717 2382; x_wconf 81' lang='grc' dir='ltr'><strong><em>ι</em></strong></span> <span class='ocrx_word' id='word_1_553' title='bbox 3745 2328 3790 2383; x_wconf 90' lang='lat' dir='ltr'>id</span> 
     </span>
    </p>
   </div>
   <div class='ocr_carea' id='block_1_70' title="bbox 2179 2417 3796 2488">
    <p class='ocr_par' dir='ltr' id='par_1_70' title="bbox 2179 2417 3796 2488">
     <span class='ocr_line' id='line_1_70' title="bbox 2179 2417 3796 2488; baseline 0.002 -18"><span class='ocrx_word' id='word_1_554' title='bbox 2179 2418 2362 2481; x_wconf 88' lang='lat' dir='ltr'>est,ut</span> <span class='ocrx_word' id='word_1_555' title='bbox 2388 2432 2494 2488; x_wconf 89' lang='lat' dir='ltr'>ego</span> <span class='ocrx_word' id='word_1_556' title='bbox 2518 2417 2727 2473; x_wconf 79' lang='lat' dir='ltr'>faciam</span> <span class='ocrx_word' id='word_1_557' title='bbox 2762 2419 2834 2474; x_wconf 92' lang='lat' dir='ltr'>de</span> <span class='ocrx_word' id='word_1_558' title='bbox 2866 2418 3138 2476; x_wconf 68' lang='lat' dir='ltr'>Idumaais</span> <span class='ocrx_word' id='word_1_559' title='bbox 3165 2419 3463 2476; x_wconf 87' lang='lat' dir='ltr'>civitatem</span> <span class='ocrx_word' id='word_1_560' title='bbox 3489 2423 3677 2475; x_wconf 86' lang='lat' dir='ltr'>contra</span> <span class='ocrx_word' id='word_1_561' title='bbox 3698 2417 3796 2473; x_wconf 87' lang='lat' dir='ltr'>dia-</span> 
     </span>
    </p>
   </div>
   <div class='ocr_carea' id='block_1_71' title="bbox 2147 2503 3797 2581">
    <p class='ocr_par' dir='ltr' id='par_1_71' title="bbox 2147 2503 3797 2581">
     <span class='ocr_line' id='line_1_71' title="bbox 2147 2503 3797 2581; baseline 0.002 -23"><span class='ocrx_word' id='word_1_562' title='bbox 2147 2527 2152 2532; x_wconf 90' lang='grc'><strong>·</strong></span> <span class='ocrx_word' id='word_1_563' title='bbox 2179 2503 2400 2559; x_wconf 88' lang='lat' dir='ltr'>bolicas</span> <span class='ocrx_word' id='word_1_564' title='bbox 2429 2505 2782 2562; x_wconf 87' lang='lat' dir='ltr'>tentationes</span> <span class='ocrx_word' id='word_1_565' title='bbox 2811 2508 3144 2564; x_wconf 86' lang='lat' dir='ltr'>munitam?</span> <span class='ocrx_word' id='word_1_566' title='bbox 3167 2513 3231 2564; x_wconf 90' lang='lat' dir='ltr'>et</span> <span class='ocrx_word' id='word_1_567' title='bbox 3253 2532 3282 2559; x_wconf 77' lang='grc' dir='ltr'>α</span> <span class='ocrx_word' id='word_1_568' title='bbox 3308 2509 3441 2581; x_wconf 92' lang='lat' dir='ltr'>quis</span> <span class='ocrx_word' id='word_1_569' title='bbox 3470 2525 3558 2564; x_wconf 89' lang='lat' dir='ltr'>me</span> <span class='ocrx_word' id='word_1_570' title='bbox 3585 2508 3797 2563; x_wconf 85' lang='lat' dir='ltr'>deducet</span> 
     </span>
    </p>
   </div>
   <div class='ocr_carea' id='block_1_72' title="bbox 2178 2593 3793 2664">
    <p class='ocr_par' dir='ltr' id='par_1_72' title="bbox 2178 2593 3793 2664">
     <span class='ocr_line' id='line_1_72' title="bbox 2178 2593 3793 2664; baseline 0.004 -18"><span class='ocrx_word' id='word_1_571' title='bbox 2178 2609 2368 2664; x_wconf 90' lang='lat' dir='ltr'>usque</span> <span class='ocrx_word' id='word_1_572' title='bbox 2388 2593 2445 2648; x_wconf 91' lang='lat' dir='ltr'>in</span> <span class='ocrx_word' id='word_1_573' title='bbox 2470 2593 2870 2650; x_wconf 71' lang='lat' dir='ltr'>Idummam?»</span> <span class='ocrx_word' id='word_1_574' title='bbox 2901 2595 2960 2651; x_wconf 89' lang='lat' dir='ltr'>id</span> <span class='ocrx_word' id='word_1_575' title='bbox 3001 2600 3108 2662; x_wconf 89' lang='lat' dir='ltr'>est,</span> <span class='ocrx_word' id='word_1_576' title='bbox 3141 2596 3300 2653; x_wconf 90' lang='lat' dir='ltr'>inter</span> <span class='ocrx_word' id='word_1_577' title='bbox 3338 2601 3606 2662; x_wconf 90' lang='lat' dir='ltr'>terrenos,</span> <span class='ocrx_word' id='word_1_578' title='bbox 3625 2594 3676 2650; x_wconf 91' lang='lat' dir='ltr'>id</span> <span class='ocrx_word' id='word_1_579' title='bbox 3703 2596 3793 2652; x_wconf 81' lang='lat' dir='ltr'>est.</span> 
     </span>
    </p>
   </div>
   <div class='ocr_carea' id='block_1_73' title="bbox 2179 2682 3796 2758">
    <p class='ocr_par' dir='ltr' id='par_1_73' title="bbox 2179 2682 3796 2758">
     <span class='ocr_line' id='line_1_73' title="bbox 2179 2682 3796 2758; baseline -0.001 -21"><span class='ocrx_word' id='word_1_580' title='bbox 2179 2685 2246 2736; x_wconf 91' lang='lat' dir='ltr'>ut</span> <span class='ocrx_word' id='word_1_581' title='bbox 2268 2682 2340 2738; x_wconf 89' lang='lat' dir='ltr'>ab</span> <span class='ocrx_word' id='word_1_582' title='bbox 2371 2682 2456 2738; x_wconf 89' lang='lat' dir='ltr'>eis</span> <span class='ocrx_word' id='word_1_583' title='bbox 2495 2699 2708 2739; x_wconf 91' lang='lat' dir='ltr'>nomen</span> <span class='ocrx_word' id='word_1_584' title='bbox 2741 2700 2940 2740; x_wconf 90' lang='lat' dir='ltr'>meum</span> <span class='ocrx_word' id='word_1_585' title='bbox 2979 2689 3396 2758; x_wconf 84' lang='lat' dir='ltr'>cognoscatur,</span> <span class='ocrx_word' id='word_1_586' title='bbox 3418 2691 3475 2742; x_wconf 90' lang='lat' dir='ltr'>et</span> <span class='ocrx_word' id='word_1_587' title='bbox 3501 2686 3556 2741; x_wconf 92' lang='lat' dir='ltr'>in</span> <span class='ocrx_word' id='word_1_588' title='bbox 3582 2683 3710 2757; x_wconf 89' lang='lat' dir='ltr'>ipsis</span> <span class='ocrx_word' id='word_1_589' title='bbox 3735 2682 3796 2737; x_wconf 91' lang='lat' dir='ltr'>ci-</span> 
     </span>
    </p>
   </div>
   <div class='ocr_carea' id='block_1_74' title="bbox 2175 2769 3793 2848">
    <p class='ocr_par' dir='ltr' id='par_1_74' title="bbox 2175 2769 3793 2848">
     <span class='ocr_line' id='line_1_74' title="bbox 2175 2769 3793 2848; baseline 0 -23"><span class='ocrx_word' id='word_1_590' title='bbox 2175 2769 2415 2827; x_wconf 87' lang='lat' dir='ltr'>vitatem</span> <span class='ocrx_word' id='word_1_591' title='bbox 2435 2773 2792 2828; x_wconf 88' lang='lat' dir='ltr'>constituere</span> <span class='ocrx_word' id='word_1_592' title='bbox 2819 2773 3069 2830; x_wconf 88' lang='lat' dir='ltr'>valeam.</span> <span class='ocrx_word' id='word_1_593' title='bbox 3090 2773 3220 2842; x_wconf 81' lang='lat' dir='ltr'>Vel,</span> <span class='ocrx_word' id='word_1_594' title='bbox 3251 2795 3282 2826; x_wconf 84' lang='lat'><strong>«</strong></span> <span class='ocrx_word' id='word_1_595' title='bbox 3303 2775 3435 2848; x_wconf 88' lang='lat' dir='ltr'>quis</span> <span class='ocrx_word' id='word_1_596' title='bbox 3467 2775 3694 2831; x_wconf 89' lang='lat' dir='ltr'>deducet</span> <span class='ocrx_word' id='word_1_597' title='bbox 3717 2787 3793 2826; x_wconf 87' lang='lat' dir='ltr'>me</span> 
     </span>
    </p>
   </div>
   <div class='ocr_carea' id='block_1_75' title="bbox 2178 2857 3792 2930">
    <p class='ocr_par' dir='ltr' id='par_1_75' title="bbox 2178 2857 3792 2930">
     <span class='ocr_line' id='line_1_75' title="bbox 2178 2857 3792 2930; baseline 0 -16"><span class='ocrx_word' id='word_1_598' title='bbox 2178 2859 2238 2914; x_wconf 92' lang='lat' dir='ltr'>in</span> <span class='ocrx_word' id='word_1_599' title='bbox 2269 2858 2565 2916; x_wconf 87' lang='lat' dir='ltr'>civitatem</span> <span class='ocrx_word' id='word_1_600' title='bbox 2595 2861 2886 2918; x_wconf 89' lang='lat' dir='ltr'>munitam</span> <span class='ocrx_word' id='word_1_601' title='bbox 2905 2862 2934 2918; x_wconf 83' lang='lat'><strong>?</strong></span> <span class='ocrx_word' id='word_1_602' title='bbox 2959 2885 2982 2913; x_wconf 71' lang='grc' dir='ltr'><strong>ι</strong></span> <span class='ocrx_word' id='word_1_603' title='bbox 3011 2862 3070 2918; x_wconf 92' lang='lat' dir='ltr'>id</span> <span class='ocrx_word' id='word_1_604' title='bbox 3101 2867 3211 2930; x_wconf 90' lang='lat' dir='ltr'>est,</span> <span class='ocrx_word' id='word_1_605' title='bbox 3247 2863 3402 2921; x_wconf 92' lang='lat' dir='ltr'>inter</span> <span class='ocrx_word' id='word_1_606' title='bbox 3428 2868 3690 2926; x_wconf 78' lang='lat' dir='ltr'>temnes,</span> <span class='ocrx_word' id='word_1_607' title='bbox 3709 2857 3792 2928; x_wconf 85' lang='lat' dir='ltr'>qui</span> 
     </span>
    </p>
   </div>
   <div class='ocr_carea' id='block_1_76' title="bbox 2177 2947 3793 3020">
    <p class='ocr_par' dir='ltr' id='par_1_76' title="bbox 2177 2947 3793 3020">
     <span class='ocr_line' id='line_1_76' title="bbox 2177 2947 3793 3020; baseline -0.001 -17"><span class='ocrx_word' id='word_1_608' title='bbox 2177 2952 2318 3004; x_wconf 89' lang='lat' dir='ltr'>sunt</span> <span class='ocrx_word' id='word_1_609' title='bbox 2347 2949 2518 3004; x_wconf 92' lang='lat' dir='ltr'>modo</span> <span class='ocrx_word' id='word_1_610' title='bbox 2549 2949 2753 3007; x_wconf 86' lang='lat' dir='ltr'>civitas</span> <span class='ocrx_word' id='word_1_611' title='bbox 2782 2954 2987 3006; x_wconf 90' lang='lat' dir='ltr'>contra</span> <span class='ocrx_word' id='word_1_612' title='bbox 3018 2968 3111 3008; x_wconf 92' lang='lat' dir='ltr'>me</span> <span class='ocrx_word' id='word_1_613' title='bbox 3141 2951 3402 3020; x_wconf 88' lang='lat' dir='ltr'>munita,</span> <span class='ocrx_word' id='word_1_614' title='bbox 3434 2955 3499 3008; x_wconf 90' lang='lat' dir='ltr'>ut</span> <span class='ocrx_word' id='word_1_615' title='bbox 3525 2947 3793 3008; x_wconf 86' lang='lat' dir='ltr'>annuntia-</span> 
     </span>
    </p>
   </div>
   <div class='ocr_carea' id='block_1_77' title="bbox 2175 3035 3792 3112">
    <p class='ocr_par' dir='ltr' id='par_1_77' title="bbox 2175 3035 3792 3112">
     <span class='ocr_line' id='line_1_77' title="bbox 2175 3035 3792 3112; baseline 0 -22"><span class='ocrx_word' id='word_1_616' title='bbox 2175 3035 2332 3092; x_wconf 88' lang='lat' dir='ltr'>tione</span> <span class='ocrx_word' id='word_1_617' title='bbox 2363 3037 2477 3094; x_wconf 90' lang='lat' dir='ltr'>mei</span> <span class='ocrx_word' id='word_1_618' title='bbox 2519 3039 2877 3095; x_wconf 88' lang='lat' dir='ltr'>munitiones</span> <span class='ocrx_word' id='word_1_619' title='bbox 2924 3056 3207 3112; x_wconf 67' lang='lat' dir='ltr'>perversae</span> <span class='ocrx_word' id='word_1_620' title='bbox 3255 3040 3418 3098; x_wconf 88' lang='lat' dir='ltr'>illius</span> <span class='ocrx_word' id='word_1_621' title='bbox 3464 3038 3692 3097; x_wconf 88' lang='lat' dir='ltr'>civitatis</span> <span class='ocrx_word' id='word_1_622' title='bbox 3715 3037 3792 3091; x_wconf 88' lang='lat' dir='ltr'>de—</span> 
     </span>
    </p>
   </div>
   <div class='ocr_carea' id='block_1_78' title="bbox 2177 3127 3786 3203">
    <p class='ocr_par' dir='ltr' id='par_1_78' title="bbox 2177 3127 3786 3203">
     <span class='ocr_line' id='line_1_78' title="bbox 2177 3127 3786 3203; baseline 0.001 -23"><span class='ocrx_word' id='word_1_623' title='bbox 2177 3129 2508 3182; x_wconf 89' lang='lat' dir='ltr'>struantur:</span> <span class='ocrx_word' id='word_1_624' title='bbox 2523 3130 2616 3182; x_wconf 89' lang='lat' dir='ltr'>et«</span> <span class='ocrx_word' id='word_1_625' title='bbox 2632 3127 2765 3200; x_wconf 91' lang='lat' dir='ltr'>quis</span> <span class='ocrx_word' id='word_1_626' title='bbox 2779 3129 3025 3184; x_wconf 90' lang='lat' dir='ltr'>deducet</span> <span class='ocrx_word' id='word_1_627' title='bbox 3044 3145 3138 3184; x_wconf 89' lang='lat' dir='ltr'>me</span> <span class='ocrx_word' id='word_1_628' title='bbox 3159 3146 3355 3203; x_wconf 90' lang='lat' dir='ltr'>usque</span> <span class='ocrx_word' id='word_1_629' title='bbox 3376 3129 3436 3184; x_wconf 92' lang='lat' dir='ltr'>in</span> <span class='ocrx_word' id='word_1_630' title='bbox 3458 3129 3786 3186; x_wconf 65' lang='lat' dir='ltr'>Idumzsam,»</span> 
     </span>
    </p>
   </div>
   <div class='ocr_carea' id='block_1_79' title="bbox 2176 3210 3793 3290">
    <p class='ocr_par' dir='ltr' id='par_1_79' title="bbox 2176 3210 3793 3290">
     <span class='ocr_line' id='line_1_79' title="bbox 2176 3210 3793 3290; baseline -0.002 -22"><span class='ocrx_word' id='word_1_631' title='bbox 2176 3212 2236 3268; x_wconf 90' lang='lat' dir='ltr'>id</span> <span class='ocrx_word' id='word_1_632' title='bbox 2254 3218 2364 3280; x_wconf 89' lang='lat' dir='ltr'>est,</span> <span class='ocrx_word' id='word_1_633' title='bbox 2387 3219 2453 3270; x_wconf 90' lang='lat' dir='ltr'>ut</span> <span class='ocrx_word' id='word_1_634' title='bbox 2475 3217 2761 3272; x_wconf 67' lang='lat' dir='ltr'>Idumaeos</span> <span class='ocrx_word' id='word_1_635' title='bbox 2785 3216 2931 3272; x_wconf 90' lang='lat' dir='ltr'>mihi</span> <span class='ocrx_word' id='word_1_636' title='bbox 2955 3217 3414 3290; x_wconf 83' lang='lat' dir='ltr'>acquiram?Vel</span> <span class='ocrx_word' id='word_1_637' title='bbox 3431 3217 3618 3274; x_wconf 88' lang='lat' dir='ltr'>aliter:</span> <span class='ocrx_word' id='word_1_638' title='bbox 3643 3235 3666 3266; x_wconf 79' lang='grc' dir='ltr'>α</span> <span class='ocrx_word' id='word_1_639' title='bbox 3685 3210 3793 3286; x_wconf 87' lang='lat' dir='ltr'>quis</span> 
     </span>
    </p>
   </div>
   <div class='ocr_carea' id='block_1_80' title="bbox 2175 3301 3794 3372">
    <p class='ocr_par' dir='ltr' id='par_1_80' title="bbox 2175 3301 3794 3372">
     <span class='ocr_line' id='line_1_80' title="bbox 2175 3301 3794 3372; baseline 0 -16"><span class='ocrx_word' id='word_1_640' title='bbox 2175 3301 2422 3358; x_wconf 87' lang='lat' dir='ltr'>deducet</span> <span class='ocrx_word' id='word_1_641' title='bbox 2442 3319 2536 3358; x_wconf 88' lang='lat' dir='ltr'>me</span> <span class='ocrx_word' id='word_1_642' title='bbox 2556 3303 2614 3357; x_wconf 91' lang='lat' dir='ltr'>in</span> <span class='ocrx_word' id='word_1_643' title='bbox 2647 3304 2944 3361; x_wconf 89' lang='lat' dir='ltr'>civitatem</span> <span class='ocrx_word' id='word_1_644' title='bbox 2975 3305 3272 3362; x_wconf 87' lang='lat' dir='ltr'>munitam</span> <span class='ocrx_word' id='word_1_645' title='bbox 3291 3306 3361 3362; x_wconf 70' lang='lat' dir='ltr'>‘h</span> <span class='ocrx_word' id='word_1_646' title='bbox 3384 3306 3446 3362; x_wconf 91' lang='lat' dir='ltr'>id</span> <span class='ocrx_word' id='word_1_647' title='bbox 3472 3303 3634 3372; x_wconf 88' lang='lat' dir='ltr'>est,in</span> <span class='ocrx_word' id='word_1_648' title='bbox 3653 3301 3794 3356; x_wconf 81' lang='lat' dir='ltr'>infer-</span> 
     </span>
    </p>
   </div>
   <div class='ocr_carea' id='block_1_81' title="bbox 2175 3389 3794 3463">
    <p class='ocr_par' dir='ltr' id='par_1_81' title="bbox 2175 3389 3794 3463">
     <span class='ocr_line' id='line_1_81' title="bbox 2175 3389 3794 3463; baseline -0.001 -19"><span class='ocrx_word' id='word_1_649' title='bbox 2175 3391 2445 3463; x_wconf 91' lang='lat' dir='ltr'>num,qui</span> <span class='ocrx_word' id='word_1_650' title='bbox 2481 3395 2570 3447; x_wconf 90' lang='lat' dir='ltr'>est</span> <span class='ocrx_word' id='word_1_651' title='bbox 2590 3393 2821 3448; x_wconf 90' lang='lat' dir='ltr'>munita</span> <span class='ocrx_word' id='word_1_652' title='bbox 2851 3393 3076 3462; x_wconf 88' lang='lat' dir='ltr'>civitas,</span> <span class='ocrx_word' id='word_1_653' title='bbox 3101 3395 3173 3450; x_wconf 88' lang='lat' dir='ltr'>ad</span> <span class='ocrx_word' id='word_1_654' title='bbox 3202 3395 3542 3452; x_wconf 88' lang='lat' dir='ltr'>retinendos</span> <span class='ocrx_word' id='word_1_655' title='bbox 3563 3389 3794 3448; x_wconf 87' lang='lat' dir='ltr'>homines</span> 
     </span>
    </p>
   </div>
   <div class='ocr_carea' id='block_1_82' title="bbox 2175 3477 3794 3553">
    <p class='ocr_par' dir='ltr' id='par_1_82' title="bbox 2175 3477 3794 3553">
     <span class='ocr_line' id='line_1_82' title="bbox 2175 3477 3794 3553; baseline -0.002 -20"><span class='ocrx_word' id='word_1_656' title='bbox 2175 3477 2235 3533; x_wconf 91' lang='lat' dir='ltr'>in</span> <span class='ocrx_word' id='word_1_657' title='bbox 2261 3479 2944 3553; x_wconf 88' lang='lat' dir='ltr'>captivitate,utspoliem</span> <span class='ocrx_word' id='word_1_658' title='bbox 2968 3500 3102 3539; x_wconf 89' lang='lat' dir='ltr'>eum</span> <span class='ocrx_word' id='word_1_659' title='bbox 3127 3483 3199 3538; x_wconf 87' lang='lat' dir='ltr'>de</span> <span class='ocrx_word' id='word_1_660' title='bbox 3222 3479 3794 3540; x_wconf 84' lang='lat' dir='ltr'>animabusﬁdelium:</span> 
     </span>
    </p>
   </div>
   <div class='ocr_carea' id='block_1_83' title="bbox 2176 3565 3798 3644">
    <p class='ocr_par' dir='ltr' id='par_1_83' title="bbox 2176 3565 3798 3644">
     <span class='ocr_line' id='line_1_83' title="bbox 2176 3565 3798 3644; baseline -0.002 -22"><span class='ocrx_word' id='word_1_661' title='bbox 2176 3571 2232 3622; x_wconf 90' lang='lat' dir='ltr'>et</span> <span class='ocrx_word' id='word_1_662' title='bbox 2253 3567 2384 3640; x_wconf 91' lang='lat' dir='ltr'>quis</span> <span class='ocrx_word' id='word_1_663' title='bbox 2397 3572 2598 3640; x_wconf 89' lang='lat' dir='ltr'>postea</span> <span class='ocrx_word' id='word_1_664' title='bbox 2609 3569 2856 3626; x_wconf 90' lang='lat' dir='ltr'>deducet</span> <span class='ocrx_word' id='word_1_665' title='bbox 2868 3587 2961 3626; x_wconf 91' lang='lat' dir='ltr'>me</span> <span class='ocrx_word' id='word_1_666' title='bbox 2973 3587 3160 3644; x_wconf 89' lang='lat' dir='ltr'>usque</span> <span class='ocrx_word' id='word_1_667' title='bbox 3173 3571 3236 3627; x_wconf 87' lang='lat' dir='ltr'>in</span> <span class='ocrx_word' id='word_1_668' title='bbox 3255 3565 3798 3639; x_wconf 63' lang='lat' dir='ltr'>Idumaeammtipsos</span> 
     </span>
    </p>
   </div>
   <div class='ocr_carea' id='block_1_84' title="bbox 2175 3651 3798 3730">
    <p class='ocr_par' dir='ltr' id='par_1_84' title="bbox 2175 3651 3798 3730">
     <span class='ocr_line' id='line_1_84' title="bbox 2175 3651 3798 3730; baseline -0.001 -20"><span class='ocrx_word' id='word_1_669' title='bbox 2175 3660 2437 3712; x_wconf 91' lang='lat' dir='ltr'>terrenos</span> <span class='ocrx_word' id='word_1_670' title='bbox 2469 3661 2600 3728; x_wconf 90' lang='lat' dir='ltr'>post</span> <span class='ocrx_word' id='word_1_671' title='bbox 2627 3657 2996 3730; x_wconf 89' lang='lat' dir='ltr'>triumphum</span> <span class='ocrx_word' id='word_1_672' title='bbox 3030 3676 3170 3715; x_wconf 66' lang='lat' dir='ltr'>mea:</span> <span class='ocrx_word' id='word_1_673' title='bbox 3199 3659 3464 3718; x_wconf 68' lang='lat' dir='ltr'>victoriae</span> <span class='ocrx_word' id='word_1_674' title='bbox 3493 3651 3798 3729; x_wconf 81' lang='lat' dir='ltr'>acquiram?</span> 
     </span>
    </p>
   </div>
   <div class='ocr_carea' id='block_1_85' title="bbox 2176 3739 3794 3821">
    <p class='ocr_par' dir='ltr' id='par_1_85' title="bbox 2176 3739 3794 3821">
     <span class='ocr_line' id='line_1_85' title="bbox 2176 3739 3794 3821; baseline -0.004 -21"><span class='ocrx_word' id='word_1_675' title='bbox 2176 3743 2386 3800; x_wconf 86' lang='lat' dir='ltr'>Nullus</span> <span class='ocrx_word' id='word_1_676' title='bbox 2409 3744 2642 3817; x_wconf 82' lang='lat' dir='ltr'>utique,</span> <span class='ocrx_word' id='word_1_677' title='bbox 2666 3745 2780 3802; x_wconf 89' lang='lat' dir='ltr'>nisi</span> <span class='ocrx_word' id='word_1_678' title='bbox 2803 3750 2868 3802; x_wconf 90' lang='lat' dir='ltr'>tu</span> <span class='ocrx_word' id='word_1_679' title='bbox 2891 3751 3070 3816; x_wconf 89' lang='lat' dir='ltr'>Deus;</span> <span class='ocrx_word' id='word_1_680' title='bbox 3091 3751 3150 3803; x_wconf 91' lang='lat' dir='ltr'>et</span> <span class='ocrx_word' id='word_1_681' title='bbox 3166 3747 3282 3804; x_wconf 91' lang='lat' dir='ltr'>hoc</span> <span class='ocrx_word' id='word_1_682' title='bbox 3305 3753 3396 3806; x_wconf 88' lang='lat' dir='ltr'>est</span> <span class='ocrx_word' id='word_1_683' title='bbox 3415 3747 3566 3821; x_wconf 89' lang='lat' dir='ltr'>quod</span> <span class='ocrx_word' id='word_1_684' title='bbox 3587 3739 3794 3801; x_wconf 88' lang='lat' dir='ltr'>subdit:</span> 
     </span>
    </p>
   </div>
   <div class='ocr_carea' id='block_1_86' title="bbox 2254 3833 3798 3908">
    <p class='ocr_par' dir='ltr' id='par_1_86' title="bbox 2254 3833 3798 3908">
     <span class='ocr_line' id='line_1_86' title="bbox 2254 3833 3798 3908; baseline -0.003 -20"><span class='ocrx_word' id='word_1_685' title='bbox 2254 3851 2277 3881; x_wconf 78' lang='grc' dir='ltr'>ι</span> <span class='ocrx_word' id='word_1_686' title='bbox 2302 3833 2506 3890; x_wconf 90' lang='lat' dir='ltr'>Nonne</span> <span class='ocrx_word' id='word_1_687' title='bbox 2525 3837 2612 3900; x_wconf 92' lang='lat' dir='ltr'>tu,</span> <span class='ocrx_word' id='word_1_688' title='bbox 2632 3833 2840 3901; x_wconf 70' lang='lat' dir='ltr'>Deus,»</span> <span class='ocrx_word' id='word_1_689' title='bbox 2865 3835 3070 3907; x_wconf 91' lang='lat' dir='ltr'>utique</span> <span class='ocrx_word' id='word_1_690' title='bbox 3096 3839 3184 3904; x_wconf 90' lang='lat' dir='ltr'>tu,</span> <span class='ocrx_word' id='word_1_691' title='bbox 3210 3837 3317 3908; x_wconf 90' lang='lat' dir='ltr'>qui</span> <span class='ocrx_word' id='word_1_692' title='bbox 3353 3833 3696 3892; x_wconf 89' lang='lat' dir='ltr'>contrarium</span> <span class='ocrx_word' id='word_1_693' title='bbox 3721 3833 3798 3884; x_wconf 85' lang='lat' dir='ltr'>ta-</span> 
     </span>
    </p>
   </div>
   <div class='ocr_carea' id='block_1_87' title="bbox 2178 3913 3798 3996">
    <p class='ocr_par' dir='ltr' id='par_1_87' title="bbox 2178 3913 3798 3996">
     <span class='ocr_line' id='line_1_87' title="bbox 2178 3913 3798 3996; baseline -0.001 -20"><span class='ocrx_word' id='word_1_694' title='bbox 2178 3938 2312 3977; x_wconf 91' lang='lat' dir='ltr'>men</span> <span class='ocrx_word' id='word_1_695' title='bbox 2342 3921 2557 3978; x_wconf 90' lang='lat' dir='ltr'>videris</span> <span class='ocrx_word' id='word_1_696' title='bbox 2588 3923 2812 3978; x_wconf 90' lang='lat' dir='ltr'>facere:</span> <span class='ocrx_word' id='word_1_697' title='bbox 2845 3941 2870 3966; x_wconf 76' lang='grc' dir='ltr'><strong>α</strong></span> <span class='ocrx_word' id='word_1_698' title='bbox 2901 3923 3004 3996; x_wconf 92' lang='lat' dir='ltr'>qui</span> <span class='ocrx_word' id='word_1_699' title='bbox 3031 3923 3306 3996; x_wconf 89' lang='lat' dir='ltr'>repulisti</span> <span class='ocrx_word' id='word_1_700' title='bbox 3339 3941 3498 3990; x_wconf 75' lang='lat' dir='ltr'>nos,»</span> <span class='ocrx_word' id='word_1_701' title='bbox 3529 3923 3584 3977; x_wconf 91' lang='lat' dir='ltr'>id</span> <span class='ocrx_word' id='word_1_702' title='bbox 3613 3923 3709 3985; x_wconf 90' lang='lat' dir='ltr'>est,</span> <span class='ocrx_word' id='word_1_703' title='bbox 3733 3913 3798 3970; x_wconf 78' lang='lat' dir='ltr'>vi-</span> 
     </span>
    </p>
   </div>
   <div class='ocr_carea' id='block_1_88' title="bbox 2177 4003 3800 4085">
    <p class='ocr_par' dir='ltr' id='par_1_88' title="bbox 2177 4003 3800 4085">
     <span class='ocr_line' id='line_1_88' title="bbox 2177 4003 3800 4085; baseline -0.004 -19"><span class='ocrx_word' id='word_1_704' title='bbox 2177 4011 2333 4066; x_wconf 91' lang='lat' dir='ltr'>deris</span> <span class='ocrx_word' id='word_1_705' title='bbox 2365 4009 2651 4082; x_wconf 85' lang='lat' dir='ltr'>repulisse</span> <span class='ocrx_word' id='word_1_706' title='bbox 2698 4029 2792 4068; x_wconf 92' lang='lat' dir='ltr'>me</span> <span class='ocrx_word' id='word_1_707' title='bbox 2843 4016 2902 4068; x_wconf 90' lang='lat' dir='ltr'>et</span> <span class='ocrx_word' id='word_1_708' title='bbox 2943 4029 3126 4080; x_wconf 90' lang='lat' dir='ltr'>meos,</span> <span class='ocrx_word' id='word_1_709' title='bbox 3161 4013 3310 4069; x_wconf 91' lang='lat' dir='ltr'>dum</span> <span class='ocrx_word' id='word_1_710' title='bbox 3360 4010 3642 4085; x_wconf 88' lang='lat' dir='ltr'>permittis</span> <span class='ocrx_word' id='word_1_711' title='bbox 3667 4003 3800 4062; x_wconf 88' lang='lat' dir='ltr'>vilis-</span> 
     </span>
    </p>
   </div>
   <div class='ocr_carea' id='block_1_89' title="bbox 2179 4091 3802 4173">
    <p class='ocr_par' dir='ltr' id='par_1_89' title="bbox 2179 4091 3802 4173">
     <span class='ocr_line' id='line_1_89' title="bbox 2179 4091 3802 4173; baseline -0.004 -19"><span class='ocrx_word' id='word_1_712' title='bbox 2179 4099 2328 4154; x_wconf 88' lang='lat' dir='ltr'>sime</span> <span class='ocrx_word' id='word_1_713' title='bbox 2367 4097 2636 4155; x_wconf 90' lang='lat' dir='ltr'>tribulari</span> <span class='ocrx_word' id='word_1_714' title='bbox 2670 4117 2683 4155; x_wconf 92' lang='lat'>:</span> <span class='ocrx_word' id='word_1_715' title='bbox 2718 4104 2778 4156; x_wconf 91' lang='lat' dir='ltr'>et</span> <span class='ocrx_word' id='word_1_716' title='bbox 2820 4101 2879 4154; x_wconf 90' lang='lat' dir='ltr'>in</span> <span class='ocrx_word' id='word_1_717' title='bbox 2930 4101 3040 4156; x_wconf 92' lang='lat' dir='ltr'>hoc</span> <span class='ocrx_word' id='word_1_718' title='bbox 3090 4099 3312 4156; x_wconf 85' lang='lat' dir='ltr'>videris</span> <span class='ocrx_word' id='word_1_719' title='bbox 3362 4098 3658 4173; x_wconf 88' lang='lat' dir='ltr'>repulisse,</span> <span class='ocrx_word' id='word_1_720' title='bbox 3686 4091 3802 4166; x_wconf 81' lang='lat' dir='ltr'>quia</span> 
     </span>
    </p>
   </div>
   <div class='ocr_carea' id='block_1_90' title="bbox 2182 4182 3805 4259">
    <p class='ocr_par' dir='ltr' id='par_1_90' title="bbox 2182 4182 3805 4259">
     <span class='ocr_line' id='line_1_90' title="bbox 2182 4182 3805 4259; baseline -0.002 -22"><span class='ocrx_word' id='word_1_721' title='bbox 2182 4209 2210 4237; x_wconf 86' lang='grc'><strong>‹‹</strong></span> <span class='ocrx_word' id='word_1_722' title='bbox 2241 4204 2355 4242; x_wconf 91' lang='lat' dir='ltr'>non</span> <span class='ocrx_word' id='word_1_723' title='bbox 2403 4187 2740 4259; x_wconf 86' lang='lat' dir='ltr'>egredieris,</span> <span class='ocrx_word' id='word_1_724' title='bbox 2787 4189 2962 4257; x_wconf 90' lang='lat' dir='ltr'>Deus,</span> <span class='ocrx_word' id='word_1_725' title='bbox 2994 4205 3020 4232; x_wconf 75' lang='grc' dir='ltr'>ι»</span> <span class='ocrx_word' id='word_1_726' title='bbox 3054 4189 3311 4246; x_wconf 90' lang='lat' dir='ltr'>ulterius</span> <span class='ocrx_word' id='word_1_727' title='bbox 3345 4209 3370 4235; x_wconf 71' lang='grc' dir='ltr'>ι)</span> <span class='ocrx_word' id='word_1_728' title='bbox 3419 4188 3479 4245; x_wconf 89' lang='lat' dir='ltr'>in</span> <span class='ocrx_word' id='word_1_729' title='bbox 3525 4182 3805 4242; x_wconf 87' lang='lat' dir='ltr'>virtutibus</span> 
     </span>
    </p>
   </div>
   <div class='ocr_carea' id='block_1_91' title="bbox 2179 4272 3803 4350">
    <p class='ocr_par' dir='ltr' id='par_1_91' title="bbox 2179 4272 3803 4350">
     <span class='ocr_line' id='line_1_91' title="bbox 2179 4272 3803 4350; baseline -0.006 -20"><span class='ocrx_word' id='word_1_730' title='bbox 2179 4275 2449 4341; x_wconf 66' lang='lat' dir='ltr'>nostris,»</span> <span class='ocrx_word' id='word_1_731' title='bbox 2482 4275 2540 4332; x_wconf 89' lang='lat' dir='ltr'>id</span> <span class='ocrx_word' id='word_1_732' title='bbox 2571 4279 2803 4342; x_wconf 89' lang='lat' dir='ltr'>est,non</span> <span class='ocrx_word' id='word_1_733' title='bbox 2833 4277 3144 4349; x_wconf 86' lang='lat' dir='ltr'>apparebis</span> <span class='ocrx_word' id='word_1_734' title='bbox 3174 4278 3460 4350; x_wconf 87' lang='lat' dir='ltr'>deinceps</span> <span class='ocrx_word' id='word_1_735' title='bbox 3490 4272 3803 4331; x_wconf 83' lang='lat' dir='ltr'>manifestus</span> 
     </span>
    </p>
   </div>
   <div class='ocr_carea' id='block_1_92' title="bbox 2178 4357 3803 4438">
    <p class='ocr_par' dir='ltr' id='par_1_92' title="bbox 2178 4357 3803 4438">
     <span class='ocr_line' id='line_1_92' title="bbox 2178 4357 3803 4438; baseline -0.004 -21"><span class='ocrx_word' id='word_1_736' title='bbox 2178 4362 2238 4417; x_wconf 92' lang='lat' dir='ltr'>in</span> <span class='ocrx_word' id='word_1_737' title='bbox 2261 4363 2478 4418; x_wconf 89' lang='lat' dir='ltr'>nostris</span> <span class='ocrx_word' id='word_1_738' title='bbox 2509 4363 3039 4435; x_wconf 85' lang='lat' dir='ltr'>exercitibus,sicut</span> <span class='ocrx_word' id='word_1_739' title='bbox 3049 4365 3238 4421; x_wconf 87' lang='lat' dir='ltr'>fecisti</span> <span class='ocrx_word' id='word_1_740' title='bbox 3261 4365 3527 4438; x_wconf 87' lang='lat' dir='ltr'>antiquis</span> <span class='ocrx_word' id='word_1_741' title='bbox 3547 4357 3803 4419; x_wconf 86' lang='lat' dir='ltr'>Patribus.</span> 
     </span>
    </p>
   </div>
   <div class='ocr_carea' id='block_1_93' title="bbox 2177 4449 3544 4519">
    <p class='ocr_par' dir='ltr' id='par_1_93' title="bbox 2177 4449 3544 4519">
     <span class='ocr_line' id='line_1_93' title="bbox 2177 4449 3544 4519; baseline 0.002 -13"><span class='ocrx_word' id='word_1_742' title='bbox 2177 4450 2306 4507; x_wconf 88' lang='lat' dir='ltr'>Alia</span> <span class='ocrx_word' id='word_1_743' title='bbox 2335 4451 2640 4508; x_wconf 88' lang='lat' dir='ltr'>translatio</span> <span class='ocrx_word' id='word_1_744' title='bbox 2668 4451 2864 4519; x_wconf 88' lang='lat' dir='ltr'>habet,</span> <span class='ocrx_word' id='word_1_745' title='bbox 2897 4470 2925 4501; x_wconf 77' lang='grc' dir='ltr'><strong><em>α</em></strong></span> <span class='ocrx_word' id='word_1_746' title='bbox 2955 4453 3015 4508; x_wconf 91' lang='lat' dir='ltr'>in</span> <span class='ocrx_word' id='word_1_747' title='bbox 3045 4453 3402 4510; x_wconf 82' lang='lat' dir='ltr'>exercitibus</span> <span class='ocrx_word' id='word_1_748' title='bbox 3433 4472 3457 4496; x_wconf 75' lang='grc' dir='ltr'><strong>υ</strong></span> <span class='ocrx_word' id='word_1_749' title='bbox 3536 4449 3544 4458; x_wconf 79' lang='grc'><strong>’</strong></span> 
     </span>
    </p>
   </div>
   <div class='ocr_carea' id='block_1_94' title="bbox 422 4517 3806 4619">
    <p class='ocr_par' dir='ltr' id='par_1_94' title="bbox 422 4517 3806 4619">
     <span class='ocr_line' id='line_1_94' title="bbox 422 4517 3806 4619; baseline 0.003 -30"><span class='ocrx_word' id='word_1_750' title='bbox 422 4517 664 4619; x_wconf 44' lang='lat'>£10312?</span> <span class='ocrx_word' id='word_1_751' title='bbox 679 4518 960 4619; x_wconf 54' lang='grc' dir='ltr'>Ραξονίεξίιξί</span> <span class='ocrx_word' id='word_1_752' title='bbox 977 4519 1040 4592; x_wconf 84' lang='grc' dir='ltr'>(Ρ</span> <span class='ocrx_word' id='word_1_753' title='bbox 1042 4520 1434 4619; x_wconf 54' lang='grc' dir='ltr'>«ξαιῖηοκξτινῦσα</span> <span class='ocrx_word' id='word_1_754' title='bbox 1452 4520 1830 4619; x_wconf 58' lang='lat' dir='ltr'>EtEphraim,</span> <span class='ocrx_word' id='word_1_755' title='bbox 1851 4523 1948 4578; x_wconf 67' lang='lat' dir='ltr'>aid</span> <span class='ocrx_word' id='word_1_756' title='bbox 1961 4529 2068 4619; x_wconf 71' lang='lat' dir='ltr'>est,</span> <span class='ocrx_word' id='word_1_757' title='bbox 2107 4555 2148 4619; x_wconf 81' lang='lat' dir='ltr'><strong>D</strong></span> <span class='ocrx_word' id='word_1_758' title='bbox 2253 4539 2538 4605; x_wconf 90' lang='lat' dir='ltr'>Dico,non</span> <span class='ocrx_word' id='word_1_759' title='bbox 2567 4517 2904 4614; x_wconf 87' lang='lat' dir='ltr'>egredieris,</span> <span class='ocrx_word' id='word_1_760' title='bbox 2929 4557 3037 4597; x_wconf 91' lang='lat' dir='ltr'>nec</span> <span class='ocrx_word' id='word_1_761' title='bbox 3068 4559 3177 4598; x_wconf 91' lang='lat' dir='ltr'>nos</span> <span class='ocrx_word' id='word_1_762' title='bbox 3206 4543 3490 4615; x_wconf 88' lang='lat' dir='ltr'>petimus,</span> <span class='ocrx_word' id='word_1_763' title='bbox 3513 4539 3610 4597; x_wconf 87' lang='lat' dir='ltr'>sed</span> <span class='ocrx_word' id='word_1_764' title='bbox 3639 4531 3806 4610; x_wconf 59' lang='lat' dir='ltr'>potius</span> 
     </span>
    </p>
   </div>
   <div class='ocr_carea' id='block_1_95' title="bbox 423 4605 3808 4702">
    <p class='ocr_par' dir='ltr' id='par_1_95' title="bbox 423 4605 3808 4702">
     <span class='ocr_line' id='line_1_95' title="bbox 423 4605 3808 4702; baseline -0 -23"><span class='ocrx_word' id='word_1_765' title='bbox 423 4605 914 4702; x_wconf 48' lang='lat' dir='ltr'>frugtificentesi}?</span> <span class='ocrx_word' id='word_1_766' title='bbox 929 4607 2073 4702; x_wconf 12' lang='grc' dir='ltr'>ὶξοῃίίδίίξρθιηίὺυενθεξαξυεεφριῑοίξειρίιίε</span> <span class='ocrx_word' id='word_1_767' title='bbox 2108 4605 2146 4619; x_wconf 75' lang='grc'><strong><em>“</em></strong></span> <span class='ocrx_word' id='word_1_768' title='bbox 2182 4628 2258 4683; x_wconf 90' lang='lat' dir='ltr'>da</span> <span class='ocrx_word' id='word_1_769' title='bbox 2284 4605 2724 4684; x_wconf 67' lang='lat' dir='ltr'>tribulationem</span> <span class='ocrx_word' id='word_1_770' title='bbox 2760 4645 2774 4683; x_wconf 74' lang='grc' dir='ltr'>ε</span> <span class='ocrx_word' id='word_1_771' title='bbox 2822 4605 2938 4685; x_wconf 79' lang='lat' dir='ltr'>et«</span> <span class='ocrx_word' id='word_1_772' title='bbox 2969 4629 3094 4685; x_wconf 82' lang='lat' dir='ltr'>de»</span> <span class='ocrx_word' id='word_1_773' title='bbox 3129 4605 3260 4702; x_wconf 74' lang='lat' dir='ltr'>ipsa</span> <span class='ocrx_word' id='word_1_774' title='bbox 3291 4650 3315 4675; x_wconf 87' lang='grc'>‹‹</span> <span class='ocrx_word' id='word_1_775' title='bbox 3350 4605 3712 4686; x_wconf 70' lang='lat' dir='ltr'>tribulatione</span> <span class='ocrx_word' id='word_1_776' title='bbox 3747 4619 3808 4674; x_wconf 77' lang='lat' dir='ltr'>da</span> 
     </span>
    </p>
   </div>
   <div class='ocr_carea' id='block_1_96' title="bbox 425 4693 2074 4770">
    <p class='ocr_par' dir='ltr' id='par_1_96' title="bbox 425 4693 2074 4770">
     <span class='ocr_line' id='line_1_96' title="bbox 425 4693 2074 4770; baseline 0.005 -22"><span class='ocrx_word' id='word_1_777' title='bbox 425 4693 598 4760; x_wconf 81' lang='lat' dir='ltr'>mei,»</span> <span class='ocrx_word' id='word_1_778' title='bbox 630 4693 689 4748; x_wconf 91' lang='lat' dir='ltr'>id</span> <span class='ocrx_word' id='word_1_779' title='bbox 718 4700 828 4760; x_wconf 89' lang='lat' dir='ltr'>est,</span> <span class='ocrx_word' id='word_1_780' title='bbox 853 4695 1175 4752; x_wconf 88' lang='lat' dir='ltr'>divinitatis</span> <span class='ocrx_word' id='word_1_781' title='bbox 1208 4714 1370 4764; x_wconf 71' lang='lat' dir='ltr'>mere,</span> <span class='ocrx_word' id='word_1_782' title='bbox 1395 4697 1534 4768; x_wconf 89' lang='lat' dir='ltr'>quia</span> <span class='ocrx_word' id='word_1_783' title='bbox 1565 4697 1624 4751; x_wconf 91' lang='lat' dir='ltr'>in</span> <span class='ocrx_word' id='word_1_784' title='bbox 1658 4697 1773 4753; x_wconf 89' lang='lat' dir='ltr'>illis</span> <span class='ocrx_word' id='word_1_785' title='bbox 1803 4699 1902 4770; x_wconf 88' lang='lat' dir='ltr'>qui</span> <span class='ocrx_word' id='word_1_786' title='bbox 1934 4705 2074 4757; x_wconf 90' lang='lat' dir='ltr'>sunt</span> 
     </span>
    </p>
   </div>
   <div class='ocr_carea' id='block_1_97' title="bbox 421 4779 2126 4857">
    <p class='ocr_par' dir='ltr' id='par_1_97' title="bbox 421 4779 2126 4857">
     <span class='ocr_line' id='line_1_97' title="bbox 421 4779 2126 4857; baseline 0.006 -22"><span class='ocrx_word' id='word_1_787' title='bbox 421 4779 504 4836; x_wconf 88' lang='lat' dir='ltr'>ita</span> <span class='ocrx_word' id='word_1_788' title='bbox 519 4782 936 4838; x_wconf 78' lang='lat' dir='ltr'>fructificantes</span> <span class='ocrx_word' id='word_1_789' title='bbox 958 4784 1274 4857; x_wconf 88' lang='lat' dir='ltr'>quiescitet</span> <span class='ocrx_word' id='word_1_790' title='bbox 1292 4785 1753 4857; x_wconf 87' lang='lat' dir='ltr'>delectaturipsa</span> <span class='ocrx_word' id='word_1_791' title='bbox 1765 4787 2068 4846; x_wconf 85' lang='lat' dir='ltr'>Divinitas.</span> <span class='ocrx_word' id='word_1_792' title='bbox 2113 4785 2126 4796; x_wconf 75' lang='grc'>’</span> 
     </span>
    </p>
   </div>
   <div class='ocr_carea' id='block_1_98' title="bbox 423 4869 2075 4948">
    <p class='ocr_par' dir='ltr' id='par_1_98' title="bbox 423 4869 2075 4948">
     <span class='ocr_line' id='line_1_98' title="bbox 423 4869 2075 4948; baseline 0.007 -24"><span class='ocrx_word' id='word_1_793' title='bbox 423 4869 548 4941; x_wconf 84' lang='lat' dir='ltr'>Vel,</span> <span class='ocrx_word' id='word_1_794' title='bbox 591 4890 612 4917; x_wconf 72' lang='grc' dir='ltr'><strong>α</strong></span> <span class='ocrx_word' id='word_1_795' title='bbox 637 4871 936 4942; x_wconf 88' lang='lat' dir='ltr'>Ephraim,</span> <span class='ocrx_word' id='word_1_796' title='bbox 974 4895 1002 4922; x_wconf 83' lang='lat'>»</span> <span class='ocrx_word' id='word_1_797' title='bbox 1035 4872 1232 4940; x_wconf 84' lang='lat' dir='ltr'>idest,</span> <span class='ocrx_word' id='word_1_798' title='bbox 1267 4873 1470 4945; x_wconf 85' lang='lat' dir='ltr'>spinea</span> <span class='ocrx_word' id='word_1_799' title='bbox 1526 4891 1758 4942; x_wconf 90' lang='lat' dir='ltr'>corona,</span> <span class='ocrx_word' id='word_1_800' title='bbox 1811 4893 1938 4948; x_wconf 59' lang='lat' dir='ltr'>quae</span> <span class='ocrx_word' id='word_1_801' title='bbox 1985 4882 2075 4934; x_wconf 90' lang='lat' dir='ltr'>est</span> 
     </span>
    </p>
   </div>
   <div class='ocr_carea' id='block_1_99' title="bbox 423 4959 2073 5032">
    <p class='ocr_par' dir='ltr' id='par_1_99' title="bbox 423 4959 2073 5032">
     <span class='ocr_line' id='line_1_99' title="bbox 423 4959 2073 5032; baseline 0.005 -18"><span class='ocrx_word' id='word_1_802' title='bbox 423 4959 964 5032; x_wconf 82' lang='lat' dir='ltr'>fructiﬁcatio,quia</span> <span class='ocrx_word' id='word_1_803' title='bbox 992 4960 1243 5032; x_wconf 85' lang='lat' dir='ltr'>acquirit</span> <span class='ocrx_word' id='word_1_804' title='bbox 1272 4962 1388 5016; x_wconf 92' lang='lat' dir='ltr'>Deo</span> <span class='ocrx_word' id='word_1_805' title='bbox 1419 4979 1692 5018; x_wconf 89' lang='lat' dir='ltr'>coronam</span> <span class='ocrx_word' id='word_1_806' title='bbox 1724 4965 1794 5019; x_wconf 87' lang='lat' dir='ltr'>de</span> <span class='ocrx_word' id='word_1_807' title='bbox 1825 4966 2073 5029; x_wconf 81' lang='lat' dir='ltr'>circuitu</span> 
     </span>
    </p>
   </div>
   <div class='ocr_carea' id='block_1_100' title="bbox 425 5047 2070 5123">
    <p class='ocr_par' dir='ltr' id='par_1_100' title="bbox 425 5047 2070 5123">
     <span class='ocr_line' id='line_1_100' title="bbox 425 5047 2070 5123; baseline 0.005 -21"><span class='ocrx_word' id='word_1_808' title='bbox 425 5047 604 5104; x_wconf 88' lang='lat' dir='ltr'>totius</span> <span class='ocrx_word' id='word_1_809' title='bbox 635 5049 839 5104; x_wconf 90' lang='lat' dir='ltr'>mundi</span> <span class='ocrx_word' id='word_1_810' title='bbox 877 5065 890 5103; x_wconf 87' lang='lat'>:</span> <span class='ocrx_word' id='word_1_811' title='bbox 928 5067 1042 5104; x_wconf 91' lang='lat' dir='ltr'>non</span> <span class='ocrx_word' id='word_1_812' title='bbox 1090 5054 1180 5104; x_wconf 89' lang='lat' dir='ltr'>est</span> <span class='ocrx_word' id='word_1_813' title='bbox 1223 5050 1476 5106; x_wconf 89' lang='lat' dir='ltr'>dedecus</span> <span class='ocrx_word' id='word_1_814' title='bbox 1505 5054 1563 5106; x_wconf 89' lang='lat' dir='ltr'>et</span> <span class='ocrx_word' id='word_1_815' title='bbox 1589 5052 1890 5123; x_wconf 88' lang='lat' dir='ltr'>depressio</span> <span class='ocrx_word' id='word_1_816' title='bbox 1921 5073 2070 5122; x_wconf 89' lang='lat' dir='ltr'>mea,</span> 
     </span>
    </p>
   </div>
   <div class='ocr_carea' id='block_1_101' title="bbox 425 5137 2070 5212">
    <p class='ocr_par' dir='ltr' id='par_1_101' title="bbox 425 5137 2070 5212">
     <span class='ocr_line' id='line_1_101' title="bbox 425 5137 2070 5212; baseline 0.004 -20"><span class='ocrx_word' id='word_1_817' title='bbox 425 5137 579 5192; x_wconf 90' lang='lat' dir='ltr'>sicut</span> <span class='ocrx_word' id='word_1_818' title='bbox 608 5138 850 5208; x_wconf 84' lang='lat' dir='ltr'>quidam</span> <span class='ocrx_word' id='word_1_819' title='bbox 883 5139 1108 5206; x_wconf 88' lang='lat' dir='ltr'>dicunt,</span> <span class='ocrx_word' id='word_1_820' title='bbox 1141 5139 1242 5194; x_wconf 91' lang='lat' dir='ltr'>sed</span> <span class='ocrx_word' id='word_1_821' title='bbox 1274 5139 1567 5212; x_wconf 87' lang='lat' dir='ltr'>susceptio</span> <span class='ocrx_word' id='word_1_822' title='bbox 1606 5140 1816 5212; x_wconf 89' lang='lat' dir='ltr'>capitis</span> <span class='ocrx_word' id='word_1_823' title='bbox 1848 5143 1981 5210; x_wconf 88' lang='lat' dir='ltr'>mei,</span> <span class='ocrx_word' id='word_1_824' title='bbox 2013 5145 2070 5199; x_wconf 88' lang='lat' dir='ltr'>id</span> 
     </span>
    </p>
   </div>
   <div class='ocr_carea' id='block_1_102' title="bbox 423 5225 2172 5300">
    <p class='ocr_par' dir='ltr' id='par_1_102' title="bbox 423 5225 2172 5300">
     <span class='ocr_line' id='line_1_102' title="bbox 423 5225 2172 5300; baseline 0.004 -20"><span class='ocrx_word' id='word_1_825' title='bbox 423 5229 514 5281; x_wconf 88' lang='lat' dir='ltr'>est</span> <span class='ocrx_word' id='word_1_826' title='bbox 543 5225 681 5280; x_wconf 88' lang='lat' dir='ltr'>facit</span> <span class='ocrx_word' id='word_1_827' title='bbox 730 5245 927 5282; x_wconf 90' lang='lat' dir='ltr'>meum</span> <span class='ocrx_word' id='word_1_828' title='bbox 977 5232 1176 5300; x_wconf 83' lang='lat' dir='ltr'>caput,</span> <span class='ocrx_word' id='word_1_829' title='bbox 1209 5227 1264 5282; x_wconf 88' lang='lat' dir='ltr'>id</span> <span class='ocrx_word' id='word_1_830' title='bbox 1299 5231 1405 5296; x_wconf 89' lang='lat' dir='ltr'>est,</span> <span class='ocrx_word' id='word_1_831' title='bbox 1439 5245 1630 5284; x_wconf 91' lang='lat' dir='ltr'>meam</span> <span class='ocrx_word' id='word_1_832' title='bbox 1677 5228 2069 5298; x_wconf 88' lang='lat' dir='ltr'>altitudinem,</span> <span class='ocrx_word' id='word_1_833' title='bbox 2167 5242 2172 5248; x_wconf 93' lang='lat'>&#39;</span> 
     </span>
    </p>
   </div>
   <div class='ocr_carea' id='block_1_103' title="bbox 425 5313 1997 5387">
    <p class='ocr_par' dir='ltr' id='par_1_103' title="bbox 425 5313 1997 5387">
     <span class='ocr_line' id='line_1_103' title="bbox 425 5313 1997 5387; baseline 0.004 -19"><span class='ocrx_word' id='word_1_834' title='bbox 425 5313 643 5384; x_wconf 88' lang='lat' dir='ltr'>suscipi</span> <span class='ocrx_word' id='word_1_835' title='bbox 674 5332 774 5386; x_wconf 91' lang='lat' dir='ltr'>per</span> <span class='ocrx_word' id='word_1_836' title='bbox 801 5320 990 5372; x_wconf 86' lang='lat' dir='ltr'>totum</span> <span class='ocrx_word' id='word_1_837' title='bbox 1023 5317 1311 5372; x_wconf 90' lang='lat' dir='ltr'>mundum</span> <span class='ocrx_word' id='word_1_838' title='bbox 1335 5316 1744 5387; x_wconf 84' lang='lat' dir='ltr'>etjucundum</span> <span class='ocrx_word' id='word_1_839' title='bbox 1776 5317 1997 5374; x_wconf 89' lang='lat' dir='ltr'>haberi.</span> 
     </span>
    </p>
   </div>
   <div class='ocr_carea' id='block_1_104' title="bbox 499 5401 2071 5481">
    <p class='ocr_par' dir='ltr' id='par_1_104' title="bbox 499 5401 2071 5481">
     <span class='ocr_line' id='line_1_104' title="bbox 499 5401 2071 5481; baseline 0.007 -26"><span class='ocrx_word' id='word_1_840' title='bbox 499 5421 528 5451; x_wconf 70' lang='grc' dir='ltr'>ί(</span> <span class='ocrx_word' id='word_1_841' title='bbox 558 5401 590 5456; x_wconf 90' lang='lat' dir='ltr'>J</span> <span class='ocrx_word' id='word_1_842' title='bbox 601 5403 715 5458; x_wconf 90' lang='lat' dir='ltr'>uda</span> <span class='ocrx_word' id='word_1_843' title='bbox 735 5409 824 5459; x_wconf 88' lang='lat' dir='ltr'>est</span> <span class='ocrx_word' id='word_1_844' title='bbox 841 5421 940 5459; x_wconf 83' lang='lat' dir='ltr'>rex</span> <span class='ocrx_word' id='word_1_845' title='bbox 961 5421 1186 5471; x_wconf 82' lang='lat' dir='ltr'>meus,»</span> <span class='ocrx_word' id='word_1_846' title='bbox 1222 5405 1278 5460; x_wconf 90' lang='lat' dir='ltr'>id</span> <span class='ocrx_word' id='word_1_847' title='bbox 1309 5410 1418 5472; x_wconf 89' lang='lat' dir='ltr'>est,</span> <span class='ocrx_word' id='word_1_848' title='bbox 1455 5403 1740 5472; x_wconf 82' lang='lat' dir='ltr'>Christus,</span> <span class='ocrx_word' id='word_1_849' title='bbox 1765 5423 1940 5477; x_wconf 90' lang='lat' dir='ltr'>quem</span> <span class='ocrx_word' id='word_1_850' title='bbox 1966 5425 2071 5481; x_wconf 87' lang='lat' dir='ltr'>ego</span> 
     </span>
    </p>
   </div>
   <div class='ocr_carea' id='block_1_105' title="bbox 427 5489 2067 5564">
    <p class='ocr_par' dir='ltr' id='par_1_105' title="bbox 427 5489 2067 5564">
     <span class='ocr_line' id='line_1_105' title="bbox 427 5489 2067 5564; baseline 0.005 -20"><span class='ocrx_word' id='word_1_851' title='bbox 427 5489 700 5545; x_wconf 91' lang='lat' dir='ltr'>constitui</span> <span class='ocrx_word' id='word_1_852' title='bbox 747 5509 921 5564; x_wconf 89' lang='lat' dir='ltr'>super</span> <span class='ocrx_word' id='word_1_853' title='bbox 967 5511 1171 5548; x_wconf 88' lang='lat' dir='ltr'>omnes</span> <span class='ocrx_word' id='word_1_854' title='bbox 1220 5491 1558 5560; x_wconf 81' lang='lat' dir='ltr'>ﬁdeles,.est</span> <span class='ocrx_word' id='word_1_855' title='bbox 1599 5493 1671 5547; x_wconf 90' lang='lat' dir='ltr'>de</span> <span class='ocrx_word' id='word_1_856' title='bbox 1709 5493 1866 5550; x_wconf 91' lang='lat' dir='ltr'>tribu</span> <span class='ocrx_word' id='word_1_857' title='bbox 1895 5497 2067 5553; x_wconf 88' lang='lat' dir='ltr'>Juda.</span> 
     </span>
    </p>
   </div>
   <div class='ocr_carea' id='block_1_106' title="bbox 429 5577 2069 5658">
    <p class='ocr_par' dir='ltr' id='par_1_106' title="bbox 429 5577 2069 5658">
     <span class='ocr_line' id='line_1_106' title="bbox 429 5577 2069 5658; baseline 0.007 -27"><span class='ocrx_word' id='word_1_858' title='bbox 429 5599 456 5630; x_wconf 83' lang='lat'><strong>«</strong></span> <span class='ocrx_word' id='word_1_859' title='bbox 491 5577 680 5642; x_wconf 88' lang='lat' dir='ltr'>Moab,</span> <span class='ocrx_word' id='word_1_860' title='bbox 712 5578 766 5634; x_wconf 91' lang='lat' dir='ltr'>id</span> <span class='ocrx_word' id='word_1_861' title='bbox 800 5585 908 5648; x_wconf 88' lang='lat' dir='ltr'>est,</span> <span class='ocrx_word' id='word_1_862' title='bbox 943 5582 1192 5637; x_wconf 90' lang='lat' dir='ltr'>abutens</span> <span class='ocrx_word' id='word_1_863' title='bbox 1243 5579 1387 5652; x_wconf 90' lang='lat' dir='ltr'>lege,</span> <span class='ocrx_word' id='word_1_864' title='bbox 1423 5580 1476 5635; x_wconf 91' lang='lat' dir='ltr'>id</span> <span class='ocrx_word' id='word_1_865' title='bbox 1527 5583 1634 5648; x_wconf 88' lang='lat' dir='ltr'>est,</span> <span class='ocrx_word' id='word_1_866' title='bbox 1669 5581 1936 5654; x_wconf 86' lang='lat' dir='ltr'>gentiles,</span> <span class='ocrx_word' id='word_1_867' title='bbox 1969 5587 2069 5658; x_wconf 90' lang='lat' dir='ltr'>qui</span> 
     </span>
    </p>
   </div>
   <div class='ocr_carea' id='block_1_107' title="bbox 2182 4715 3808 4789">
    <p class='ocr_par' dir='ltr' id='par_1_107' title="bbox 2182 4715 3808 4789">
     <span class='ocr_line' id='line_1_107' title="bbox 2182 4715 3808 4789; baseline -0.005 -18"><span class='ocrx_word' id='word_1_868' title='bbox 2182 4716 2352 4771; x_wconf 90' lang='lat' dir='ltr'>nobis</span> <span class='ocrx_word' id='word_1_869' title='bbox 2376 4715 2682 4784; x_wconf 89' lang='lat' dir='ltr'>auxilium,</span> <span class='ocrx_word' id='word_1_870' title='bbox 2703 4735 2728 4760; x_wconf 70' lang='grc' dir='ltr'><strong>η</strong></span> <span class='ocrx_word' id='word_1_871' title='bbox 2755 4717 2815 4772; x_wconf 92' lang='lat' dir='ltr'>id</span> <span class='ocrx_word' id='word_1_872' title='bbox 2845 4721 2956 4782; x_wconf 88' lang='lat' dir='ltr'>est,</span> <span class='ocrx_word' id='word_1_873' title='bbox 2981 4722 3048 4772; x_wconf 92' lang='lat' dir='ltr'>ut</span> <span class='ocrx_word' id='word_1_874' title='bbox 3077 4717 3216 4789; x_wconf 72' lang='lat' dir='ltr'>ipsa:</span> <span class='ocrx_word' id='word_1_875' title='bbox 3248 4716 3655 4774; x_wconf 88' lang='lat' dir='ltr'>tribulationes</span> <span class='ocrx_word' id='word_1_876' title='bbox 3682 4721 3808 4782; x_wconf 86' lang='lat' dir='ltr'>quas</span> 
     </span>
    </p>
   </div>
   <div class='ocr_carea' id='block_1_108' title="bbox 2181 4802 3805 4878">
    <p class='ocr_par' dir='ltr' id='par_1_108' title="bbox 2181 4802 3805 4878">
     <span class='ocr_line' id='line_1_108' title="bbox 2181 4802 3805 4878; baseline -0.006 -18"><span class='ocrx_word' id='word_1_877' title='bbox 2181 4805 2462 4878; x_wconf 89' lang='lat' dir='ltr'>patimur,</span> <span class='ocrx_word' id='word_1_878' title='bbox 2502 4805 2672 4860; x_wconf 88' lang='lat' dir='ltr'>nobis</span> <span class='ocrx_word' id='word_1_879' title='bbox 2719 4806 2791 4861; x_wconf 90' lang='lat' dir='ltr'>ad</span> <span class='ocrx_word' id='word_1_880' title='bbox 2837 4806 3101 4862; x_wconf 88' lang='lat' dir='ltr'>futuram</span> <span class='ocrx_word' id='word_1_881' title='bbox 3152 4805 3401 4878; x_wconf 82' lang='lat' dir='ltr'>gloriam</span> <span class='ocrx_word' id='word_1_882' title='bbox 3438 4802 3805 4860; x_wconf 84' lang='lat' dir='ltr'>auxilientur:</span> 
     </span>
    </p>
   </div>
   <div class='ocr_carea' id='block_1_109' title="bbox 2179 4891 3810 4964">
    <p class='ocr_par' dir='ltr' id='par_1_109' title="bbox 2179 4891 3810 4964">
     <span class='ocr_line' id='line_1_109' title="bbox 2179 4891 3810 4964; baseline -0.006 -16"><span class='ocrx_word' id='word_1_883' title='bbox 2179 4892 2310 4948; x_wconf 91' lang='lat' dir='ltr'>ideo</span> <span class='ocrx_word' id='word_1_884' title='bbox 2345 4897 2474 4964; x_wconf 84' lang='lat' dir='ltr'>peto</span> <span class='ocrx_word' id='word_1_885' title='bbox 2507 4892 2790 4948; x_wconf 84' lang='lat' dir='ltr'>auxilium</span> <span class='ocrx_word' id='word_1_886' title='bbox 2821 4894 2893 4948; x_wconf 91' lang='lat' dir='ltr'>de</span> <span class='ocrx_word' id='word_1_887' title='bbox 2921 4891 3302 4950; x_wconf 88' lang='lat' dir='ltr'>tribulatione</span> <span class='ocrx_word' id='word_1_888' title='bbox 3353 4910 3472 4949; x_wconf 89' lang='lat' dir='ltr'>non</span> <span class='ocrx_word' id='word_1_889' title='bbox 3511 4891 3810 4946; x_wconf 88' lang='lat' dir='ltr'>humanum</span> 
     </span>
    </p>
   </div>
   <div class='ocr_carea' id='block_1_110' title="bbox 2183 4973 3808 5052">
    <p class='ocr_par' dir='ltr' id='par_1_110' title="bbox 2183 4973 3808 5052">
     <span class='ocr_line' id='line_1_110' title="bbox 2183 4973 3808 5052; baseline 0.001 -15"><span class='ocrx_word' id='word_1_890' title='bbox 2183 4980 2490 5044; x_wconf 86' lang='lat' dir='ltr'>auxilium,</span> <span class='ocrx_word' id='word_1_891' title='bbox 2523 5009 2547 5032; x_wconf 87' lang='grc'>‹(</span> <span class='ocrx_word' id='word_1_892' title='bbox 2579 4981 2720 5052; x_wconf 90' lang='lat' dir='ltr'>quia</span> <span class='ocrx_word' id='word_1_893' title='bbox 2749 4981 2910 5037; x_wconf 90' lang='lat' dir='ltr'>salus</span> <span class='ocrx_word' id='word_1_894' title='bbox 2940 4981 3252 5048; x_wconf 84' lang='lat' dir='ltr'>hominis,»</span> <span class='ocrx_word' id='word_1_895' title='bbox 3271 4981 3330 5037; x_wconf 92' lang='lat' dir='ltr'>id</span> <span class='ocrx_word' id='word_1_896' title='bbox 3362 4973 3808 5047; x_wconf 60' lang='lat' dir='ltr'>est,subsidiumy</span> 
     </span>
    </p>
   </div>
   <div class='ocr_carea' id='block_1_111' title="bbox 2182 5060 3807 5141">
    <p class='ocr_par' dir='ltr' id='par_1_111' title="bbox 2182 5060 3807 5141">
     <span class='ocr_line' id='line_1_111' title="bbox 2182 5060 3807 5141; baseline 0.001 -17"><span class='ocrx_word' id='word_1_897' title='bbox 2182 5069 2339 5141; x_wconf 91' lang='lat' dir='ltr'>quod</span> <span class='ocrx_word' id='word_1_898' title='bbox 2390 5072 2581 5139; x_wconf 87' lang='lat' dir='ltr'>potest</span> <span class='ocrx_word' id='word_1_899' title='bbox 2624 5068 2800 5125; x_wconf 89' lang='lat' dir='ltr'>homo</span> <span class='ocrx_word' id='word_1_900' title='bbox 2847 5074 3142 5141; x_wconf 58' lang='lat' dir='ltr'>praestare,</span> <span class='ocrx_word' id='word_1_901' title='bbox 3195 5073 3286 5126; x_wconf 89' lang='lat' dir='ltr'>est</span> <span class='ocrx_word' id='word_1_902' title='bbox 3318 5088 3344 5112; x_wconf 79' lang='grc' dir='ltr'>«ι</span> <span class='ocrx_word' id='word_1_903' title='bbox 3376 5085 3548 5136; x_wconf 88' lang='lat' dir='ltr'>vana,</span> <span class='ocrx_word' id='word_1_904' title='bbox 3575 5089 3600 5114; x_wconf 74' lang='grc' dir='ltr'><strong>η</strong></span> <span class='ocrx_word' id='word_1_905' title='bbox 3633 5064 3687 5119; x_wconf 92' lang='lat' dir='ltr'>id</span> <span class='ocrx_word' id='word_1_906' title='bbox 3715 5060 3807 5126; x_wconf 61' lang='lat' dir='ltr'>es&quot;</span> 
     </span>
    </p>
   </div>
   <div class='ocr_carea' id='block_1_112' title="bbox 2181 5155 2542 5213">
    <p class='ocr_par' dir='ltr' id='par_1_112' title="bbox 2181 5155 2542 5213">
     <span class='ocr_line' id='line_1_112' title="bbox 2181 5155 2542 5213; baseline -0.006 -1"><span class='ocrx_word' id='word_1_907' title='bbox 2181 5155 2542 5213; x_wconf 87' lang='lat' dir='ltr'>transitoria.</span> 
     </span>
    </p>
   </div>
   <div class='ocr_carea' id='block_1_113' title="bbox 2256 5236 3810 5316">
    <p class='ocr_par' dir='ltr' id='par_1_113' title="bbox 2256 5236 3810 5316">
     <span class='ocr_line' id='line_1_113' title="bbox 2256 5236 3810 5316; baseline -0.001 -17"><span class='ocrx_word' id='word_1_908' title='bbox 2256 5266 2283 5293; x_wconf 90' lang='grc'><em>‹‹</em></span> <span class='ocrx_word' id='word_1_909' title='bbox 2308 5244 2371 5299; x_wconf 91' lang='lat' dir='ltr'>In</span> <span class='ocrx_word' id='word_1_910' title='bbox 2399 5244 2528 5300; x_wconf 86' lang='lat' dir='ltr'>Deo.</span> <span class='ocrx_word' id='word_1_911' title='bbox 2563 5275 2588 5299; x_wconf 65' lang='grc' dir='ltr'>ν)</span> <span class='ocrx_word' id='word_1_912' title='bbox 2629 5246 2698 5300; x_wconf 89' lang='lat' dir='ltr'>Et</span> <span class='ocrx_word' id='word_1_913' title='bbox 2735 5245 2876 5316; x_wconf 90' lang='lat' dir='ltr'>quia</span> <span class='ocrx_word' id='word_1_914' title='bbox 2905 5245 3068 5303; x_wconf 89' lang='lat' dir='ltr'>salus</span> <span class='ocrx_word' id='word_1_915' title='bbox 3101 5246 3360 5303; x_wconf 90' lang='lat' dir='ltr'>hominis</span> <span class='ocrx_word' id='word_1_916' title='bbox 3388 5249 3480 5302; x_wconf 88' lang='lat' dir='ltr'>est</span> <span class='ocrx_word' id='word_1_917' title='bbox 3506 5259 3670 5306; x_wconf 84' lang='lat' dir='ltr'>vana,</span> <span class='ocrx_word' id='word_1_918' title='bbox 3701 5236 3810 5290; x_wconf 77' lang='lat' dir='ltr'>ideo</span> 
     </span>
    </p>
   </div>
   <div class='ocr_carea' id='block_1_114' title="bbox 2185 5327 3812 5405">
    <p class='ocr_par' dir='ltr' id='par_1_114' title="bbox 2185 5327 3812 5405">
     <span class='ocr_line' id='line_1_114' title="bbox 2185 5327 3812 5405; baseline -0.001 -22"><span class='ocrx_word' id='word_1_919' title='bbox 2185 5349 2214 5382; x_wconf 72' lang='grc' dir='ltr'><strong>α</strong></span> <span class='ocrx_word' id='word_1_920' title='bbox 2243 5330 2528 5386; x_wconf 88' lang='lat' dir='ltr'>faciemus</span> <span class='ocrx_word' id='word_1_921' title='bbox 2555 5331 2830 5387; x_wconf 87' lang='lat' dir='ltr'>virtutem</span> <span class='ocrx_word' id='word_1_922' title='bbox 2870 5331 2930 5386; x_wconf 89' lang='lat' dir='ltr'>in</span> <span class='ocrx_word' id='word_1_923' title='bbox 2961 5333 3101 5405; x_wconf 84' lang='lat' dir='ltr'>Deo,</span> <span class='ocrx_word' id='word_1_924' title='bbox 3134 5355 3157 5379; x_wconf 73' lang='grc' dir='ltr'><strong>η</strong></span> <span class='ocrx_word' id='word_1_925' title='bbox 3186 5334 3244 5390; x_wconf 90' lang='lat' dir='ltr'>id</span> <span class='ocrx_word' id='word_1_926' title='bbox 3277 5336 3388 5400; x_wconf 87' lang='lat' dir='ltr'>est,</span> <span class='ocrx_word' id='word_1_927' title='bbox 3424 5333 3618 5404; x_wconf 87' lang='lat' dir='ltr'>ipsum</span> <span class='ocrx_word' id='word_1_928' title='bbox 3649 5327 3812 5382; x_wconf 83' lang='lat' dir='ltr'>Deum</span> 
     </span>
    </p>
   </div>
   <div class='ocr_carea' id='block_1_115' title="bbox 2183 5406 3813 5490">
    <p class='ocr_par' dir='ltr' id='par_1_115' title="bbox 2183 5406 3813 5490">
     <span class='ocr_line' id='line_1_115' title="bbox 2183 5406 3813 5490; baseline -0.003 -17"><span class='ocrx_word' id='word_1_929' title='bbox 2183 5418 2593 5490; x_wconf 87' lang='lat' dir='ltr'>reputabimus</span> <span class='ocrx_word' id='word_1_930' title='bbox 2607 5417 2881 5476; x_wconf 88' lang='lat' dir='ltr'>virtutem</span> <span class='ocrx_word' id='word_1_931' title='bbox 2903 5424 2962 5475; x_wconf 89' lang='lat' dir='ltr'>et</span> <span class='ocrx_word' id='word_1_932' title='bbox 2981 5421 3372 5478; x_wconf 83' lang='lat' dir='ltr'>constantiam</span> <span class='ocrx_word' id='word_1_933' title='bbox 3398 5406 3813 5482; x_wconf 83' lang='lat' dir='ltr'>nostram,nihil</span> 
     </span>
    </p>
   </div>
   <div class='ocr_carea' id='block_1_116' title="bbox 2181 5494 3810 5573">
    <p class='ocr_par' dir='ltr' id='par_1_116' title="bbox 2181 5494 3810 5573">
     <span class='ocr_line' id='line_1_116' title="bbox 2181 5494 3810 5573; baseline -0.004 -12"><span class='ocrx_word' id='word_1_934' title='bbox 2181 5505 2242 5561; x_wconf 91' lang='lat' dir='ltr'>in</span> <span class='ocrx_word' id='word_1_935' title='bbox 2275 5507 2443 5563; x_wconf 90' lang='lat' dir='ltr'>nobis</span> <span class='ocrx_word' id='word_1_936' title='bbox 2473 5507 2850 5573; x_wconf 85' lang='lat' dir='ltr'>conﬁdentes,</span> <span class='ocrx_word' id='word_1_937' title='bbox 2875 5509 2977 5564; x_wconf 90' lang='lat' dir='ltr'>sed</span> <span class='ocrx_word' id='word_1_938' title='bbox 3001 5511 3200 5566; x_wconf 87' lang='lat' dir='ltr'>omnia</span> <span class='ocrx_word' id='word_1_939' title='bbox 3229 5527 3264 5566; x_wconf 88' lang='lat' dir='ltr'>a</span> <span class='ocrx_word' id='word_1_940' title='bbox 3293 5502 3697 5564; x_wconf 87' lang='lat' dir='ltr'>misericordia</span> <span class='ocrx_word' id='word_1_941' title='bbox 3727 5494 3810 5554; x_wconf 86' lang='lat' dir='ltr'>Dei</span> 
     </span>
    </p>
   </div>
   <div class='ocr_carea' id='block_1_117' title="bbox 2187 5588 3814 5667">
    <p class='ocr_par' dir='ltr' id='par_1_117' title="bbox 2187 5588 3814 5667">
     <span class='ocr_line' id='line_1_117' title="bbox 2187 5588 3814 5667; baseline -0.009 -14"><span class='ocrx_word' id='word_1_942' title='bbox 2187 5599 2509 5667; x_wconf 83' lang='lat' dir='ltr'>sperantes.</span> <span class='ocrx_word' id='word_1_943' title='bbox 2545 5613 2567 5636; x_wconf 77' lang='grc' dir='ltr'>α</span> <span class='ocrx_word' id='word_1_944' title='bbox 2595 5595 2664 5650; x_wconf 87' lang='lat' dir='ltr'>Et</span> <span class='ocrx_word' id='word_1_945' title='bbox 2694 5595 2819 5667; x_wconf 85' lang='lat' dir='ltr'>ipse</span> <span class='ocrx_word' id='word_1_946' title='bbox 2847 5597 2920 5652; x_wconf 88' lang='lat' dir='ltr'>ad</span> <span class='ocrx_word' id='word_1_947' title='bbox 2969 5596 3220 5654; x_wconf 90' lang='lat' dir='ltr'>nihilum</span> <span class='ocrx_word' id='word_1_948' title='bbox 3265 5597 3520 5653; x_wconf 89' lang='lat' dir='ltr'>deducet</span> <span class='ocrx_word' id='word_1_949' title='bbox 3565 5588 3814 5648; x_wconf 89' lang='lat' dir='ltr'>inimicos</span> 
     </span>
    </p>
   </div>
  </div>
