4018 6176
151 300 259 360 573

1319 297 1815 359 EXPLANATIO
1860 297 1936 359 IN
1981 297 2360 362 PSALMOS.

3425 312 3539 374 574

143 435 390 501 nostros,
423 453 452 483 »
484 429 544 486 id
575 435 683 500 est,
720 430 892 487 faciet
921 429 1192 488 inimicos
1221 433 1452 487 nostros
1482 429 1626 486 nihil
1658 448 1788 486 eon-
1817 433 1872 501 Α
1897 431 2150 504 populus
2181 433 2288 489 iste
2319 433 2401 491 ita
2430 434 2761 494 obstinatus
2790 438 2966 494 estin
3003 457 3095 498 me
3117 445 3540 516 persequendo,

135 525 224 576 tra
251 537 360 576 nos
391 521 692 593 proficere,
726 525 783 576 et
813 537 917 576 nos
950 537 1151 576 eorum
1178 521 1613 593 persecutiones
1643 519 1790 576 nihi-

135 608 454 682 lipendere.

617 732 690 788 ΙΝ
731 733 1079 790 PSALMUM
1121 733 1313 789 CVIII.

432 849 709 905 Trruws.
743 849 999 921 In-ﬁnem
1025 851 1270 922 psalmus
1299 851 1490 906 David.

205 991 227 1022 ι
260 973 442 1042 Deus,
474 972 709 1028 laudem
741 989 954 1029 meam.
987 996 1016 1024 ››
1051 974 1321 1031 Psalmus
1360 973 1471 1030 iste
1521 971 1787 1028 convenit

131 1061 330 1128 David,
352 1062 414 1116 id
443 1065 553 1130 est,
568 1061 800 1117 Christo
828 1078 840 1116 :
865 1061 1090 1118 habens
1120 1061 1425 1117 materiam
1449 1061 1784 1134 passionem

129 1168 317 1218 suam,
342 1151 418 1206 de
449 1168 568 1222 qua
593 1149 858 1222 loquitur
889 1167 902 1205 :
939 1149 1196 1222 dirigens
1227 1167 1333 1206 nos
1367 1173 1394 1200 «
1427 1149 1486 1205 in
1523 1150 1716 1218 tinem,
1755 1173 1777 1199 ι)

127 1239 186 1294 id
211 1241 324 1306 est,
359 1239 421 1294 in
453 1237 772 1294 Christum.
807 1239 1017 1295 Modus
1050 1255 1062 1294 :
1098 1239 1156 1294 in
1190 1239 1380 1311 prima
1425 1244 1587 1311 parte
1620 1239 1784 1311 ponit

127 1327 418 1384 malitiam
449 1327 1010 1400 Judmorum,ipsius
1029 1328 1193 1384 Juda:
1215 1327 1544 1401 specialiter
1567 1333 1624 1383 et
1647 1328 1779 1384 alio-

125 1433 275 1484 rum,
302 1435 483 1490 quam
515 1417 575 1472 in
606 1415 805 1490 ipsum
833 1417 1135 1473 Christum
1159 1417 1569 1472 exhibuerunt.
1595 1416 1658 1471 In
1691 1433 1779 1471 se-

125 1507 319 1562 cunda
351 1509 682 1579 parte,quze
713 1505 918 1578 incipit
947 1523 960 1561 :
988 1506 1335 1562 «Constitue
1365 1523 1543 1578 super
1573 1522 1730 1572 eum,
1752 1527 1778 1554 »

123 1594 285 1667 ponit
309 1593 755 1650 maledictiones
777 1593 1037 1667 triginta,
1055 1595 1209 1650 sicut
1229 1598 1285 1649 et
1307 1594 1593 1649 Dominus
1607 1594 1780 1650 Jesus

123 1683 366 1757 triginta
387 1681 648 1739 denariis
675 1682 948 1740 venditus
979 1682 1106 1738 fuit.
1137 1683 1200 1739 In
1235 1682 1404 1739 tertia
1435 1687 1617 1756 parte,
1650 1699 1778 1754 quae

1899 537 2003 576 nec
2033 538 2127 578 me
2168 521 2291 578 vult
2335 523 2548 581 habere
2596 530 2772 599 caput
2817 531 2876 582 et
2922 546 3118 602 regem
3175 549 3374 602 suum,
3407 549 3542 606 ergo

1901 631 1928 659 ‹‹
1960 611 2268 680 constitue,
2310 631 2332 660 ι
2366 629 2399 666 o
2445 613 2708 680 Domine,
2747 639 2766 664 α
2803 632 2980 687 super
3027 633 3162 673 eum
3200 641 3228 669 »
3259 621 3541 694 populum
3603 614 3610 618 ’

1899 719 1927 747 α
1959 705 2379 770 peceatorem,»
2412 699 2468 756 id
2502 708 2591 758 est
2613 703 3045 777 diabolum,qui
3080 706 3396 780 singularis
3417 728 3545 782 pec-

1895 790 2058 842 cator
2077 791 2182 854 est,
2199 793 2256 844 et
2285 793 2371 846 est
2394 807 2571 846 causa
2591 791 2771 847 totius
2792 793 3035 866 peccati.
3059 817 3086 844 ‹‹
3113 795 3299 868 Super
3327 813 3483 866 eum,
3514 821 3542 848 »

1895 879 1961 930 ut
1985 875 2320 932 dominetur
2347 877 2398 934 ei
2431 897 2444 934 :
2475 902 2501 927 ‹‹
2537 884 2595 934 et
2624 901 2652 930 »
2685 880 2830 952 ipse,
2867 903 2894 932 ‹‹
2926 881 3196 939 diabolus
3232 906 3259 933 »
3299 885 3539 954 scilicet,

1899 984 1927 1012 «
1960 968 2074 1019 stet
2103 983 2137 1020 a
2167 966 2386 1021 dextris
2418 969 2566 1039 ejus,
2601 990 2629 1018 »
2664 968 2720 1022 id
2767 973 2873 1037 est,
2904 987 3019 1025 non
3067 977 3310 1045 occupet
3353 974 3540 1030 solam

1893 1053 2510 1127 carnalitatem,quam
2543 1073 2644 1128 per
2675 1056 3113 1126 sinistram,sed
3143 1062 3318 1116 etiam
3351 1061 3540 1134 ipsam

1893 1140 2401 1215 rationem,quam
2449 1161 2552 1216 per
2597 1145 2894 1201 dexteram
2939 1147 3445 1221 designaturzita,
3481 1156 3546 1206 ut

1891 1246 2080 1302 neque
2108 1249 2208 1304 psr
2230 1233 2514 1287 rationem
2547 1233 2768 1306 aliquid
2801 1235 2934 1290 boni
2971 1241 3126 1307 agat,
3157 1237 3282 1304 Vel,
3317 1263 3345 1288 «
3371 1243 3486 1294 stet
3511 1257 3545 1294 a

1891 1317 2109 1372 dextris
2141 1321 2327 1390 ejus,»
2362 1319 2420 1376 id
2451 1325 2944 1394 est,quzecunquc
2963 1325 3318 1396 operabitur,
3343 1344 3549 1400 sugge-

1900 1411 2062 1462 rente
2096 1409 2348 1477 diabolo,
2374 1415 2538 1482 putet
2567 1413 2801 1468 dextera
2831 1418 2888 1468 et
2918 1414 3088 1470 bona.
3126 1419 3370 1474 Attende
3391 1421 3544 1490 quod

1895 1495 2016 1552 haec
2051 1497 2394 1570 imprecatio
2424 1518 2536 1556 non
2569 1505 2659 1556 est
2689 1518 2757 1556 ex
2803 1507 2934 1558 voto
2981 1503 3417 1574 malevolentia),
3445 1509 3546 1563 sed

1895 1586 2163 1642 Christus
2194 1589 2565 1644 consentiens
2595 1589 2802 1646 divina:
2825 1592 3092 1662 justitim,
3119 1595 3282 1664 ponit
3313 1596 3424 1650 sub
3456 1597 3549 1652 de-

1891 1677 2245 1748 precatione,
2281 1694 2408 1749 qua'
2431 1677 2584 1734 valet
2613 1683 2901 1752 quantum
2931 1686 2988 1736 et
3019 1683 3364 1752 enuntiatio,
3391 1687 3546 1757 quod

126 1771 374 1845 incipit:
405 1795 433 1822 α
461 1772 530 1828 Et
559 1771 924 1840 tu,Dominc,
949 1772 1037 1828 fac
1085 1789 1381 1838 meeum,»
1425 1771 1570 1844 petit
1609 1788 1775 1826 suam
1816 1805 1862 1868 Β
1891 1765 2052 1868 videt
2076 1764 2192 1866 illis
2225 1767 2511 1868 futurum.

119 1859 633 1934 gloriﬁcationem,
649 1859 1004 1916 interserens
1025 1859 1246 1933 aliquid
1261 1861 1330 1916 de
1356 1879 1464 1916 sua
1489 1859 1783 1933 passione,

121 1953 173 2004 et
192 1949 425 2022 aliquid
444 1949 516 2004 de
528 1953 972 2022 persecutorum
994 1947 1682 2005 maledictionedntentio
1697 1952 1786 2004 est

122 2043 344 2094 utcum
375 2037 684 2094 videamus
715 2039 846 2094 illos
867 2039 964 2111 qui
1001 2039 1298 2094 Christum
1317 2037 1606 2111 persecuti
1625 2041 1782 2102 sunt,

121 2126 198 2184 sic
226 2127 610 2195 maledictos,
637 2145 671 2183 a
691 2128 993 2199 justorum
1031 2127 1434 2199 persecutione
1466 2144 1782 2182 cessemus.

183 2218 255 2272 Et
287 2215 379 2272 sic
411 2215 674 2288 loquitur
702 2215 1002 2271 Christum
1034 2216 1102 2271 ad
1139 2217 1368 2271 Patrem
1394 2233 1406 2270 :
1435 2239 1460 2264 ‹‹
1488 2216 1531 2271 Ο
1563 2215 1780 2283 Deus,»

120 2305 448 2362 contrahoc
461 2305 616 2377 quod
636 2303 857 2360 inimici
881 2303 991 2359 mei
1011 2303 1489 2377 loquunturmihi
1515 2304 1784 2380 impi/e,tu

130 2415 152 2444 ε
184 2412 255 2450 ue
293 2392 808 2449 tacuerislaudem
840 2410 1052 2462 meam,
1077 2415 1104 2442 »
1131 2394 1232 2449 sed
1256 2393 1345 2448 fac
1376 2409 1468 2448 me
1489 2391 1783 2465 cognosci,

123 2487 177 2538 et
219 2481 464 2538 laudari
510 2499 613 2554 per
659 2485 851 2537 totum
901 2481 1231 2537 mundum:
1264 2481 1392 2537 ideo
1442 2481 1622 2538 facias
1651 2481 1784 2551 hoc,

124 2595 150 2620 ι(
172 2570 322 2644 quia
352 2587 422 2626 os
453 2570 794 2643 peccatoris,
829 2594 850 2622 ι
891 2570 947 2624 id
1002 2573 1110 2638 est,
1145 2568 1374 2625 Judaici
1427 2568 1649 2642 pepuli,
1682 2569 1784 2641 qui

125 2658 384 2733 populus
415 2663 686 2731 peccator
712 2663 801 2715 est
829 2659 889 2714 in
921 2658 1078 2732 turpi
1107 2658 1244 2727 vita,
1285 2680 1312 2708 ‹‹
1345 2660 1402 2714 et
1431 2675 1497 2714 os
1533 2656 1718 2713 dolosi
1757 2681 1782 2706 υ

122 2746 348 2821 populi,
385 2747 487 2820 qui
521 2745 718 2804 dolose
769 2747 1142 2804 machinatur
1189 2751 1438 2802 mortem
1488 2761 1702 2814 meam,
1727 2751 1786 2802 et

125 2829 261 2892 dicit
297 2835 471 2894 dolos
503 2836 658 2892 sicut
692 2853 704 2892 :
740 2861 767 2886 ‹‹
803 2837 1099 2910 Magister,
1125 2836 1224 2908 qui
1255 2840 1344 2890 est
1375 2835 1698 2891 maximum
1722 2834 1780 2889 in

122 2924 241 2999 lege
301 2925 694 2981 mandatum?
727 2925 928 2998 (Matth.
961 2928 1118 2993 xxu),
1151 2948 1170 2972 -
1227 2928 1284 2980 ct
1341 2923 1578 2992 similia,
1617 2948 1638 2973 (ι
1690 2927 1780 2979 est

125 3019 397 3088 apertum
431 3031 610 3086 super
638 3031 752 3081 me,
788 3038 816 3063 »
849 3014 906 3069 id
949 3017 1060 3083 est,
1091 3015 1163 3069 ad
1214 3030 1405 3069 meam
1455 3012 1780 3084 depressio-

125 3119 276 3159 nem.
317 3105 466 3158 Cum
497 3101 659 3158 dicit.
689 3125 716 3152 «
751 3106 1019 3174 apertum
1051 3105 1161 3170 est,
1195 3123 1223 3152 »
1258 3105 1420 3157 notat
1449 3119 1548 3158 eos
1595 3100 1782 3156 multa

125 3191 276 3247 mala
311 3189 543 3246 locutos
573 3195 778 3246 contra
806 3207 942 3246 eum
975 3190 1174 3246 fuisse.

189 3281 256 3334 Et
283 3279 405 3352 ipsi
431 3305 456 3328 ‹‹
485 3279 664 3335 locuti
685 3285 824 3335 sunt
845 3281 1152 3336 adversum
1176 3298 1268 3335 me
1290 3279 1492 3353 lingua
1514 3279 1782 3346 dolosa,»

128 3369 428 3424 dicentes:
456 3391 483 3416 ι(
507 3369 804 3441 Magister,
825 3369 1046 3424 scimus
1089 3364 1227 3440 quia
1258 3386 1429 3424 verax
1459 3386 1520 3423 es
1548 3391 1574 3417 »
1601 3369 1784 3440 (Marc.

128 3459 288 3528 xu),«
319 3461 378 3511 et
406 3479 434 3506 n
449 3457 690 3511 tandem
723 3457 782 3511 in
815 3457 1086 3530 passione
1111 3481 1137 3508 «
1161 3457 1674 3512 circumdederunt
1697 3475 1789 3512 me

128 3545 507 3602 sermonibus
538 3544 678 3610 odii,
705 3569 730 3594 »
763 3545 988 3601 scilicet
1017 3563 1163 3618 quos
1197 3546 1566 3618 proferebant
1587 3549 1791 3602 contra

128 3649 232 3702 me,
268 3650 394 3689 non
427 3637 668 3706 propter
699 3633 997 3700 meritum,
1031 3635 1131 3689 sed
1178 3638 1414 3706 propter
1443 3633 1668 3700 odium,
1701 3635 1787 3688 di-

129 3728 324 3779 centes
354 3722 511 3794 apud
549 3721 801 3777 Pilatum
835 3739 848 3777 :
882 3747 909 3772 «
936 3722 1242 3795 Cruciﬁge,
1276 3723 1551 3794 cruciﬁge
1590 3740 1724 3778 eum
1761 3747 1788 3772 ››

129 3811 272 3882 (Luc.
302 3813 472 3880 χχιιι)
497 3827 510 3866 :
534 3835 560 3860 α
589 3817 644 3866 et
675 3817 1152 3884 expugnaverunt
1183 3828 1330 3878 me,»
1367 3811 1792 3866 secundumdi-

128 3905 213 3956 cta
239 3917 454 3956 eorum
485 3903 842 3972 putaverunt
863 3900 1190 3955 convictum
1232 3901 1304 3955 de
1334 3903 1600 3966 rcatu,eo
1632 3901 1786 3972 quod

127 4005 329 4044 verum
382 3987 468 4044 eis
520 3987 806 4055 dixeram,
838 3986 1085 4043 dicendo
1118 4005 1211 4044 me
1258 4005 1388 4044 esse
1419 3987 1632 4043 Filium
1663 3987 1785 4043 Dei.

129 4075 219 4134 Vel
243 4101 272 4128 «
299 4080 787 4150 expugnaverunt
815 4093 910 4132 me
947 4099 972 4126 »
1007 4081 1296 4150 quantum
1341 4078 1413 4132 ad
1447 4077 1787 4132 exteriorem

129 4164 670 4230 hominem,dantes
693 4181 786 4220 me
807 4165 977 4220 morti
1000 4183 1012 4220 ε
1033 4169 1090 4220 et
1109 4165 1232 4221 haec
1252 4165 1452 4220 omnia
1476 4187 1502 4215 «
1529 4165 1732 4237 gratis,
1761 4187 1788 4213 »

131 4253 184 4310 id
213 4258 327 4320 est,
347 4253 477 4310 sine
507 4271 639 4310 meo
671 4254 902 4309 merito.
926 4253 1049 4321 Vel,
1077 4276 1104 4304 «
1135 4257 1632 4326 expugnaverunt,
1671 4277 1698 4302 »
1728 4253 1785 4309 id

129 4347 230 4410 est,
261 4345 790 4416 impugnaverunt,
821 4359 914 4398 me
963 4343 1313 4414 spernendo,
1346 4341 1784 4414 colaphizando.

193 4431 344 4488 Vere
366 4456 392 4481 α
429 4431 636 4506 gratis,
673 4454 700 4480 »
735 4417 878 4504 quia
928 4448 1030 4503 pro
1079 4431 1380 4487 beneﬁciis
1425 4431 1546 4486 haec
1591 4431 1790 4486 omnia

1966 1877 1992 1903 (ι
2015 1855 2156 1909 Cum
2167 1853 2526 1926 judicatur.»
2545 1855 2842 1912 Constitue
2865 1862 3310 1929 peccatorem,et
3330 1879 3396 1916 eo
3417 1878 3548 1916 eon-

1894 1941 2119 2010 stituto,
2142 1966 2168 1991 ‹‹
2201 1947 2363 1998 exeat
2397 1969 2417 1995 ι
2455 1961 2490 1999 a
2517 1947 3122 2017 consortiojustorum
3145 1973 3172 1997 ‹‹
3200 1950 3547 2006 condemna-

1893 2032 2010 2097 tus,
2037 2053 2064 2078 »
2096 2030 2179 2086 vel
2211 2031 2416 2098 Judas,
2433 2033 2518 2088 vel
2541 2034 2822 2089 Judaicus
2845 2035 3116 2107 populus,
3135 2059 3156 2086 α
3174 2039 3548 2110 cumjudica-

1895 2124 2009 2197 tur,
2041 2141 2068 2167 »
2093 2119 2149 2173 id
2181 2121 2755 2191 est,judicabitur,in
2807 2123 3002 2182 futuro
3034 2124 3299 2195 judicio:
3336 2127 3393 2181 in
3427 2145 3542 2199 quo

1885 2209 2112 2280 judicio
2143 2214 2365 2264 certum
2399 2215 2486 2265 est
2508 2212 2661 2282 quod
2683 2212 2868 2267 Judas
2890 2216 2946 2266 et
2965 2213 3094 2282 ejus
3115 2215 3487 2270 consentanei
3517 2233 3552 2271 a

1894 2302 2232 2353 sanctorum
2246 2299 2538 2354 consortio
2559 2301 3551 2375 sejungentur.Vel,cumjudicatur

1894 2386 2120 2441 occulto
2145 2387 2372 2459 judicio
2405 2388 2461 2442 in
2493 2388 2602 2444 hac
2631 2390 2768 2457 vita,
2796 2395 2960 2446 exeat
2993 2409 3027 2446 a
3055 2393 3346 2448 consortio
3377 2411 3548 2450 sanc-

1893 2479 2088 2530 torum
2121 2477 2568 2549 condemnatus,
2596 2477 2772 2533 veluti
2811 2479 2997 2535 Judos
3028 2481 3148 2552 qui,
3183 2481 3398 2538 tradito
3430 2483 3540 2538 Do-

1892 2563 2076 2631 mino,
2113 2565 2184 2619 ab
2217 2564 2612 2636 apostolorum
2647 2567 2922 2624 societate
2953 2569 3256 2640 sejunctus
3285 2575 3393 2626 est.
3428 2595 3456 2622 «
3482 2572 3552 2628 Et

1893 2652 2076 2708 oratio
2109 2653 2237 2724 ejus
2269 2655 2370 2708 ﬁat
2397 2653 2457 2709 in
2490 2660 2816 2728 peccatum.
2853 2679 2881 2705 »
2913 2657 3077 2713 Juda:
3109 2659 3294 2715 oratio
3325 2659 3384 2714 in
3412 2678 3546 2732 pee-

1891 2745 2087 2796 catum
2110 2741 2234 2810 fuit,
2257 2743 2492 2813 quando
2526 2743 2585 2798 in
2617 2743 3080 2815 desperationem
3111 2747 3348 2817 cecidit;
3371 2749 3549 2804 veluti

1891 2847 2024 2886 cum
2041 2830 2356 2886 Dominum
2380 2830 2608 2887 audiret
2628 2832 3184 2899 resurrexisse,dixit
3207 2853 3219 2890 :
3251 2859 3272 2885 (ι
3291 2836 3547 2903 Peccavi,

1890 2919 2053 2974 trade
2063 2920 2478 2990 ntsauguinem
2487 2921 2653 2990 justu
2666 2922 3111 2994 :n,»duetusque
3124 2923 3548 2996 desperatione,

1888 3005 2098 3078 laqueo
2122 3024 2182 3061 se
2202 3007 2528 3078 suspendit.
2549 3008 2742 3063 Potest
2763 3025 2994 3080 quoque
3015 3009 3408 3066 communiter
3435 3010 3549 3066 dici

1888 3097 2035 3152 etde
2062 3096 2392 3164 Juda,etde
2418 3095 2571 3152 malo
2597 3097 2808 3169 populo
2845 3097 2944 3153 illo
2979 3098 3338 3154 Judaaorum.
3369 3124 3390 3149 «ι
3425 3100 3552 3156 Fiat

1823 3172 1866 3238 C
1902 3185 2086 3242 oratio
2116 3186 2244 3256 ejus
2267 3185 2326 3239 in
2357 3190 2721 3258 peccatum,»
2753 3187 2810 3240 id
2841 3188 3036 3253 est,ad
3066 3190 3346 3243 aeternum
3371 3188 3548 3245 inter-

1896 3273 2075 3341 itum;
2103 3274 2262 3346 quia,
2289 3273 2441 3329 sicut
2465 3273 2609 3329 dicit
2638 3275 3223 3347 Augustinus,oratio
3260 3295 3387 3350 qua:
3415 3294 3550 3333 eum

1897 3362 2124 3418 Christo
2157 3364 2241 3430 ﬁt,
2269 3363 2341 3417 ad
2373 3362 2622 3418 salutem
2669 3367 2759 3419 est
2792 3381 2804 3419 :
2841 3382 2968 3436 qua:
2999 3365 3124 3419 sine
3155 3364 3384 3422 Christo
3431 3370 3538 3434 est,

1897 3452 1968 3507 ad
2001 3452 2770 3508 damnationem.Similiter
2817 3457 2873 3508 et
2905 3457 3109 3509 nostra
3147 3455 3332 3510 oratio
3383 3456 3448 3510 ﬁt
3495 3455 3555 3510 in

1899 3540 2226 3613 peccatis,si
2249 3541 2530 3598 habentes
2548 3559 2685 3614 erga
2706 3541 3037 3614 proximum
3057 3543 3254 3597 odium
3271 3543 3356 3599 vel
3375 3543 3547 3610 iram,

1897 3629 1980 3685 vel
2015 3629 2158 3684 alias
2191 3629 2537 3702 iujustitias,
2567 3631 2833 3684 dicamus
2867 3647 2879 3684 :
2906 3653 2930 3679 ‹‹
2965 3630 3204 3686 Dimitte
3249 3631 3416 3686 nobis
3448 3633 3543 3687 de-

1897 3718 2020 3773 bita
2042 3722 2262 3783 nostra,
2286 3717 2438 3773 sicut
2467 3723 2524 3774 et
2555 3736 2660 3773 nos
2691 3717 3046 3772 dimittimus
3068 3717 3431 3774 debitoribus
3457 3737 3553 3774 no-

1899 3808 2057 3862 stris.
2079 3831 2098 3854 n
2135 3807 2426 3862 Debemus
2456 3812 2649 3861 autem
2682 3805 2888 3860 saltem
2925 3808 3120 3860 nostro
3155 3805 3316 3860 fratri
3348 3807 3550 3862 odium

1897 3895 1983 3950 vel
2010 3897 2249 3965 iram,et
2269 3895 2407 3950 talia
2427 3913 2554 3966 quae
2587 3913 2701 3950 non
2725 3899 2862 3948 sunt
2883 3892 3546 3967 exigenda,condonare,

1899 3989 1964 4040 ut
1994 3984 2177 4040 oratio
2209 3988 2407 4039 nostra
2427 3984 2544 4038 Deo
2583 3981 2958 4055 acceptabilis
2993 3981 3257 4052 sit,sieut
3281 3983 3342 4038 in
3373 3985 3551 4040 Evan-

1897 4072 2045 4145 gelio
2079 4073 2328 4128 dicitur:
2359 4096 2384 4123 ‹‹
2409 4071 2553 4126 Cum
2575 4073 2747 4128 offers
2771 4089 2988 4127 munus
3008 4076 3179 4127 tuum
3201 4075 3333 4128 ante
3346 4072 3550 4140 altare,

1897 4163 1946 4218 si
1979 4163 2316 4218 recordatus
2348 4161 2528 4216 fueris
2559 4161 2698 4232 quia
2729 4161 2906 4216 frater
2949 4164 3090 4216 tuus
3119 4160 3296 4216 habet
3327 4160 3550 4234 aliquid

1887 4252 2050 4322 juste
2083 4250 2330 4323 querelae
2353 4251 2661 4305 adversum
2694 4253 2768 4318 te,
2793 4249 3021 4305 dimitte
3050 4267 3270 4305 munus
3302 4253 3555 4317 tuum,et

1897 4341 2038 4396 vade
2072 4338 2234 4412 prius
2283 4337 2641 4394 reconciliari
2692 4339 2856 4393 fratri
2889 4342 3010 4407 tuo,
3035 4341 3144 4393 etc.
3171 4361 3193 4389 ι
3223 4338 3424 4410 (Matth.
3450 4345 3547 4408 γι).

1899 4428 2060 4484 Licet
2089 4431 2288 4483 autam
2325 4427 2493 4482 nobis
2515 4427 2956 4500 qumdamjuste
2988 4429 3551 4498 repetere,quamvis

133 4519 271 4576 mihi
305 4520 631 4576 faciebant:
665 4524 724 4576 et
754 4519 862 4576 hoc
893 4525 984 4576 est
1012 4537 1026 4575 :
1063 4520 1496 4576 «detrahebant
1517 4519 1660 4576 mihi
1685 4538 1788 4592 pro
1820 4539 1866 4602 Ι)
1899 4516 2110 4572 melius
2155 4522 2310 4572 esset
2357 4515 2554 4572 omnia
2600 4517 2956 4583 condonare;
2990 4515 3146 4570 unde
3182 4515 3498 4587 Apostolus
3532 4535 3545 4572 :

131 4625 194 4664 eo
223 4614 288 4665 ut
318 4626 416 4665 me
444 4609 778 4682 diligerent,
815 4631 837 4659 ι
874 4609 932 4663 id
967 4613 1076 4675 est,
1111 4626 1214 4682 pro
1245 4625 1312 4665 eo
1355 4610 1506 4664 facto
1537 4627 1640 4681 pro
1673 4627 1786 4682 quo

133 4714 218 4752 me
247 4698 498 4772 diligere
519 4699 819 4754 deberent.
853 4699 922 4754 Et
949 4699 1125 4754 etiam
1153 4722 1179 4747 ‹‹
1215 4703 1538 4770 posuerunt
1584 4700 1782 4753 adver-

134 4803 260 4842 sum
290 4805 386 4843 me
420 4785 578 4843 mala
609 4804 711 4858 pro
741 4787 934 4855 bonis,
973 4811 997 4834 υ
1031 4786 1087 4841 id
1119 4792 1228 4856 est,
1264 4788 1319 4842 in
1352 4787 1478 4860 ipso
1529 4788 1680 4842 facto
1727 4787 1784 4841 iu

133 4890 240 4945 quo
270 4875 616 4948 quazrebant
646 4873 790 4930 mihi
815 4878 1083 4944 mortem,
1119 4875 1174 4929 id
1207 4881 1465 4940 est,cum
1487 4892 1592 4945 ego
1624 4892 1783 4946 qua:-

135 4979 312 5020 rerem
344 4981 554 5020 eorum
585 4963 836 5022 salutem
872 4981 884 5019 :
923 4985 951 5014 ‹‹
980 4967 1038 5018 et
1083 4964 1283 5019 odium
1334 4981 1436 5036 pro
1475 4962 1785 5020 dilectione

137 5067 281 5119 mea,
304 5071 414 5126 ego
444 5058 645 5110 autem
675 5053 914 5108 orabam
949 5074 978 5103 ί(
1009 5071 1112 5124 pro
1145 5053 1250 5108 eis.
1285 5051 1568 5108 Ultimum
1599 5070 1786 5125 genus

138 5141 366 5196 malitia:
399 5145 567 5197 notat
596 5137 660 5195 in
691 5141 796 5196 eis.
831 5139 1050 5196 Malum
1085 5158 1338 5212 namque
1368 5145 1457 5196 est
1486 5159 1588 5212 pro
1623 5140 1790 5196 bonis

135 5226 286 5285 bona
321 5248 438 5284 non
485 5229 758 5296 reddere;
792 5230 1099 5302 pejus,pro
1131 5227 1302 5284 malis
1335 5228 1490 5283 mala
1519 5230 1786 5298 reddere;

137 5317 480 5388 pessimum,
500 5335 608 5391 pro
639 5317 809 5374 bonis
842 5317 998 5373 mala
1026 5319 1286 5374 reddere.
1307 5319 1347 5373 E
1380 5319 1672 5374 contrario
1695 5337 1790 5391 po-

133 5405 216 5460 nit
239 5406 305 5462 in
332 5407 569 5463 Christo
600 5405 890 5478 optimum
920 5423 1106 5480 genus
1136 5405 1437 5472 bonitatis,
1461 5405 1560 5476 qui
1595 5423 1700 5478 pro
1727 5424 1788 5462 se

133 5494 616 5566 persequentium
647 5493 838 5550 salute
868 5495 1091 5550 orabat.

205 5606 230 5630 ι
263 5583 592 5640 Constitue.
628 5607 654 5631 ››
687 5583 825 5639 Pars
871 5584 1146 5640 secunda.
1197 5584 1264 5638 Et
1313 5583 1785 5656 quandoquidem

1902 4629 1924 4656 ι
1956 4607 2168 4662 Omnia
2196 4606 2340 4661 mihi
2372 4605 2568 4672 licent,
2602 4605 2704 4660 sed
2735 4621 2852 4659 non
2899 4603 3099 4659 omnia
3151 4605 3484 4677 expediunt.
3522 4629 3542 4655 ιο

1894 4696 1945 4765 (1
1971 4695 2092 4752 Cor.
2122 4713 2177 4751 v1
2209 4700 2266 4750 et
2296 4700 2376 4764 χ.)

1966 4809 1992 4833 ‹‹
2021 4783 2190 4839 Fiant
2211 4783 2334 4840 dies
2355 4785 2482 4855 ejus
2505 4784 2730 4856 pauci,»
2759 4783 2814 4837 id
2846 4782 3173 4854 cst,paucis
3195 4783 3406 4840 diebus
3432 4803 3550 4840 ma-

1895 4879 2031 4929 neat
2051 4874 2204 4929 inter
2223 4873 2547 4946 apostolos;
2583 4895 2609 4921 ‹‹
2641 4877 2697 4928 et
2718 4873 3118 4944 episcopatum
3151 4874 3279 4944 ejus
3301 4875 3549 4946 accipiat

1897 4961 2063 5028 alter,
2099 4985 2126 5010 ››
2162 4963 2215 5016 id
2247 4966 2357 5030 est,
2381 4960 2796 5034 apostolatum,
2836 4959 3059 5016 scilicet
3099 4961 3395 5016 Matthias.
3429 4962 3546 5016 lIoe

1895 5051 2226 5123 specialiter
2253 5051 2324 5105 de
2345 5049 2500 5106 Juda
2529 5050 2849 5115 dicitur,de
2881 5067 2994 5120 quo
3027 5054 3083 5106 et
3109 5051 3314 5105 beatus
3342 5050 3544 5106 Petrus

1899 5141 1956 5196 in
1989 5141 2230 5196 Actibus
2261 5140 2658 5213 apostolorum
2690 5139 2845 5194 hunc
2875 5155 3106 5194 versum
3137 5137 3422 5207 exposuit,
3455 5137 3542 5193 di-

1897 5247 2036 5284 cens
2067 5245 2079 5284 :
2115 5227 2508 5300 Suppleamus
2565 5225 2757 5282 locum
2819 5225 3026 5296 ipsius,
3077 5223 3230 5278 sicut
3273 5223 3546 5296 pl'zecepit

1898 5317 2152 5389 Spiritus
2182 5321 2440 5382 sanctus,
2457 5333 2589 5370 cum
2614 5314 2790 5370 dicit:
2827 5311 3239 5384 Episcopatum
3258 5313 3385 5384 ejus
3402 5310 3546 5368 acci-

1898 5407 2021 5478 piat
2050 5407 2195 5461 alter
2225 5406 2357 5472 (Act.
2389 5405 2446 5476 ι).

1971 5517 1998 5545 α
2033 5495 2199 5550 Fiant
2229 5492 2332 5548 lilii
2359 5493 2550 5564 ejus,»
2579 5491 2765 5556 Judaa,
2785 5491 2875 5547 vel
2922 5489 3119 5563 populi
3169 5489 3356 5546 Judaei
3389 5514 3417 5540 «
3450 5508 3542 5546 or-

1897 5585 2095 5656 phani,
2116 5605 2142 5632 »
2178 5587 2336 5654 patre
2369 5579 2709 5648 carnali,vel
2735 5579 2848 5634 Deo
2880 5583 3042 5653 patre
3067 5578 3361 5652 spirituali
3387 5596 3400 5635 :
3428 5603 3455 5628 »
3487 5585 3542 5637 et
