4060 6180
385 339 462 401 57
468 338 505 400 5

773 335 1180 397 HAYMONIS
1215 332 1764 395 HALBERSTAT.
1800 327 2041 391 EPlSC.
2079 328 2254 389 OPP.
2292 331 2520 393 PARS.
2554 331 2603 392 Ι.
2635 365 2713 376 -—
2742 281 3147 393 CDMMENT.
3180 330 3380 393 BlBL.

3681 331 3794 391 576

381 489 526 530 uxor
573 471 722 544 ejus,
751 491 772 520 ιι
809 469 995 535 ιῐιιάω,
1025 466 1114 522 vel
1167 465 1346 522 totius
1397 463 1595 538 populi
1645 464 2025 532 Judmorum;
2058 460 2114 527 Α
2141 463 2426 536 accipitur
2447 463 2544 520 hic
2574 463 2827 538 speciale
2859 463 3004 522 illud
3047 468 3375 538 peccatum,
3408 465 3480 521 de
3527 481 3791 539 persecu-

385 574 421 614 «'
443 562 638 628 vidua,
677 582 703 609 »
733 559 820 614 vel
856 555 1084 613 maritis
1119 554 1476 623 carnalibus,
1509 553 1596 610 vel
1631 554 1756 626 ipso
1781 555 1896 610 Deo
1918 571 2042 608 ma-

384 651 492 707 rito
524 647 813 722 spirituali
845 649 902 703 et
931 663 1066 700 vero
1101 643 1490 700 eousolatore.
1516 643 1674 700 Licet
1700 643 1756 698 in
1791 645 2044 718 Evange-

382 738 458 794 lio
491 755 602 793 non
635 737 883 808 legatur,
917 739 1114 790 tamen
1150 733 1444 790 credimus
1469 735 1501 789 J
1511 734 1683 788 udam
1717 750 1953 790 uxorem
1985 737 2042 789 et

386 826 538 881 ﬁlios
571 825 872 880 habuisse.

453 915 692 986 Propter
712 913 835 968 haec
858 911 1018 967 mala
1051 933 1078 960 «
1103 911 1533 966 transferantur
1556 910 1690 966 {iliis
1708 912 1856 983 ejus,
1882 935 1910 962 »
1935 911 2040 968 sci-

379 1001 734 1069 licet,Judze,
759 1001 848 1056 vel
883 999 1280 1055 communiter
1311 999 1490 1055 totius
1526 1000 1744 1072 populi.
1769 1002 1838 1056 de
1863 1019 2039 1074 regno

381 1110 518 1161 suo;
555 1113 583 1141 «
614 1095 894 1146 nutantes
918 1113 943 1138 »
963 1089 1268 1144 instabiles
1289 1094 1346 1144 et
1367 1089 1516 1162 vagi,
1537 1087 1820 1156 videlicet,
1846 1095 2038 1146 trans-

380 1181 503 1248 lati,
527 1180 750 1236 nullius
781 1181 946 1234 terraz
971 1177 1297 1232 dominium
1321 1179 1654 1248 obtineant;
1681 1204 1707 1229 «
1733 1185 1790 1234 et
1816 1181 2039 1235 mendi-

380 1273 530 1338 cent,
559 1292 586 1317 »
618 1269 672 1323 id
707 1271 818 1334 est,
853 1267 1067 1322 deserti
1099 1284 1133 1322 a
1163 1268 1300 1334 Deo,
1327 1267 1628 1339 indigeant
1656 1269 1834 1323 etiam
1881 1273 2037 1324 exte-

381 1359 640 1414 rioribus
673 1375 686 1412 :
728 1379 748 1407 α
778 1357 1216 1412 transferuntur
1247 1379 1274 1407 »
1306 1356 1574 1422 dico,nec
1606 1357 1714 1412 hoc
1740 1357 1926 1429 famae,
1949 1359 2038 1414 vel
2073 1427 2078 1434 _

378 1446 716 1514 voluntarii,
749 1446 850 1501 sed
883 1443 935 1500 vi
970 1445 1352 1515 expelluntur.
1387 1446 1504 1500 Hoc
1536 1449 1625 1500 est
1655 1446 1808 1518 quod
1843 1447 1988 1502 dicit
2019 1465 2032 1504 :

379 1559 408 1585 ‹‹
442 1535 768 1607 Ejieiantur
797 1537 868 1589 de
900 1533 1365 1590 habitationibus
1397 1534 1573 1602 suis,»
1603 1535 1758 1591 sicut
1787 1536 2037 1610 comple-

377 1628 505 1680 tum
537 1627 627 1680 est
655 1639 760 1695 per
791 1622 986 1678 Titum
1021 1628 1078 1678 et
1104 1623 1556 1695 Vespasianum.

453 1735 480 1762 ‹‹
514 1714 822 1768 Scrutetur
839 1711 1018 1768 etiam
1055 1712 1364 1779 fenerator,
1381 1735 1408 1761 »
1429 1713 1486 1767 id
1511 1715 1618 1781 est,
1639 1714 2037 1788 diabolus,qui

2151 553 2308 609 tione
2326 554 2624 626 justorum
2647 573 2660 623 ;
2687 554 2840 610 unde
2863 557 2920 610 et
2940 553 3078 610 alibi
3100 553 3315 608 dicitur
3346 569 3359 608 ε
3393 553 3601 610 Veniat
3622 570 3798 627 super

2150 659 2252 698 vos
2282 643 2476 700 omnis
2509 643 2750 717 sanguis
2769 643 2976 714 justus
3007 642 3108 714 qui
3140 643 3362 698 effusus
3383 647 3473 698 est
3501 659 3677 715 super
3697 648 3801 698 ter-

2152 749 2350 802 ram,a
2379 732 2667 804 sanguine
2723 731 2864 788 Abel
2905 731 3286 804 justi,usque
3330 731 3402 787 ad
3453 731 3801 806 sanguinem

2148 820 2438 876 Zachariae
2473 819 2579 875 ﬁlii
2611 819 2904 876 Barachia:
2934 819 3142 889 (Matth.
3174 820 3358 892 XXIII).

2221 931 2250 958 «
2284 909 2592 964 Peccatum
2645 909 2853 964 matris
2907 925 3023 963 non
3062 908 3344 980 deleatur,
3380 931 3408 958 »
3441 910 3544 965 sed
3602 909 3802 981 potius

2150 1021 2178 1046 ‹‹
2211 998 2355 1052 ﬁant
2385 1001 2586 1053 contra
2617 997 2932 1054 Dominum
2965 1014 3214 1070 semper,
3252 1020 3274 1046 ε
3311 997 3534 1054 scilicet
3557 1001 3621 1054 ut
3649 999 3801 1054 sicut

2147 1085 2205 1141 in
2239 1087 2347 1142 hac
2364 1087 2483 1142 vita
2499 1091 2638 1143 sunt
2656 1086 2930 1143 contrarii
2959 1085 3204 1142 Domino
3229 1103 3331 1159 per
3351 1085 3799 1144 similitudinem

2146 1175 2397 1242 vitae,ita
2425 1175 2483 1230 in
2515 1175 2632 1232 alia
2657 1177 2778 1231 vita
2804 1179 2977 1231 erunt
3004 1177 3311 1244 contrarii;
3337 1176 3570 1248 quando
3602 1177 3800 1234 Domi-

2147 1281 2259 1319 nus
2289 1264 2348 1318 in
2379 1263 2565 1337 gloria
2594 1265 2852 1336 quiescet
2881 1281 3015 1319 cum
3048 1264 3192 1332 suis,
3212 1264 3327 1338 ipsi
3369 1266 3804 1338 torquebantur

2147 1353 2376 1409 aeternis
2407 1353 2734 1426 suppliciis.
2765 1373 2786 1401 ι
2821 1355 2892 1410 Et
2921 1354 3226 1426 despereat
3254 1355 3327 1410 de
3376 1357 3532 1410 terra
3551 1376 3580 1406 »
3611 1355 3804 1411 viven-

2146 1443 2295 1498 tium
2333 1463 2360 1492 ‹‹
2384 1441 2668 1498 memoria
2687 1458 2950 1511 eorum,»
2975 1441 3200 1499 scilicet
3220 1443 3376 1516 quod
3400 1441 3601 1500 nul-lus
3613 1444 3807 1516 justo-

2146 1548 2276 1587 rum
2310 1531 2509 1604 aliqua
2533 1531 2632 1603 pia
2661 1531 2966 1588 alTectione
2995 1535 3298 1588 moveatur
3317 1549 3498 1606 super
3515 1549 3635 1589 eos.
3669 1533 3804 1589 Haec

2145 1638 2246 1677 oro
2273 1621 2358 1676 eis
2387 1642 2416 1672 «
2446 1638 2548 1693 pro
2580 1637 2646 1677 eo
2680 1643 2707 1671 »
2741 1621 2912 1690 facto,
2945 1644 2974 1672 «
3009 1621 3172 1694 quod
3199 1639 3313 1678 non
3365 1625 3456 1678 est
3485 1643 3514 1672 »
3544 1622 3804 1695 populus

2146 1709 2242 1764 ille
2273 1733 2301 1760 «
2337 1711 2676 1766 recordatus
2707 1711 2896 1766 facere
2927 1709 3463 1777 misericordiam,»
3502 1709 3566 1766 id‘
3589 1709 3800 1767 estali-

380 1801 596 1858 dicitur
626 1802 917 1857 fenerator
947 1800 1086 1872 quia
1113 1801 1258 1856 vitia
1305 1803 1623 1859 commissa
1667 1803 1839 1860 alicui
1884 1805 2033 1860 mul-
2065 1832 2112 1897 Β
2146 1798 2287 1871 quid
2323 1816 2427 1872 pro
2459 1816 2574 1870 quo
2605 1799 2842 1855 deberet
2868 1798 3331 1858 misericordiam
3378 1798 3657 1856 invenire.
3690 1800 3802 1856 Re-

377 1891 639 1964 tiplicata
672 1889 933 1962 requirit,
967 1890 1108 1962 quia
1151 1890 1208 1946 in
1243 1890 1388 1962 ipsis
1436 1892 1612 1948 etiam
1658 1893 2034 1966 multiplicari

378 1979 534 2047 facit,
562 1984 619 2035 et
647 1996 752 2051 pro
780 1979 923 2050 ipsis
955 1996 1156 2050 pmnas
1177 1979 1376 2048 solvit;
1405 2003 1432 2031 ‹‹
1457 1969 1708 2038 ὀῐῐιηοιη
1757 1984 2032 2040 substan-

377 2068 518 2124 tiam
533 2069 719 2138 ejus,»
733 2069 898 2124 Judm
915 2072 972 2124 et
991 2069 1237 2124 aliorum
1261 2070 2031 2127 JudmorumSubstantiam

375 2173 578 2212 eorum
609 2155 822 2228 accipit
850 2156 1158 2224 rationem,
1193 2175 1296 2230 per
1323 2176 1503 2230 quam
1549 2159 1660 2230 ipsi
1703 2161 1918 2216 debent
1947 2161 2030 2215 vi-

375 2261 526 2313 vere,
559 2249 617 2302 et
644 2245 704 2300 in
737 2245 906 2300 bonis
937 2246 1211 2318 operibus
1243 2249 1560 2303 sustentari
1588 2264 1600 2302 :
1628 2249 1780 2304 hanc
1810 2253 2032 2305 scruta-

375 2337 474 2390 tur
497 2333 788 2400 diabolus,
811 2335 1046 2406 quando
1077 2352 1112 2390 a
1140 2335 1291 2390 bono
1323 2353 1420 2391 eos
1453 2337 1716 2406 retrahit,
1752 2342 1810 2393 et
1850 2339 2026 2394 ratio-

376 2440 511 2480 nem
533 2439 735 2478 eorum
759 2422 818 2477 in
850 2440 1060 2496 pravos
1081 2441 1228 2479 usus
1265 2426 1569 2480 convertit.
1589 2425 1684 2480 Vel
1708 2450 1734 2476 «
1761 2428 2030 2484 substan-

374 2511 518 2568 tiam
550 2513 699 2583 ejus,
729 2535 758 2562 »
789 2511 1026 2578 diaboli,
1054 2512 1110 2567 id
1144 2515 1250 2577 est,
1277 2512 1586 2580 malitiam,
1610 2513 1668 2569 in
1703 2520 1896 2587 quaet
1928 2534 2030 2588 per

379 2617 556 2673 quam
591 2599 717 2674 ipse
749 2599 1036 2655 subsistit.
1070 2623 1090 2650 α
1115 2601 1480 2668 Scrutetur,»
1515 2601 1571 2657 id
1599 2603 2028 2676 est,diligenter

371 2689 731 2762 inquirat,ut
751 2707 854 2762 pro
878 2688 1129 2760 singulis
1160 2690 1402 2745 malitiis
1432 2708 1580 2763 quas
1619 2698 2022 2762 exercuerunt,

374 2779 579 2836 reddat
602 2778 686 2834 eis
717 2777 986 2834 diabolus
1015 2778 1371 2852 multiplices
1401 2797 1622 2851 poenas.
1668 2803 1696 2831 «
1737 2781 1806 2836 Et
1849 2781 2020 2838 alieni

373 2867 652 2940 diripiant
679 2867 910 2924 labores
939 2868 1140 2939 ejus,»
1173 2868 1326 2924 sicut
1347 2869 1590 2926 Romani
1623 2870 1680 2926 in
1710 2871 2024 2944 possessio-

372 2957 548 3012 nibus
579 2973 780 3012 eorum
803 2956 1310 3014 baereditaverunt.
1332 2958 1456 3027 Vel,
1492 2983 1520 3009 «
1543 2959 1737 3027 alieni,
1759 2980 1786 3012 ιι
1823 2959 1879 3014 id
1911 2965 2021 3030 est,

369 3045 926 3119 gentiles,diripiant
945 3045 1174 3102 labores
1199 3047 1417 3119 ejus,id
1443 3049 1751 3121 est,legem
1765 3049 2016 3117 Domini,

370 3134 430 3190 in
463 3151 582 3206 qua
613 3134 774 3207 prius
804 3135 988 3191 Judaei
1021 3135 1448 3192 laboraverunt.

440 3223 510 3278 Et
540 3239 674 3278 cum
706 3223 802 3279 his
833 3224 1024 3279 modis
1057 3228 1391 3280 conteratur
1422 3225 1675 3296 populus
1706 3225 1823 3293 iile,
1850 3250 1878 3276 «
1904 3245 2015 3282 non
2050 3201 2093 3267 Ο
2135 3241 2163 3270 ‹‹
2193 3225 2615 3292 compunctum
2643 3245 2662 3270 υ
2692 3221 2923 3294 proprie
2945 3220 3326 3294 accipiamus,
3348 3219 3571 3278 scilicet
3590 3221 3806 3280 dolen-
3910 3227 3930 3242 ⁶

383 3310 461 3367 sit
489 3310 571 3366 illi
600 3312 853 3382 adjutor,
881 3335 908 3361 »
941 3311 998 3366 id
1031 3315 1138 3378 est,
1173 3329 1286 3366 non
1312 3312 1390 3366 sit
1419 3313 1634 3384 aliquis
1651 3313 1902 3385 pepulus
1922 3315 2020 3388 qui

369 3400 637 3474 insurgat
667 3401 737 3455 ad
771 3400 1167 3455 defensionem
1200 3401 1330 3469 ejus
1363 3417 1376 3455 :
1410 3399 1497 3454 vel
1551 3401 1676 3472 ipse
1717 3407 1888 3474 Deus,
1920 3405 2021 3476 qui

368 3488 616 3545 aliorum
646 3487 900 3544 miseriis
932 3486 1144 3540 moveri
1179 3487 1327 3541 solet
1379 3491 1436 3542 et
1485 3489 1782 3560 adjuvare,
1807 3509 1918 3546 non
1945 3492 2024 3547 sit

369 3578 602 3649 adjutor
626 3575 706 3632 illi
744 3573 978 3648 populo,
1009 3591 1115 3629 nec
1145 3575 1321 3629 etiam
1367 3575 1504 3630 ﬁliis
1535 3593 1758 3633 eorum.
1795 3581 1865 3634 Et
1912 3580 2022 3635 hoc

367 3665 510 3722 dicit
543 3684 554 3720 :
594 3689 614 3710 σε
651 3681 765 3718 non
795 3661 1001 3734 sitqui
1026 3661 1376 3718 misereatur
1404 3664 1645 3736 pupillis
1673 3667 1822 3738 ejus.
1851 3690 1878 3717 ››

444 3777 464 3804 α
497 3754 618 3808 Non
650 3749 847 3823 sitqui
881 3749 1293 3821 misereatur,»
1325 3753 1426 3808 sed
1451 3754 1647 3826 potius
1670 3778 1696 3804 ‹‹
1725 3755 1870 3810 ﬁant
1901 3757 2016 3811 nati

367 3844 497 3916 ejus
522 3864 548 3889 »
576 3837 774 3912 populi
791 3839 1226 3908 «inintcritum,
1243 3863 1270 3891 »
1296 3841 1352 3897 id
1376 3843 2020 3910 est,morianturmorte

367 3927 696 4001 temporali.
733 3953 760 3978 «
795 3929 858 3984 In
889 3929 1264 4004 generatione
1313 3948 1432 3986 una
1489 3931 1751 3988 deleatur
1806 3951 2020 3990 nomen

367 4019 516 4090 ejus,
552 4040 579 4066 »
609 4016 666 4072 id
699 4022 808 4089 est,
843 4035 958 4074 non
1003 4018 1258 4075 habeant
1303 4021 1800 4093 regenerationem
1842 4041 2018 4096 quam

367 4106 588 4162 habent
609 4105 922 4162 Christiani
941 4123 1010 4162 ex
1025 4108 1184 4162 unda
1199 4109 1608 4180 baptismi,sed
1633 4128 1810 4166 unam
1834 4111 2019 4168 solam

369 4192 800 4268 generationem
812 4193 1055 4260 ,scilicet
1067 4195 1567 4268 carnalem,quam
1581 4198 1915 4272 quicunque
1933 4217 2019 4256 so-

367 4281 485 4338 lam
508 4282 746 4352 habent,
766 4285 992 4338 aeterna;
1020 4282 1226 4358 patriis
1259 4283 1615 4340 habitatores
1659 4303 1773 4342 non
1805 4292 2015 4344 erunt:

369 4372 572 4427 eadem
592 4371 886 4427 sententia
903 4374 1096 4443 potest
1114 4370 1337 4439 haberi,
1353 4371 1401 4428 si
1421 4372 1492 4427 de
1515 4373 1548 4428 J
1554 4374 1670 4428 uda
1691 4375 2022 4446 specialiter

371 4458 634 4516 dicatur:
659 4459 746 4516 vel
771 4459 894 4515 haec
923 4458 1059 4526 alia,
1086 4482 1114 4510 «
1137 4459 1194 4514 in
1227 4459 1600 4532 generatione
1622 4479 1738 4518 una
1759 4463 2022 4520 deleatur

2147 1888 2424 1943 cordatus
2447 1888 2576 1943 ideo
2609 1887 2927 1960 dicit,quia
2955 1887 3066 1944 etsi
3098 1887 3264 1960 prius
3295 1905 3410 1944 non
3443 1887 3678 1944 fecisset
3696 1889 3806 1965 mi-

2145 1975 2398 2032 sericord
2407 1975 2545 2042 iam,
2563 1979 2761 2048 posset
2781 1981 2978 2031 tamen
3001 1981 3204 2048 postea
3233 1975 3570 2050 resipuisse,
3602 1981 3662 2033 et
3688 1976 3795 2051 mi-

2144 2060 2461 2120 sericordia
2489 2063 2830 2121 fecisse.Vel
2864 2065 2994 2121 ideo
3016 2065 3158 2120 dicit
3189 2087 3216 2117 ‹‹
3239 2066 3629 2134 recordatus,»
3659 2067 3802 2139 quia

2143 2153 2191 2208 si
2223 2153 2322 2208 alii
2347 2153 2622 2210 fecissent
2651 2153 2806 2209 mala
2825 2153 3204 2226 Christo,ipsi
3227 2155 3505 2211 deberent
3533 2155 3803 2213 defende-

2142 2243 2310 2309 re,de
2341 2259 2592 2314 quorum
2623 2242 2899 2316 progenie
2929 2243 3053 2316 ipse
3074 2246 3218 2312 erat,
3232 2246 3290 2300 et
3315 2261 3462 2316 quos
3489 2243 3800 2316 praesentia

2139 2349 2248 2388 sua
2277 2332 2402 2404 ipse
2427 2331 2791 2388 visitaverat.

2212 2443 2240 2472 «
2270 2421 2394 2475 Non
2425 2424 2514 2476 est
2545 2421 2886 2478 recordatus
2915 2422 3104 2478 facere
3135 2421 3660 2490 misericordiam,»
3686 2425 3785 2480 sed

2138 2511 2332 2582 potius
2349 2513 2822 2581 «persecutusest
2834 2510 3132 2567 hominem
3149 2509 3503 2584 inopem,:id
3516 2511 3802 2579 est,nulla

2135 2597 2442 2671 temporali
2494 2597 2662 2670 copia
2709 2599 3136 2667 abundantem,
3163 2621 3195 2652 α
3225 2604 3284 2656 et
3313 2620 3346 2653 ι
3377 2616 3470 2656 me
3500 2622 3527 2650 ‹‹
3563 2601 3795 2658 mendi-

2135 2705 2292 2756 cum,
2326 2707 2353 2739 »
2381 2687 2440 2743 id
2491 2692 2600 2755 est,
2624 2688 2862 2744 aliunde
2909 2689 3242 2746 necessaria
3284 2692 3602 2761 petentem,
3635 2691 3799 2749 sicut

2134 2777 2259 2849 ipse
2271 2793 2486 2850 aquam
2501 2777 2854 2832 mendicavit
2874 2795 2909 2832 a
2929 2777 3176 2834 muliere
3205 2777 3576 2834 Samaritana
3605 2779 3799 2848 (Joan.

2133 2869 2250 2934 Iv):
2285 2889 2306 2915 α
2341 2869 2399 2921 et
2430 2889 2452 2918 ι
2489 2882 2584 2922 me
2619 2889 2640 2914 ι
2675 2869 3096 2938 compunctum
3127 2867 3352 2936 corde,-
3392 2865 3451 2921 id
3471 2867 3805 2938 est,dolen-

2131 2958 2248 3010 tem
2269 2956 2341 3010 de
2365 2955 2617 3029 peccatis
2637 2971 2839 3011 eorum
2869 2971 2886 3011 :
2909 2971 3014 3011 nec
3036 2959 3176 3011 sunt
3191 2955 3480 3028 persecuti
3503 2956 3576 3012 ad
3596 2955 3714 3012 hoc
3734 2962 3803 3013 ut

2131 3042 2353 3115 aliquid
2378 3045 2448 3100 de
2470 3043 2892 3117 temporalibus
2911 3042 3055 3099 mihi
3081 3044 3398 3112 auferrent,
3414 3044 3514 3101 sed
3545 3065 3569 3094 ι
3590 3045 3806 3101 morti-

2131 3132 2324 3200 ﬁeare,
2359 3154 2388 3182 »
2421 3133 2476 3188 id
2511 3136 2619 3201 est,
2654 3133 2726 3188 ad
2757 3132 2868 3188 hoc
2897 3136 2964 3188 ut
2993 3149 3086 3188 me
3117 3132 3564 3198 mortiﬁcarent,
3597 3133 3710 3190 Vel
3749 3135 3803 3190 si

2131 3311 2247 3362 tem
2278 3309 2350 3364 de
2379 3309 2634 3380 propriis
2656 3309 2940 3382 peccatis;
2973 3309 3238 3366 dicemus
3269 3327 3383 3365 non
3431 3311 3504 3366 de
3548 3312 3808 3384 propria

2131 3411 2381 3467 persona
2403 3395 2638 3459 Christi,
2665 3399 2766 3453 sed
2798 3399 2869 3454 de
2901 3397 3044 3454 suis.
3079 3399 3174 3454 Sic
3204 3397 3494 3471 persecuti
3519 3404 3664 3455 sunt
3699 3419 3806 3457 me

2131 3483 2361 3555 inopem
2395 3483 2693 3540 hominem
2723 3490 2782 3542 et
2801 3503 2964 3542 meos
2979 3476 3002 3555 ’;
3036 3487 3146 3546 hoc
3191 3491 3282 3543 est
3328 3487 3484 3561 quod
3530 3487 3745 3560 subdit
3781 3507 3795 3544 :

2139 3593 2164 3624 α
2195 3577 2578 3644 compunctos
2609 3575 2801 3630 corde.
2839 3598 2868 3626 ››

2201 3685 2228 3712 ‹‹
2260 3663 2329 3717 Et
2359 3663 2559 3718 dilexit
2585 3659 3081 3738 maledictionem,
3112 3687 3140 3718 »
3173 3664 3351 3722 veluti
3401 3682 3536 3721 cum
3587 3665 3745 3722 dixit
3779 3685 3794 3721 :

2134 3751 2448 3825 «Sanguis
2479 3753 2608 3824 ejus
2661 3771 2840 3826 super
2871 3771 2978 3811 nos
3025 3757 3084 3811 et
3131 3770 3311 3827 super
3353 3753 3506 3810 ﬁlios
3555 3759 3800 3812 nostros

2130 3839 2336 3912 (Matth.
2365 3843 2538 3909 xxvn)
2563 3858 2578 3896 :
2608 3863 2637 3890 »
2675 3863 2696 3892 ι
2721 3846 2779 3897 et
2805 3842 2998 3900 veniet
3027 3843 3078 3899 ei
3104 3866 3133 3893 »
3163 3841 3378 3916 populo
3409 3842 3512 3899 illa
3539 3842 3796 3899 maledi-

2130 3929 2264 3997 ctio,
2289 3927 2427 4002 quia
2441 3929 2616 3985 etiam
2642 3933 2880 4002 propter
2899 3929 3044 3987 illud
3069 3934 3372 4004 peccatum
3407 3935 3548 3990 sunt
3590 3931 3797 3988 adhuc

2129 4019 2302 4076 hodie
2321 4017 2587 4074 excmcati
2619 4017 2723 4073 ﬁlii
2753 4035 2979 4076 eorum.
3016 4039 3040 4070 ι
3069 4021 3142 4075 Et
3183 4018 3374 4075 noluit
3419 4019 3794 4077 benedictio-

2129 4125 2286 4174 nem,
2311 4128 2338 4157 »
2373 4107 2609 4178 quando
2641 4123 2830 4164 caecus
2861 4107 3234 4167 illuminatus
3255 4107 3400 4163 dixit
3421 4107 3543 4164 eis:
3574 4131 3597 4154 σ
3622 4108 3792 4164 Nun-

2129 4195 2271 4270 quid
2303 4199 2362 4252 et
2379 4212 2480 4252 vos
2501 4194 2778 4268 discipuli
2809 4196 2859 4267 ej
2871 4214 2939 4252 us
2957 4195 3136 4253 vultis
3177 4195 3344 4252 ﬁeri?
3363 4195 3794 4253 Maledixerunt

2129 4284 2276 4352 ei,et
2307 4283 2580 4340 dixerunt
2612 4301 2624 4339 :
2661 4285 2748 4339 Tu
2782 4284 3112 4357 discipulus
3145 4284 3274 4356 ejus
3305 4283 3409 4353 sis,
3443 4301 3558 4340 non
3609 4285 3792 4346 disci-

2129 4373 2250 4448 puli
2285 4389 2492 4429 sumus
2523 4372 2705 4447 Moysi
2757 4373 2932 4447 (Joan.
2964 4377 3064 4444 1x).
3101 4399 3124 4426 ι
3161 4374 3233 4430 Et
3279 4373 3409 4446 ipsa
3456 4373 3790 4430 benedictio

2131 4486 2159 4514 ‹‹
2193 4461 2564 4535 elongabitur
2583 4461 2656 4518 ab
2677 4479 2743 4518 eo
2768 4487 2790 4514 ι
2816 4461 3528 4536 populo,quia,exczecatis
3541 4459 3788 4528 Judaais,

371 4565 582 4605 nomen
615 4548 763 4619 ejus,
800 4571 828 4598 »
861 4547 918 4604 id
951 4551 1060 4616 est,
1097 4565 1212 4603 non
1241 4547 1454 4636 habeat
1501 4549 1748 4606 multam
1791 4569 2022 4610 succes-
2052 4569 2102 4636 D
2135 4549 2410 4608 transibit
2440 4549 2795 4606 illuminatio
2829 4552 2902 4606 ad
2931 4555 3157 4625 gentes.

372 4637 594 4693 sionem
633 4636 1028 4706 ﬁliorum,sed
1057 4637 1183 4692 sine
1215 4635 1373 4707 prole
1391 4635 1490 4691 ﬁlii
1523 4639 1650 4709 ejus
1675 4640 2018 4699 moriantur.

441 4727 514 4780 Et
544 4729 777 4796 propter
796 4725 916 4781 lirec
947 4725 1101 4780 mala
1131 4749 1158 4775 ‹‹
1186 4724 1465 4796 iniquitas
1487 4731 1721 4798 patrum
1753 4729 1940 4800 ejus,»
1961 4731 2017 4785 id

369 4817 478 4881 est,
512 4812 821 4886 originalia
851 4819 1108 4885 peccata,
1143 4835 1170 4863 «
1199 4814 1398 4870 redeat
1427 4815 1485 4870 in
1519 4819 1934 4887 memoriam,»
1961 4820 2016 4876 id

370 4907 461 4960 est
489 4918 692 4974 pmnas
721 4917 820 4956 eos
851 4901 1074 4974 afﬂigat
1101 4912 1205 4974 pro
1221 4903 1473 4974 peccatis
1494 4908 1728 4976 patrum
1751 4924 2014 4976 suorum,

371 5008 485 5048 non
515 4990 704 5048 solum
739 5009 842 5063 pro
865 4991 1116 5063 propriis
1145 4992 1516 5048 commissis:
1551 5016 1580 5044 «ι
1611 4996 1857 5051 redeat»
1889 4997 2018 5053 dico

370 5104 399 5132 «
433 5080 491 5135 in
525 5084 838 5152 conspectu
873 5079 1126 5148 Domini,
1166 5101 1187 5130 ι
1223 5079 1276 5134 id
1311 5086 1420 5150 est,
1447 5082 1508 5137 in
1531 5083 1757 5155 judicio
1795 5083 1856 5140 in
1903 5103 2017 5158 quo

370 5169 656 5225 Dominus
676 5171 750 5225 ab
771 5169 1046 5225 omnibus
1077 5169 1469 5242 conspicietur
1493 5188 1505 5227 :
1531 5177 1767 5245 propter
1796 5174 1904 5229 hoc
1926 5175 2018 5228 di—

369 5257 467 5322 cit,
507 5279 534 5311 a
567 5260 759 5315 redeat
791 5259 849 5314 in
884 5259 1296 5329 memoriam,»
1319 5260 1459 5330 quia
1487 5261 1715 5316 videtur
1735 5263 2018 5318 Dominus

369 5343 587 5401 oblitus
618 5346 884 5402 omnium
907 5352 1280 5420 peccatorum
1304 5364 1506 5403 eorum
1531 5348 1589 5403 in
1611 5349 1719 5404 hoc
1736 5351 1880 5405 dum
1901 5368 2018 5407 non

369 5432 539 5503 punit
566 5451 688 5490 eos.
710 5458 734 5485 α
757 5436 826 5491 Et
854 5441 1158 5508 peccatum
1181 5435 1388 5492 matris
1408 5437 1596 5508 ejus,»
1629 5438 1686 5493 id
1708 5442 1816 5509 est,
1843 5439 2018 5512 Syna-

369 5534 550 5591 gogaa,
567 5521 626 5576 in
647 5540 764 5594 qua
790 5527 929 5580 sunt
951 5522 1262 5580 carnaliter
1283 5523 1475 5596 multi,
1505 5548 1533 5596 ε(
1558 5543 1672 5580 non
1697 5526 2016 5596 deleatur,»

371 5607 472 5662 sed
504 5607 696 5680 potius
727 5628 829 5682 pro
849 5612 1101 5684 peccatis
1132 5612 1447 5686 Syuagoga:
1471 5613 1575 5670 ﬁlii
1598 5615 1938 5672 deleantur:
1963 5620 2020 5673 et

2210 4663 2232 4690 α
2265 4641 2336 4696 Et
2364 4638 2610 4694 induit»
2649 4639 2904 4712 populus
2948 4639 3044 4696 ille
3079 4660 3106 4692 α
3135 4637 3630 4704 maledictionem,
3660 4656 3691 4689 ι
3727 4636 3786 4691 id

2125 4734 2216 4786 est
2243 4731 2546 4801 peccatum
2579 4744 2720 4786 mea:
2753 4728 2986 4798 mortis;
3029 4749 3058 4782 α
3086 4729 3240 4785 sicut
3281 4725 3720 4792 vestimentum,
3757 4747 3784 4771 »

2127 4818 2268 4890 quia
2286 4817 2574 4890 putabant
2594 4819 2790 4872 tamen
2813 4834 3090 4890 apparere
3100 4813 3308 4872 vicinis
3327 4813 3495 4869 valde
3515 4811 3706 4868 ornati
3728 4811 3782 4865 et

2127 4905 2340 4962 decori.
2381 4925 2404 4954 κ
2438 4905 2509 4960 Et
2536 4903 2665 4976 ipsa
2713 4903 3045 4962 maledictio
3105 4903 3343 4960 intravit
3395 4903 3454 4958 in
3507 4900 3782 4957 interiore

2125 4995 2308 5066 ejus,»
2336 4993 2463 5064 jam
2497 4992 2697 5050 valens
2718 4995 2791 5050 ad
2821 4999 3070 5051 mortem
3091 5009 3296 5050 eorum
3321 5009 3335 5050 :
3363 5011 3387 5042 α
3405 4991 3560 5048 sicut
3580 5005 3740 5062 aqua
3759 5010 3787 5037 »

2125 5086 2438 5154 penetrans
2469 5083 2540 5136 ad
2573 5081 2885 5153 interiora;
2923 5106 2945 5134 α
2973 5087 3031 5140 et
3062 5083 3214 5141 sicut
3238 5081 3433 5140 oleum
3455 5080 3514 5135 in
3546 5079 3788 5136 ossibus

2126 5171 2254 5240 ejus
2288 5186 2300 5225 :
2331 5193 2352 5220 ι
2379 5167 2518 5242 quia
2537 5171 2692 5226 sicut
2705 5171 2900 5228 oleum
2921 5171 3169 5228 hilarem
3193 5175 3250 5228 et
3272 5169 3464 5226 laetam
3489 5167 3687 5224 reddit
3709 5168 3775 5220 fa-

2127 5259 2298 5328 ciem,
2322 5259 2404 5314 ita
2434 5259 2543 5332 ipsi
2574 5259 2695 5316 lata
2727 5261 2797 5316 dc
2828 5277 2960 5318 mea
2990 5264 3177 5317 morte
3207 5261 3468 5317 fuerunt.
3484 5259 3650 5313 Tunc
3675 5253 3770 5310 fuit

2127 5351 2431 5422 peccatum
2453 5347 2596 5404 illud
2611 5349 2780 5422 quasi
2802 5351 3218 5407 vestimentum
3241 5347 3524 5406 accedens
3554 5345 3628 5401 ad
3660 5357 3766 5409 eos,

2126 5437 2360 5510 quando
2390 5438 2765 5510 persuadenti
2797 5439 3026 5496 diabolo
3057 5439 3458 5496 assenserunt.
3480 5435 3650 5490 Tune
3673 5427 3773 5488 fuit

2126 5527 2295 5600 quasi
2321 5543 2474 5600 aqua
2493 5531 2803 5598 penetrans
2825 5530 2896 5586 ad
2921 5525 3460 5600 interiora,quaudo
3481 5521 3776 5578 laborave-

2127 5619 2282 5685 runt,
2309 5619 2364 5672 et
2395 5617 2771 5688 corporaliter
2789 5619 3149 5690 quaesierunt
3168 5620 3234 5674 ut
3255 5633 3348 5673 me
3386 5609 3560 5670 morti
3595 5606 3787 5667 trade-
