4060 6180
278 331 386 390 577

1458 333 1950 396 EXPLANATIO
1992 332 2074 395 ΙΝ
2116 336 2472 401 PSALMOS
2487 385 2499 399 .

3560 348 3676 407 578

272 467 418 520 rent.
443 462 762 534 Postquam
793 479 926 518 vero
956 464 1344 536 perfecerunt,
1363 465 1489 536 jam
1518 466 1838 539 gaudentes
1867 469 1924 522 et
1949 466 2007 533 Α
2037 467 2260 524 sionem
2286 494 2313 519 ‹‹
2339 487 2472 526 sum
2499 493 2523 519 »
2549 488 2655 544 ego
2682 495 2707 521 ‹‹
2743 489 3025 529 excussus
3056 473 3209 531 sicut
3253 475 3544 542 locusta,»
3566 479 3677 533 sci-

269 550 579 609 exhilarati
600 553 681 607 \de
712 555 901 607 morte
931 569 1079 619 mea,
1104 552 1215 607 fuit
1243 553 1328 609 eis
1358 554 1528 625 quasi
1561 555 1775 610 oleum.

338 642 479 697 Dico
510 641 666 712 quod
698 640 953 713 populus
983 641 1079 697 ille
1111 641 1304 697 induit
1336 642 1831 711 maledictionem,
1868 649 1924 701 et

266 729 367 786 illa
397 729 754 799 maledictio,
788 729 1012 786 scilicet
1039 735 1347 803 peccatum
1379 731 1544 799 illud,
1579 734 1680 788 ﬁat
1709 734 1793 787 eis
1824 752 1919 788 ex-

267 820 529 887 caacatio;
563 819 616 874 ei
648 818 759 874 hoc
809 823 899 873 est
930 836 943 874 :
970 842 997 868 «
1033 820 1135 874 ﬁat
1182 820 1235 874 ei
1283 820 1437 875 sicut
1481 822 1919 892 vestimentum,

267 924 386 981 quo
416 906 730 979 operitur,»
757 912 1146 980 contegantur
1164 912 1223 964 et
1248 909 1660 965 contineantur
1680 910 1737 964 in
1771 915 1923 966 tene-

262 998 393 1053 bris
422 996 522 1052 illa
551 996 962 1053 maledictione
992 1014 1006 1052 :
1032 1020 1061 1047 «
1083 1002 1140 1053 et
1172 1020 1199 1047 »
1221 998 1397 1055 etiam
1428 1000 1531 1054 fiat
1553 998 1637 1054 eis
1668 1000 1918 1054 obdura-

266 1087 379 1155 tio;
412 1090 469 1142 et
498 1085 608 1141 hoc
637 1089 727 1141 est
755 1102 770 1141 :
795 1109 821 1135 «
849 1085 1004 1141 sicut
1033 1104 1180 1142 zona
1210 1104 1328 1159 qua
1356 1104 1589 1158 semper
1616 1087 1918 1160 praicingi-

266 1181 386 1244 tur,
416 1200 442 1223 »
462 1174 521 1230 id
553 1177 662 1242 est,
687 1175 771 1230 sic
816 1174 894 1230 sit
934 1175 1334 1232 circumdatus
1363 1176 1465 1231 illa
1494 1176 1919 1242 maledictione,

256 1284 296 1320 tu
362 1263 634 1337 expedire
680 1281 742 1320 se
789 1265 861 1319 ab
892 1280 962 1319 ea
991 1281 1106 1319 non
1137 1264 1344 1320 valeat.
1367 1264 1469 1319 Vel
1502 1265 1602 1330 ita,
1636 1264 1790 1320 sicut
1836 1264 1921 1321 eis

266 1370 431 1409 mors
454 1369 591 1409 mea
620 1352 729 1407 fuit
750 1352 920 1424 quasi
943 1370 1107 1421 zona,
1133 1370 1250 1424 qua
1271 1353 1460 1409 solent
1486 1352 1754 1409 homines
1783 1372 1922 1426 prae-

261 1442 426 1515 eingi
448 1446 513 1496 ut
541 1442 614 1497 ad
637 1458 786 1514 opus
807 1440 927 1496 sint
952 1442 1359 1512 expeditiores,
1386 1442 1464 1498 ita
1493 1460 1651 1498 mors
1682 1460 1815 1498 mea
1844 1443 1921 1499 sit

261 1534 351 1588 eis
382 1532 539 1587 sicut
566 1547 714 1585 zona
740 1535 980 1602 propter
1008 1530 1116 1585 hoc
1148 1531 1303 1602 quod
1341 1531 1515 1586 morti
1547 1549 1641 1586 me
1672 1533 1922 1587 tradide-

261 1625 427 1688 runt,
451 1625 516 1675 ut
556 1636 797 1692 semper
838 1620 960 1675 sint
1005 1619 1192 1691 parati
1225 1624 1283 1674 et
1322 1620 1576 1692 prompti
1627 1621 1699 1676 ad
1747 1638 1921 1677 omne

262 1710 490 1765 malum
521 1724 669 1782 opus
705 1707 1065 1764 faciendum.

2032 555 2168 611 licet
2199 558 2320 629 fugi
2345 576 2557 614 manus
2577 576 2800 625 eorum,
2825 562 3099 635 fugiendo
3122 565 3193 619 de
3217 564 3342 620 loco
3365 566 3436 620 ad
3461 565 3678 632 locum,

2033 644 2256 701 molens
2288 647 2375 702 eis
2395 665 2633 703 causam
2656 650 2877 721 peccati
2903 651 3257 721 ministrare,
3281 653 3433 709 sicut
3452 654 3680 710 locusta

2031 734 2100 786 de
2134 733 2256 789 loco
2288 736 2359 789 ad
2394 735 2587 791 locum
2620 737 2886 793 saltando
2916 739 3094 794 vadit.

2100 824 2169 876 Et
2194 848 2219 871 ‹‹
2254 840 2445 895 genua
2496 843 2644 896 mea,
2674 850 2698 873 »
2724 827 2780 880 id
2827 833 2914 881 est
2962 828 3227 898 apostoli,
3262 830 3361 899 qui
3423 848 3515 886 me
3578 851 3680 905 per

2032 912 2319 965 mundum
2354 913 2641 968 debebant
2674 920 2921 985 portare,
2954 920 3010 970 et
3047 933 3115 970 ex
3145 918 3360 987 quibus
3393 920 3675 977 debebam

2031 998 2198 1053 fortis
2229 1017 2508 1072 apparere
2536 1026 2559 1050 ‹‹
2595 1008 2735 1057 sunt
2765 1002 3080 1071 infirmata,
3110 1028 3136 1052 »
3170 1006 3225 1059 id
3258 1011 3347 1061 est
3377 1008 3677 1065 debilitata

2030 1110 2058 1136 «
2091 1105 2127 1142 a
2148 1089 2378 1159 jejunio
2411 1112 2441 1136 »
2474 1107 2608 1144 cum
2639 1108 2753 1144 non
2785 1108 2974 1146 essem
3014 1110 3149 1147 eum
3180 1093 3284 1159 eis,
3318 1095 3457 1165 quia
3496 1098 3674 1152 divini

2029 1176 2186 1230 verbi
2219 1176 2591 1233 refectionem
2624 1196 2739 1232 non
2772 1178 3067 1234 habebant
3099 1197 3112 1234 :
3147 1182 3425 1251 quoniam
3457 1201 3571 1239 non
3603 1185 3677 1240 le-

2029 1264 2188 1336 gitur
2203 1265 2498 1321 Christum
2522 1266 2579 1319 in
2599 1266 2932 1322 carnalibus
2952 1267 3201 1340 genibus
3223 1270 3403 1326 fuisse
3422 1270 3678 1328 inﬁrma-

2029 1357 2176 1408 tum.
2203 1376 2229 1403 ‹‹
2255 1355 2325 1409 Et
2355 1372 2487 1409 caro
2520 1372 2652 1409 mea
2674 1354 2993 1411 immutata
3022 1360 3132 1422 est,
3157 1380 3186 1405 »
3209 1358 3279 1413 de
3302 1358 3415 1414 vita
3434 1361 3505 1415 ad
3528 1377 3673 1416 mor-

2030 1447 2170 1507 tem,
2197 1466 2223 1490 ‹‹
2252 1449 2488 1515 propter
2518 1443 2710 1498 oleum
2742 1467 2770 1493 ››
2802 1449 3092 1500 remotum
3123 1445 3364 1514 scilicet,
3390 1447 3529 1519 quia
3562 1466 3676 1505 non

2030 1530 2205 1585 habui
2241 1532 2488 1603 gratiam
2529 1531 2851 1604 spiritalem
2903 1534 2975 1587 ad
3026 1533 3426 1591 defensionem
3476 1543 3679 1594 contra

2029 1619 2513 1691 inimicos,quam
2536 1620 2700 1693 prius
2717 1621 3195 1687 habueram.Vel,
3215 1629 3453 1696 propter
3482 1626 3676 1682 oleum

2030 1712 2255 1763 mutata
2284 1712 2373 1764 est
2402 1726 2555 1777 caro,
2589 1709 2647 1763 id
2681 1714 2769 1764 est
2797 1711 2970 1765 datus
3009 1727 3141 1765 sum
3173 1711 3232 1766 in
3266 1717 3512 1769 mortem
3544 1732 3676 1786 pro-

340 1799 457 1871 Ego
485 1797 608 1853 hinc
638 1795 798 1853 mala
826 1796 1118 1868 imprecor
1145 1796 1251 1862 eis,
1275 1800 1331 1852 et
1357 1821 1383 1847 α
1414 1797 1525 1854 hoc
1559 1820 1586 1849 »
1609 1804 1698 1855 est
1718 1824 1745 1849 «
1772 1817 1919 1873 opus
1950 1837 1998 1901 B
2030 1802 2159 1870 pter
2195 1796 2390 1853 oleum
2444 1798 2821 1866 mittendum,
2847 1798 2904 1853 id
2963 1804 3052 1854 est
3108 1806 3343 1872 propter
3389 1803 3674 1874 Spiritum

261 1904 303 1943 c—
336 1904 490 1954 rum,
516 1909 545 1935 »
578 1886 637 1942 id
684 1890 794 1953 est,
840 1884 949 1940 hoc
998 1885 1239 1958 exigunt
1282 1903 1458 1957 opera
1508 1903 1783 1955 eorum,«
1820 1889 1919 1959 qui

262 1974 413 2030 mihi
438 1998 466 2024 »
488 1974 806 2030 existentiu
841 1975 997 2046 apud
1027 1973 1364 2043 Dominum,
1383 1998 1411 2023 »
1435 1976 1919 2032 consubstantiali

262 2063 411 2119 mihi
458 2062 600 2119 Filio
638 2062 764 2134 Dei,
788 2085 816 2112 «
853 2062 1169 2118 detrahunt
1202 2086 1230 2112 »
1260 2063 1520 2119 dicentes
1554 2081 1566 2120 :
1602 2064 1705 2119 Hic
1744 2065 1919 2120 homo

260 2169 381 2208 non
412 2157 503 2209 est
521 2170 556 2207 a
575 2152 715 2218 Deo,
738 2168 855 2207 non
877 2156 968 2207 est
990 2151 1173 2208 Filius
1201 2151 1322 2207 Dei.
1339 2151 1462 2218 Vel,
1483 2153 1582 2224 qui
1605 2153 1922 2208 detrahunt

259 2240 436 2309 mihi,
458 2240 645 2296 ethoc
666 2245 1026 2313 putantesse
1047 2241 1202 2313 apud
1227 2240 1564 2308 Dominum,
1588 2241 1646 2296 id
1668 2248 1779 2309 est,
1804 2243 1923 2313 pla-

259 2347 393 2385 cere
425 2329 706 2397 Domino;
729 2352 757 2379 ‹‹
783 2333 844 2384 at
868 2352 894 2378 »
918 2328 1026 2384 hoc
1056 2329 1236 2402 exigit
1257 2346 1407 2402 opus
1432 2346 1634 2385 eorum
1655 2354 1680 2380 ‹‹
1708 2330 1807 2401 qui
1838 2330 1918 2385 lo-

252 2414 533 2492 quuntur
558 2416 719 2473 mala
747 2419 1028 2474 adversus
1050 2418 1308 2474 animam
1340 2436 1531 2474 meam
1559 2442 1585 2467 »
1608 2424 1665 2475 et
1684 2420 1784 2491 qui
1817 2420 1924 2474 im-

258 2512 496 2580 ponunt
524 2506 669 2562 mihi
699 2506 969 2574 crimina,
996 2507 1258 2563 dicentes
1292 2525 1385 2563 me
1414 2526 1543 2565 esse
1574 2514 1918 2581 potatorcm,

260 2595 641 2665 malevolum,
658 2602 714 2651 ct
733 2595 1136 2664 similia.Vcl,«
1162 2597 1485 2668 loquuntur
1504 2599 1783 2653 adversus
1804 2599 1922 2652 ani-

258 2704 427 2743 mam
461 2703 719 2752 meam,»
741 2685 801 2739 id
833 2689 943 2751 est,
978 2686 1258 2741 adversus
1288 2685 1466 2742 vitam
1501 2704 1720 2753 meum,
1745 2686 1920 2741 veluti

254 2792 401 2831 cum
435 2776 697 2831 dicerent
730 2775 881 2831 :«Si
929 2775 1089 2830 hunc
1120 2774 1394 2843 dimittis,
1421 2793 1535 2830 non
1585 2792 1648 2830 es
1696 2775 1922 2831 amicus

252 2864 513 2921 Cmsaris
535 2865 713 2937 (Joun.
737 2867 909 2933 κω.»
937 2864 1068 2920 Ideo
1101 2863 1262 2932 dicit,
1289 2886 1316 2914 «
1353 2865 1631 2920 adversus
1662 2863 1921 2919 animam

258 2970 485 3020 meam,
519 2976 549 3004 »
579 2958 637 3008 et
663 2969 781 3009 non
818 2954 1099 3009 adversus
1137 2969 1381 3025 corpus;
1406 2953 1547 3024 quia
1581 2970 1920 3025 quanquam

250 3042 541 3099 dicebant
569 3057 705 3098 eum
736 3059 1053 3114 pauperem
1095 3040 1283 3097 filium
1329 3058 1620 3114 pauperie,
1654 3057 1769 3096 non
1800 3045 1924 3096 erat

250 3132 366 3187 hoc
400 3130 654 3198 malum,
686 3132 828 3203 quia
857 3130 1073 3187 veritas
1102 3130 1213 3186 hoc
1243 3129 1529 3203 exigebat.

2027 1890 2297 1942 sanctum
2331 1885 2703 1942 mittendum.
2730 1886 2854 1955 Vel,
2880 1904 3011 1942 caro
3047 1892 3136 1944 est
3166 1894 3392 1945 mutata
3421 1891 3490 1946 de
3520 1908 3675 1947 mor-

2029 1973 2129 2029 tali
2161 1976 2234 2029 ad
2267 1975 2596 2031 immortale
2626 1979 2862 2047 propter
2891 1976 3107 2045 oleum,
3131 1978 3187 2031 id
3219 1982 3308 2034 est
3334 1984 3569 2051 propter
3597 1980 3679 2035 di-

2026 2062 2330 2119 vinitatem
2360 2064 2473 2120 sibi
2504 2064 2752 2120 unitum.

2101 2176 2127 2202 «
2156 2154 2225 2207 Et
2252 2176 2279 2201 »
2312 2158 2550 2225 propter
2579 2152 2700 2208 haec
2732 2154 2888 2209 mala
2917 2170 3021 2226 ego
3047 2172 3228 2210 «sum
3259 2156 3449 2212 factus
3476 2174 3679 2230 oppro-

2028 2241 2225 2296 brium
2270 2241 2406 2310 illis,
2440 2265 2465 2289 »
2489 2242 2545 2296 id
2600 2247 2688 2296 est
2744 2242 3069 2298 inferebant
3130 2244 3271 2299 mihi
3333 2248 3709 2317 opprobria,

2030 2354 2057 2379 ι(
2089 2331 2362 2385 viderunt
2387 2348 2499 2399 me,
2526 2335 2583 2385 et
2606 2336 2914 2386 moverunt
2936 2332 3129 2404 capita
3152 2350 3279 2399 sua,
3304 2356 3333 2382 »
3359 2335 3417 2388 in
3440 2335 3677 2407 signum

2029 2436 2169 2473 mea:
2204 2419 2535 2475 derisionis.

2104 2509 2234 2579 Ipsa
2264 2508 2372 2563 hoc
2406 2510 2646 2577 faciunt,
2682 2511 2782 2564 sed
2818 2515 2899 2575 tu,
2928 2534 2954 2559 ‹‹
2992 2511 3235 2566 Domine
3284 2513 3438 2568 Deus
3489 2532 3675 2585 meus,

2029 2598 2241 2668 adjuva
2274 2614 2385 2662 me,
2416 2622 2440 2646 ››
2464 2616 2534 2651 ne
2564 2598 2623 2652 in
2652 2598 2920 2669 passione
2951 2600 3251 2669 deliciam;
3277 2626 3303 2650 «
3329 2602 3554 2658 salvum
3586 2621 3679 2659 me

2028 2687 2118 2740 fac
2147 2710 2174 2733 »
2199 2686 2600 2740 resuscitando
2627 2704 2639 2741 :
2666 2692 2723 2740 et
2768 2688 2874 2741 hoc
2896 2711 2921 2737 ‹‹
2950 2694 3186 2759 propter
3217 2689 3678 2746 misericordiam

2029 2779 2214 2842 tuam,
2246 2798 2270 2821 »
2293 2774 2432 2845 quia
2464 2775 2573 2829 hoc
2613 2774 2790 2846 exigit
2836 2775 3235 2831 misericordia
3268 2781 3385 2844 tua,
3412 2781 3476 2831 ut
3513 2779 3676 2849 justo

2031 2862 2112 2916 ita
2142 2861 2475 2917 subvenias.

2101 2976 2127 3000 «
2164 2953 2234 3006 Et
2273 2951 2461 3006 sciant
2496 2975 2516 2999 ιι
2552 2953 2789 3007 tandem
2839 2971 3062 3021 omnes,
3087 2978 3114 3003 ‹‹
3150 2955 3289 3027 quia
3333 2973 3545 3011 manus
3579 2959 3679 3013 tua

2030 3045 2119 3096 cst
2147 3040 2289 3107 haec,
2312 3063 2341 3088 »
2368 3040 2425 3094 id
2456 3045 2545 3095 est
2574 3042 2830 3112 operatio
2862 3047 2964 3097 tua
2993 3044 3153 3099 dedit
3182 3062 3274 3100 me
3304 3045 3364 3100 in
3404 3050 3672 3115 mortem,

2030 3154 2057 3179 «
2084 3134 2143 3185 et
2175 3135 2257 3197 tu,
2282 3129 2546 3200 Domine,
2568 3130 2755 3185 iecisti
2775 3149 2923 3197 eam,
2948 3156 2973 3181 »
2996 3134 3391 3206 operationem
3417 3153 3431 3190 ε
3457 3135 3678 3191 scilicet

329 3244 359 3271 ι(
382 3221 463 3276 Et
492 3225 579 3289 tu,
606 3220 867 3276 Domine.
896 3242 925 3270 »
951 3220 1093 3276 Pars
1140 3220 1330 3276 tertia.
1355 3219 1726 3276 Continuatio
1755 3237 1769 3275 :
1804 3220 1921 3292 Ipsi
1952 3206 1995 3272 C
2030 3219 2114 3274 ita
2155 3225 2245 3275 est
2296 3224 2416 3287 tua,
2452 3219 2608 3291 quod
2666 3224 2729 3274 tu
2782 3238 2911 3276 eam
2966 3227 3239 3294 operatus
3295 3229 3384 3280 est
3439 3224 3677 3281 omnino

251 3310 591 3383 loquuntur
618 3309 730 3365 hoc
753 3309 1033 3366 adversus
1057 3307 1344 3381 animam,
1367 3309 1468 3365 scd
1491 3313 1694 3367 contra
1712 3326 1812 3366 eos
1828 3315 1919 3377 tu,

249 3400 530 3466 Domine,
564 3415 658 3455 me
689 3398 932 3471 adjuva;
965 3402 1022 3453 et
1066 3397 1174 3453 hoc
1215 3403 1302 3454 est
1336 3415 1348 3453 :
1379 3420 1407 3449 ‹‹
1432 3399 1503 3454 Et
1532 3402 1620 3467 tu,
1653 3398 1918 3466 Domine,

250 3488 569 3556 Domine,»
586 3488 652 3543 In
675 3486 1020 3559 repetitione
1042 3501 1213 3542 suam
1235 3486 1599 3543 devotionem
1623 3487 1881 3544 ostendit
1904 3504 1917 3542 :

250 3604 278 3628 ι(
315 3580 411 3635 lac
444 3592 702 3643 mecum,
729 3598 758 3625 »
779 3576 837 3630 id
869 3580 959 3632 est
1010 3592 1253 3648 oparare
1300 3593 1404 3648 pro
1455 3593 1570 3643 me,
1595 3575 1817 3632 scilicet
1847 3578 1919 3632 ad

248 3666 578 3723 utilitatem
611 3682 825 3722 meam.
845 3664 971 3733 Vel,
997 3666 1085 3720 fac
1123 3681 1379 3733 mecum,
1405 3664 1464 3720 id
1505 3670 1612 3733 est,
1643 3682 1750 3738 ego
1780 3683 1921 3737 ope-

249 3774 371 3822 ror,
403 3758 469 3811 et
521 3759 587 3810 tu
636 3770 898 3826 operare,
924 3777 950 3803 ‹‹
986 3758 1224 3826 propter
1272 3769 1484 3809 nomen
1530 3758 1698 3809 tuum
1731 3777 1760 3805 ››
1796 3771 1919 3809 am-

247 3843 664 3916 pliandum,et
684 3842 862 3906 etiam
886 3848 1192 3914 propterea
1209 3864 1236 3892 «
1262 3842 1403 3914 quia
1421 3842 1618 3898 suavis
1639 3847 1729 3898 est
1752 3843 1922 3898 mise-

250 3932 515 3991 ricordia
542 3937 648 3988 tua
679 3948 746 3986 ε»
779 3931 920 4003 quid
950 3948 1044 3987 me
1083 3930 1270 3987 fecisti
1310 3936 1548 4003 propter
1588 3931 1920 3987 misericor-

245 4022 417 4077 diam
466 4026 633 4076 tuam
682 4020 998 4085 incarnari,
1031 4020 1182 4093 pati;
1216 4019 1339 4076 haec
1372 4020 1482 4075 fuit
1527 4019 1674 4075 mihi
1722 4021 1920 4077 suavis

246 4128 371 4177 res,
403 4110 467 4166 id
501 4113 611 4178 est,
645 4108 868 4182 placuit
897 4108 1062 4164 mihi.

322 4200 452 4256 Hoc
503 4197 730 4255 scilicet
761 4222 788 4249 ι(
821 4198 912 4255 fac
956 4215 1210 4264 mecum,
1244 4197 1430 4254 libera
1476 4215 1570 4254 me
1602 4221 1631 4247 »
1665 4199 1736 4254 de
1782 4216 1919 4255 con-

245 4288 563 4347 formitate
593 4287 906 4355 malorum,
940 4292 999 4343 et
1041 4303 1114 4343 ne
1159 4287 1389 4360 possint
1435 4304 1529 4342 me
1582 4287 1828 4343 retinere
1861 4288 1921 4344 in

246 4382 472 4445 morte,
490 4376 653 4434 sicut
672 4375 788 4451 ipsi
807 4376 1046 4434 volunt:
1071 4381 1129 4433 et
1147 4392 1295 4450 opus
1315 4381 1461 4443 est,«
1486 4377 1626 4450 quia
1655 4394 1759 4450 ego
1787 4395 1921 4433 sum

245 4483 483 4542 egenus
514 4472 571 4523 et
600 4483 843 4539 pauper.
872 4489 900 4516 »
924 4466 1149 4539 Pauper
1186 4467 1299 4523 fuit
1343 4470 1629 4538 quantum
1661 4468 1734 4522 ad
1781 4483 1921 4540 opes

2030 3327 2089 3363 In
2121 3325 2235 3364 me.

2101 3399 2239 3454 Dico
2262 3423 2286 3449 ‹‹
2316 3398 2544 3454 salvum
2578 3417 2671 3456 me
2705 3400 2814 3469 fac,
2843 3423 2871 3450 »
2893 3404 2951 3456 et
2978 3417 3220 3457 securus
3250 3420 3382 3459 sum
3413 3404 3567 3475 quod
3602 3404 3680 3460 fa-

2030 3487 2168 3555 cies,
2202 3505 2379 3559 quam
2406 3512 2433 3539 ‹‹
2468 3488 2552 3543 illi
2599 3488 2971 3558 maledicent,
3013 3495 3071 3546 et
3121 3495 3183 3546 tu
3232 3492 3594 3562 benedices,»
3618 3492 3677 3548 id

2029 3582 2117 3632 est
2149 3577 2571 3649 multiplicabis
2598 3577 2862 3647 virtutes,
2901 3580 3069 3634 dabis
3098 3579 3273 3634 etiam
3306 3582 3678 3637 resurrectio-

2030 3684 2163 3721 nem
2200 3683 2211 3721 :
2247 3672 2304 3721 et
2334 3667 2474 3738 quia
2512 3667 2935 3734 tubenedices,
2971 3667 3099 3723 ideo
3122 3692 3147 3717 ‹‹
3182 3670 3677 3737 confundantur,»

2031 3756 2087 3809 id
2119 3760 2207 3810 est
2237 3756 2640 3810 confusionem
2665 3756 2935 3822 habeant,
2964 3778 2991 3805 «
3013 3756 3112 3827 qui
3138 3757 3449 3828 insurgunt
3470 3757 3528 3811 in
3553 3774 3672 3826 me;

2031 3860 2233 3898 servus
2274 3847 2472 3898 autem
2516 3848 2675 3911 tuus,
2703 3867 2728 3891 »
2752 3843 2975 3898 scilicet
3020 3861 3145 3916 ego,
3170 3868 3196 3893 ‹‹
3232 3844 3574 3900 lzelabitur»
3604 3846 3676 3901 de

2030 3932 2452 3988 resurrectione
2478 3932 2629 3987 facta
2653 3949 2756 4004 per
2784 3932 3000 4003 ipsum.

2100 4021 2169 4075 Et
2197 4038 2311 4075 non
2338 4025 2569 4076 tantum
2599 4021 2994 4094 insurgentes,
3020 4022 3119 4077 sed
3151 4023 3328 4078 etiam
3368 4023 3670 4080 detrahen-

2031 4114 2147 4178 tes;
2172 4109 2359 4165 ethoc
2383 4115 2473 4165 est
2496 4128 2546 4166 :«
2570 4110 2894 4166 induantur
2913 4112 3137 4183 pudore
3159 4134 3187 4160 »
3211 4110 3294 4166 illi
3320 4133 3349 4163 α
3372 4112 3470 4185 qui
3494 4114 3677 4170 detra-

2029 4199 2179 4254 hunt
2210 4198 2415 4266 mihi,»
2438 4199 2721 4255 habentes
2746 4200 3212 4257 erubescentiam
3234 4201 3305 4257 de
3325 4202 3681 4260 detractione

2030 4307 2137 4345 sua
2159 4290 2312 4344 facta
2330 4289 2531 4362 mihi,«
2556 4294 2614 4346 et
2637 4312 2665 4341 »
2690 4288 3014 4345 induantur
3032 4294 3265 4347 tantum
3288 4315 3317 4342 «
3341 4292 3681 4348 confusione

2029 4396 2138 4436 sua
2172 4401 2199 4428 »
2222 4382 2287 4434 ut
2309 4402 2335 4429 «
2369 4379 2711 4451 aperiantur
2759 4396 2828 4435 ea
2854 4402 2881 4429 ‹‹
2922 4379 3075 4435 sicut
3123 4380 3407 4452 diploide;
3442 4404 3470 4431 »
3502 4382 3560 4436 id
3591 4386 3681 4437 est

2030 4469 2183 4525 sicut
2211 4467 2424 4540 diplois
2463 4472 2554 4524 est
2593 4466 2808 4538 duplex
2842 4468 3282 4534 vestimentum,
3306 4468 3387 4523 ita
3416 4470 3679 4525 confusio

246 4556 580 4623 humanas,
603 4555 823 4627 quibus
850 4554 1077 4612 caruit:
1116 4572 1356 4628 egenus,
1380 4555 1521 4627 quia
1550 4554 1787 4611 aliunde
1818 4573 1917 4627 pe-
1948 4575 1996 4639 Ι)
2026 4572 2229 4613 eorum
2261 4556 2336 4613 sit
2364 4555 2606 4628 duplex;
2644 4559 2702 4611 et
2732 4556 2998 4624 interius,
3034 4556 3091 4610 id
3123 4561 3214 4612 est
3260 4556 3321 4610 in
3370 4557 3588 4628 anima,
3621 4561 3678 4611 et

246 4647 370 4702 tiit.
401 4670 431 4697 ι(
458 4644 538 4700 ‘Et
566 4660 669 4701 cor
694 4661 897 4700 meum
924 4644 1226 4701 turbatum
1255 4649 1365 4711 est,
1393 4667 1421 4694 »
1442 4644 1652 4700 timore
1683 4644 1914 4713 mortis,

233 4736 423 4807 juxta
464 4732 615 4789 illud
650 4750 721 4789 :«
755 4732 968 4789 Tristis
1014 4738 1106 4789 est
1152 4733 1346 4789 anima
1406 4749 1538 4788 mea
1596 4750 1785 4805 usque
1842 4734 1914 4789 ad

245 4828 514 4879 mortem
558 4821 764 4893 (Matth.
802 4839 967 4891 xxv1;
1016 4821 1179 4878 Marc.
1212 4825 1328 4891 xw)
1354 4838 1366 4877 :
1396 4844 1423 4870 »
1454 4825 1513 4878 et
1558 4821 1670 4878 hoc
1701 4846 1728 4873 ‹‹
1763 4823 1919 4879 intra

244 4930 411 4979 me,»
434 4913 494 4967 id
518 4917 638 4979 est,
661 4928 779 4967 non
819 4929 889 4968 ex
929 4911 1295 4977 necessitate,
1319 4912 1422 4967 sed
1453 4929 1522 4968 ex
1552 4929 1684 4968 mea
1711 4913 1915 4968 volun-

242 5008 395 5057 tate.
427 5001 557 5072 ναι,
586 5022 615 5052 «
646 5000 804 5056 intra
832 5017 949 5070 me,
976 5024 1005 5049 »
1036 5000 1176 5072 quia
1217 5005 1275 5056 et
1324 5000 1513 5057 tristis
1562 5006 1651 5058 est
1698 5002 1915 5070 anima,

243 5108 372 5147 non
409 5095 610 5147 tamen
642 5091 956 5147 manifesto
986 5089 1091 5146 eis.
1410 5108 1417 5115 '

315 5180 442 5235 Cor
474 5196 676 5235 meum
705 5180 1121 5235 conturbatum
1153 5184 1243 5235 est
1273 5180 1345 5235 ab
1386 5180 1492 5252 eis,
1516 5186 1575 5235 et
1604 5198 1709 5254 ego
1733 5205 1759 5232 ‹‹
1786 5199 1919 5237 sum

240 5267 517 5334 ablatus,
543 5291 572 5317 »
608 5268 667 5324 id
699 5272 809 5336 est,
838 5272 1041 5341 raptus
1074 5286 1108 5323 a
1136 5267 1377 5336 Judzeis,
1398 5274 1457 5324 et
1478 5270 1650 5324 datus
1680 5270 1741 5324 in
1773 5288 1922 5326 mor-

236 5361 376 5413 tem
412 5372 459 5411 ;‹‹
486 5357 642 5413 sicut
671 5357 883 5412 umbra
912 5374 1046 5412 cum
1067 5356 1380 5425 declinat,»
1406 5357 1648 5430 scilicet,
1672 5359 1753 5414 ita
1783 5358 1918 5415 levi-

238 5452 339 5502 ter
371 5449 449 5500 ut
478 5447 693 5501 umbra
722 5446 939 5502 recedit
975 5446 1245 5503 veniente
1283 5446 1525 5515 lumine,
1551 5446 1772 5503 nullam
1804 5448 1920 5503 vim

234 5534 602 5603 ostendens,
625 5535 709 5592 ita
736 5540 942 5608 raptus
973 5536 1047 5592 ab
1076 5536 1187 5607 eis,
1207 5535 1431 5591 nullam
1465 5535 1696 5592 ostendi
1728 5540 1922 5609 poten-

222 5625 432 5693 tiam,
456 5625 559 5683 sed
590 5624 893 5685 humiliter
921 5626 1179 5686 sustinui
1205 5642 1217 5685 :
1241 5630 1299 5685 et
1315 5627 1594 5705 primitus
1625 5631 1758 5688 ante
1783 5645 1917 5707 pas-

2026 4646 2279 4703 extcrius
2310 4646 2370 4699 in
2400 4662 2640 4716 corpore
2672 4660 2685 4699 :
2720 4643 2857 4715 quia
2897 4643 3033 4699 licet
3062 4661 3125 4699 se
3153 4649 3433 4701 excusent
3462 4645 3521 4699 in
3550 4662 3675 4700 ver-

2026 4736 2116 4791 bis
2147 4734 2418 4803 exterius,
2442 4732 2802 4788 conscientia
2831 4732 3206 4788 tamenmala
3237 4734 3679 4790 confunduntur

2027 4824 2295 4880 interius.

2099 4913 2214 4984 Ipsi
2261 4912 2500 4983 quidem
2543 4911 2884 4983 operiantur
2928 4910 3290 4979 confusione,
3323 4928 3428 4983 ego
3480 4912 3675 4964 autem

2028 5026 2054 5050 ‹‹
2093 5000 2412 5056 confitebor
2442 5001 2711 5069 Domino,
2739 5024 2766 5050 »
2792 5001 2850 5055 id
2877 5005 2966 5056 est
2992 4999 3199 5055 faciam
3223 5016 3383 5055 meos
3414 4998 3674 5053 conﬁteri

2028 5091 2343 5157 Domino,«
2379 5090 2577 5157 nimis,
2623 5112 2651 5140 »
2702 5090 2760 5144 in
2812 5095 2901 5144 est
2948 5088 3234 5155 multum;
3277 5091 3335 5142 et
3380 5087 3487 5141 hoc
3536 5090 3672 5141 est‘:

2030 5205 2056 5231 ‹‹
2090 5180 2150 5234 in
2183 5197 2281 5235 ore
2314 5196 2462 5247 meo,
2486 5202 2515 5231 »
2543 5179 2600 5234 id
2633 5183 2722 5234 est
2752 5194 3016 5233 meorum
3044 5194 3056 5231 :
3090 5177 3229 5248 quia
3258 5176 3413 5247 quod
3447 5192 3676 5230 annun-

2028 5269 2261 5324 tiabunt
2291 5284 2408 5337 ore,
2445 5267 2748 5340 perficient
2799 5265 3131 5337 opere.Vel,
3157 5288 3183 5314 ‹‹
3230 5265 3287 5319 in
3332 5281 3431 5320 ore
3472 5282 3620 5333 meo,
3648 5288 3676 5313 ››

2030 5361 2087 5415 id
2128 5364 2215 5414 est
2256 5358 2449 5430 palam
2478 5361 2573 5411 :et
2601 5355 2711 5410 hoc
2762 5372 2876 5409 non
2927 5370 3124 5409 coram
3172 5354 3394 5427 paucis,
3419 5356 3521 5411 scd
3555 5379 3581 5405 ‹‹
3617 5355 3677 5410 in

2030 5448 2221 5504 medio
2253 5444 2575 5501 multorum
2608 5443 2861 5499 laudabo
2893 5460 3049 5499 eum.
3077 5465 3106 5493 »

2100 5539 2245 5593 Eum
2268 5535 2506 5608 quidem
2530 5533 2769 5588 laudare
2786 5533 2988 5601 debeo,
3005 5556 3032 5583 «
3053 5533 3194 5606 quia
3209 5534 3393 5590 astitit
3414 5552 3448 5591 a
3464 5535 3680 5592 dextris

2028 5624 2353 5705 pauperis»
2377 5624 2513 5699 mei,
2537 5623 2595 5681 id
2616 5626 2726 5695 est,
2745 5623 2847 5699 qui
2879 5640 2973 5683 mc
3004 5640 3236 5700 semper
3264 5623 3325 5682 in
3353 5625 3523 5684 bonis
3543 5641 3679 5701 ope-
