4060 6180
453 371 570 429 5'79

832 367 1236 427 IlAYMONIS
1285 365 1820 426 llALBEllSTAT.
1871 363 2108 424 EPISC.
2157 363 2330 424 OPP.
2378 365 2574 426 PAllS
2620 367 2668 426 Ι.
2715 401 2791 410 -—
2834 367 3238 428 COMMENT.
3287 368 3478 428 BlBL.

3734 368 3864 426 580

454 501 618 557 ribus
649 498 1005 557 conservavit
1039 514 1051 553 :
1084 497 1271 553 astitit
1299 497 1450 564 dico,
1476 520 1504 548 ‹‹
1539 502 1602 552 ιιι
1633 496 1853 553 salvam
1883 493 2104 552 faceret
2125 496 2180 563 Α
2205 495 2334 563 diti,
2366 496 2505 568 quia
2535 497 2694 553 illam
2737 497 3161 553 humanitatem
3196 498 3303 554 hoc
3333 498 3729 571 promeruisse
3761 498 3860 554 in-

455 608 489 646 a
518 587 1004 662 persequentibus
1034 586 1294 641 animam
1329 603 1518 640 meam
1553 609 1579 634 »
1611 603 1682 641 ne
1710 585 1798 641 vel
1830 585 1914 642 eis
1946 585 2108 641 cede-

453 697 596 746 rem,
621 677 708 732 vel
739 677 797 730 in
833 679 1018 730 morte
1051 692 1142 729 me
1175 681 1416 746 possent
1445 674 1724 730 detinere.

965 765 1038 818 ΙΝ
1081 763 1426 818 PSALMUM
1469 764 1603 818 CIX.

877 855 1150 908 Trrvws.
1191 853 1443 907 Psalmus
1483 852 1671 906 Ila-vid.

522 967 549 991 ‹‹
575 943 728 998 Dixit
759 942 1064 997 Dominus.
1093 963 1120 992 ιι
1159 940 1426 995 Psalmus
1457 941 1566 994 iste
1599 941 1867 996 convenit
1897 939 2096 1008 David,

450 1031 744 1104 propheta:
776 1031 874 1102 qui
918 1029 1010 1084 hic
1059 1028 1337 1101 loquitur.
1374 1030 1676 1085 Materiam
1727 1029 1904 1083 habet
1935 1029 2097 1083 Chri-

447 1125 606 1176 stum
631 1121 952 1176 secundum
980 1123 1290 1190 utramque
1312 1124 1605 1173 naturam.
1631 1119 1691 1172 In
1725 1118 1916 1190 prima
1935 1122 2100 1189 parte

449 1209 569 1281 agit
599 1209 670 1263 de
704 1212 973 1280 utraque.
999 1207 1106 1262 Ubi
1149 1207 1306 1262 enim
1337 1207 1478 1262 dicit
1510 1223 1574 1264 ει(
1609 1206 1764 1262 Dixit
1811 1205 2098 1262 Dominus

449 1296 694 1352 Domino
744 1314 894 1364 meo,
931 1319 957 1345 ιι
991 1297 1170 1351 Deum
1223 1313 1355 1350 eum
1407 1295 1718 1369 significat,
1771 1296 2095 1350 secundum

448 1403 624 1458 quam
654 1391 922 1441 naturam
950 1385 1219 1440 Christus
1240 1385 1505 1440 omnium
1529 1385 1835 1439 hominum
1864 1383 1971 1438 fuit
1993 1385 2098 1438 Do-

447 1477 667 1532 minus.
693 1475 796 1531 Ubi
829 1492 962 1530 vero
985 1474 1177 1546 ipsum
1203 1475 1386 1529 Deum
1411 1473 1880 1528 inducitChristo
1909 1472 2098 1528 dicen-

447 1570 564 1619 tem
591 1581 603 1619 :
630 1590 655 1613 ‹‹
683 1564 818 1618 sede
847 1581 880 1617 a
913 1563 1128 1618 dextris
1160 1562 1325 1630 meis,
1352 1585 1376 1610 ιι
1401 1567 1534 1630 etc.,
1567 1563 1638 1617 de
1669 1562 1793 1634 ipsa
1823 1560 2096 1615 humaui-

445 1658 564 1708 tate
595 1654 732 1725 agit.
759 1655 820 1709 ln
853 1653 1110 1707 secunda
1141 1656 1322 1724 parte,
1346 1669 1473 1723 qum
1505 1655 1613 1705 est.
1639 1675 1666 1701 ‹‹
1693 1653 1911 1705 Tecum
1943 1651 2097 1721 prin-

445 1742 665 1814 cipium
694 1742 752 1796 in
776 1741 868 1796 die
887 1740 1145 1811 virtutis,
1173 1763 1199 1788 ››
1222 1741 1342 1813 agit
1371 1741 1443 1795 de
1472 1739 1597 1795 sola
1616 1739 1832 1794 Christi
1856 1739 2092 1807 deitate,

444 1837 502 1888 et
532 1832 638 1887 hoc
670 1849 771 1903 per
801 1831 977 1885 verba
1020 1830 1206 1902 ipsius
1245 1829 1344 1884 Dei
1389 1829 1612 1884 Patris:
1639 1829 1777 1902 quia
1819 1828 1897 1883 ibi
1928 1828 2096 1882 Pater
2123 1866 2170 1930 Β

444 1921 700 1975 ostendit
731 1937 864 1974 eum
895 1923 951 1974 et
982 1919 1092 1974 sibi
1126 1923 1475 1974 comternnm
1509 1922 1564 1972 et
1599 1935 1667 1972 ex
1705 1935 1766 1974 se
1805 1917 2090 1990 genitum.

447 2011 510 2064 In
538 2009 710 2064 tertia
740 2012 922 2080 parte,
957 2025 1084 2079 qum
1130 2007 1336 2080 incipit
1368 2025 1380 2062 :
1408 2031 1434 2056 «
1466 2007 1692 2062 Juravit
1720 2007 2026 2073 Dominus,
2063 2029 2091 2053 ››

445 2113 749 2152 resumens
778 2096 953 2151 verba
995 2096 1300 2168 Propheta,
1334 2095 1594 2167 loquitur
1622 2096 1692 2150 de
1721 2094 1848 2166 ipsa
1878 2094 2090 2150 Christi

444 2185 833 2253 humanitate,
859 2185 975 2241 alta
997 2189 1191 2240 tamen
1217 2201 1447 2256 semper
1464 2183 1728 2239 dicendo.
1754 2182 1853 2238 Vel
1879 2183 1927 2237 si
1949 2184 2091 2256 quid

444 2275 588 2330 dicit
617 2275 690 2330 de
721 2274 1014 2346 passione,
1046 2273 1199 2328 sicut
1256 2273 1333 2327 ibi
1370 2289 1436 2326 :«
1473 2273 1551 2326 De
1609 2276 1864 2328 torrente
1901 2272 1959 2327 in
1999 2273 2093 2328 via

444 2362 620 2432 bibet,
649 2386 676 2413 »
709 2381 886 2419 causa
933 2361 1340 2417 exsultationis
1382 2361 1536 2416 facit.
1573 2361 1821 2416 Intentio
1851 2364 1939 2416 est
1985 2377 2092 2416 nos

446 2454 780 2522 admonere,
814 2451 983 2524 quasi
1034 2455 1204 2505 utens
1254 2450 1709 2505 demonstrativo
1762 2467 1993 2524 genere,
2025 2453 2092 2505 ut

441 2542 740 2597 Christum
780 2541 865 2596 sic
903 2541 1300 2607 emendatum,
1335 2539 1578 2611 dignum
1613 2539 1952 2610 judicemus
1982 2539 2090 2594 ho-

444 2649 602 2700 nore,
636 2635 693 2684 et
722 2630 770 2684 ei
805 2629 1068 2684 debitum
1103 2629 1380 2683 honorem
1412 2628 1711 2683 exhibeam
1725 2647 1810 2683 us.

513 2720 582 2775 Et
615 2724 676 2774 ut
706 2719 974 2774 ostendat
1004 2734 1064 2772 se
1095 2719 1165 2772 de
1196 2720 1366 2772 corde
1397 2735 1504 2773 suo
1546 2717 1653 2772 hoc
1695 2735 1808 2772 non
1843 2717 2090 2790 prophe-

445 2813 622 2876 tasse,
651 2807 879 2863 inducit
923 2807 1118 2878 ipsum
1151 2807 1335 2862 Deum
1367 2808 1592 2862 Patrem
1642 2807 1714 2860 de
1763 2806 1905 2861 Filio
1954 2821 2090 2860 cum

445 2896 588 2952 Filio
647 2896 1007 2969 loquentem,
1063 2896 1146 2951 sic
1203 2896 1404 2950 dicens
1439 2914 1504 2951 :u
1541 2895 1825 2950 Dominus
1867 2918 1894 2942 ιι
1927 2895 2092 2948 Pater

443 3009 471 3036 «
497 2986 696 3051 dixit,»
720 2986 775 3040 id
803 2990 892 3040 est
912 2986 984 3039 ab
1007 2989 1219 3040 aeterno
1242 2985 1552 3056 disposuit,
1578 3008 1605 3033 ‹‹
1633 2984 1877 3038 Domino
1908 3000 2036 3038 meo
2061 3005 2089 3032 ››

443 3075 580 3130 Jesu
631 3074 858 3128 Christo
919 3073 1062 3127 Filio
1120 3091 1246 3127 suo.
1282 3073 1387 3128 Ubi
1440 3073 1602 3139 dicit,
1629 3095 1656 3120 ‹‹
1692 3089 1840 3136 meo,
1866 3095 1892 3121 ιι
1929 3075 2092 3126 notat

441 3179 574 3217 eum
607 3161 716 3215 sibi
751 3160 1185 3215 familiariorem
1227 3178 1354 3215 esse
1401 3161 1555 3231 quod
1605 3161 1831 3215 Patrem
1866 3177 1968 3232 per
1996 3177 2089 3214 as-

445 3252 744 3320 sumptum
775 3247 1224 3314 humanitatem,
1247 3254 1304 3303 et
1337 3253 1528 3303 tamen
1571 3253 1737 3304 vocat
1777 3249 2087 3304 Dominum

442 3337 766 3392 secundum
801 3335 1096 3390 deitatem.
1130 3335 1290 3392 Unde
1340 3335 1466 3409 ipse
1509 3336 1776 3392 Christus
1807 3336 1947 3392 dicit
1995 3337 2089 3394 his

444 3426 542 3498 qui
578 3424 770 3480 solum
802 3424 1100 3481 hominem
1123 3443 1256 3482 eum
1279 3431 1572 3498 putantes,
1599 3426 1870 3481 dicebant
1900 3426 2087 3482 filium

440 3513 619 3570 David
655 3531 668 3570 :
695 3514 1050 3581 «Quomodo
1079 3531 1216 3588 ergo
1260 3515 1572 3571 Dominum
1612 3532 1746 3570 eum
1777 3521 1963 3584 vocat,
1994 3516 2088 3572 di-

437 3621 614 3660 cens:
650 3603 807 3660 Dixit
855 3602 1139 3660 Dominus
1187 3604 1434 3659 Domino
1481 3605 1774 3661 meozsed
1809 3623 1843 3662 a
1871 3605 2088 3662 dextris

439 3695 586 3751 meis
615 3694 819 3764 (Matth.
844 3696 982 3763 xxu)
1007 3710 1020 3748 :
1046 3715 1074 3743 ιι
1102 3710 1206 3766 per
1234 3694 1343 3749 hoc
1373 3693 1625 3750 innuens
1655 3712 1718 3750 se
1749 3713 1864 3750 non
1895 3695 2086 3750 solum

435 3784 760 3851 hominem,
812 3785 911 3840 sed
969 3783 1161 3838 etiam,
1201 3783 1406 3850 Deum,
1453 3785 1777 3840 secundum
1826 3787 1980 3857 quod
2031 3789 2090 3840 et

437 3874 615 3930 David
647 3878 704 3929 et
731 3874 995 3929 omnium
1019 3873 1266 3928 aliorum
1293 3873 1575 3930 Dominus
1604 3879 1747 3930 erat.
1769 3875 1914 3930 Cum
1947 3874 2089 3930 dicit

437 3963 660 4018 Patrem
715 3963 1052 4028 Dominum,
1084 3965 1140 4016 et
1181 3961 1392 4017 Filium
1442 3963 1778 4031 Dominum,
1812 3967 1977 4019 notat
2025 3963 2086 4018 in

439 4055 685 4122 utroque
731 4051 1014 4122 {aqualem
1064 4051 1404 4122 potentiam.
1439 4051 1594 4107 Dixit
1641 4053 1826 4124 Pater,
1859 4057 1916 4108 et
1955 4070 2086 4110 ecce

436 4139 578 4208 quid
611 4138 792 4194 dixit:
818 4162 845 4188 ‹‹
879 4139 1026 4193 Sede
1056 4156 1091 4192 a
1119 4139 1343 4195 dentris
1375 4140 1540 4208 meis,
1571 4164 1598 4189 ι)
1621 4141 1678 4196 id
1728 4147 1818 4197 est
1861 4143 2088 4216 expleta

437 4225 648 4281 militia
679 4229 802 4293 tua,
830 4230 886 4282 et
915 4230 1148 4298 peracta
1176 4227 1524 4294 obedientia,
1550 4229 1784 4300 quiesce
1815 4231 1874 4284 in
1907 4231 2089 4304 potio-

436 4311 602 4367 ribus
629 4311 801 4367 bonis
831 4311 998 4368 meis.
1033 4311 1193 4368 Licet
1223 4317 1418 4368 autem
1466 4331 1581 4370 non
1631 4314 1898 4388 legamus
1929 4319 2084 4390 quod

439 4400 606 4456 Pater
635 4401 706 4456 ad
741 4399 951 4456 Filium
984 4399 1130 4456 dixit
1177 4417 1281 4473 per
1330 4401 1452 4458 haec
1499 4403 1693 4473 verba,
1728 4409 1924 4461 tamen
1973 4407 2086 4462 sci-

437 4507 573 4545 mus
602 4507 669 4546 ea
700 4489 781 4545 ita
812 4490 992 4546 fuisse
1041 4490 1346 4564 dieposita,
1380 4491 1519 4564 quia
1563 4492 1646 4548 sic
1685 4493 1952 4551 videmus
1983 4497 2088 4552 im-

436 4578 611 4652 pleta.

506 4669 653 4724 Sede
699 4669 902 4724 tandiu
937 4686 972 4723 a
999 4669 1219 4726 dextris
1269 4671 1438 4739 meis,
1466 4695 1493 4721 ‹‹
1522 4673 1704 4729 donec
1741 4697 1768 4723 ››
1791 4692 1895 4748 ego
1917 4700 1945 4726 ‹‹
1981 4695 2082 4750 ρο-

438 4774 573 4812 nam
608 4757 876 4813 inimicos
907 4763 1039 4814 tuos
1068 4757 1388 4814 scabellum
1429 4761 1644 4832 pedum
1679 4767 1936 4834 tuorum,
1962 4788 1990 4814 ››
2024 4767 2080 4822 id

437 4851 528 4902 est
546 4846 728 4901 donec
759 4846 982 4902 inimici
1007 4848 1114 4918 tui,
1136 4847 1360 4904 scilicet
1391 4855 1812 4922 persecutores,
1843 4855 1942 4926 qui
1968 4873 2086 4912 mo—

437 4937 511 4990 do
540 4935 812 4990 videntur
842 4934 1054 4990 habere
1087 4936 1444 5005 Dominium,
1478 4943 1535 4993 et
1565 4943 1774 5012 putant
1805 4960 1866 4998 se
1900 4944 2085 5000 facere

437 5042 608 5098 posse
629 5029 832 5080 contra
848 5024 1202 5080 voluntatem
1225 5031 1409 5098 tuam,
1426 5026 1681 5100 plenarie
1697 5031 2088 5103 subjiciantur

436 5114 746 5188 tibi,quasi
779 5113 1100 5170 scabellum
1159 5117 1268 5171 sub
1325 5117 1591 5188 pedibus,
1627 5119 1867 5185 scilicet,
1901 5139 2088 5194 usque

439 5204 509 5259 ad
541 5205 694 5260 diem
719 5203 950 5276 judicii,
975 5203 1033 5258 in
1065 5221 1180 5277 qua
1203 5206 1420 5260 subditi
1445 5212 1615 5262 erunt
1645 5209 1770 5264 tibi.
1791 5233 1812 5260 ι
1844 5211 2032 5267 Donec
2057 5235 2085 5262 ››

439 5292 603 5362 dicit,
637 5311 750 5350 non
786 5294 941 5366 quod
973 5299 1173 5366 postea
1221 5313 1334 5350 non
1383 5296 1605 5364 sedeat,
1629 5298 1728 5352 sed
1760 5299 1898 5370 quia
1945 5305 2086 5357 tunc

439 5381 713 5437 omnibus
745 5383 1048 5455 apparebit
1077 5383 1388 5455 gloriosus,
1411 5386 1482 5440 de
1503 5402 1620 5458 quo
1643 5387 1878 5459 quidam
1913 5392 2085 5446 modo

443 5469 733 5526 dubitant.
754 5471 854 5526 Vel
883 5489 988 5542 per
1014 5473 1189 5543 pedes
1219 5472 1648 5530 humanitatem
1679 5475 1890 5532 Christi
1923 5478 2084 5536 intel-

442 5556 700 5630 ligimus,
733 5577 834 5632 per
865 5577 1040 5632 quam
1073 5561 1258 5617 deitas
1287 5563 1358 5616 ad
1392 5579 1497 5618 nos
1527 5563 1684 5619 venit
1712 5569 1770 5620 et
1797 5567 1966 5623 nobis
1995 5568 2082 5624 in-

442 5647 653 5724 notuit,
677 5647 770 5706 cui
802 5649 1154 5706 humanitati
1180 5667 1384 5710 omnes
1412 5651 1472 5708 in
1497 5653 1722 5727 judicio
1753 5660 1925 5715 erunt
1953 5659 2088 5718 sub-

2120 3231 2163 3296 C

2214 582 2496 656 telligent,
2521 588 2582 639 ut
2613 585 2662 640 ei
2695 585 2888 641 omnis
2932 585 3118 640 honor
3144 590 3202 640 et
3229 585 3414 656 gloria
3453 586 3725 650 conferri,
3759 587 3862 642 de-

2214 672 2365 740 beat,
2389 677 2444 727 et
2464 674 2656 728 omnis
2677 674 2728 729 ei
2749 679 3014 729 creatura
3038 673 3246 749 subjici
3273 675 3477 730 debeat
3499 680 3555 730 et
3574 679 3862 746 oporteat.

2281 760 2471 816 Verba
2499 763 2813 834 prophetae.
2849 763 3134 818 Dominus
3166 763 3334 818 Pater
3363 763 3508 819 dixit
3539 780 3606 818 :«
3641 763 3866 820 Ponam

2213 849 2484 905 inimicos
2517 857 2648 906 tuos
2679 851 2998 907 scabellum
3033 852 3250 924 pedum
3284 856 3520 907 tuorum
3557 869 3568 906 :
3599 875 3624 898 ιι
3647 856 3704 908 et
3733 869 3869 908 vere

2211 938 2433 993 inimici
2465 939 2548 994 tui
2582 939 2688 994 tibi
2731 939 3138 1010 subjicientur,
3173 940 3312 1012 quia
3355 941 3641 996 Dominus
3693 941 3871 997 Pater

2209 1027 2372 1081 dabit
2393 1051 2420 1076 «ι
2449 1028 2731 1099 virgam,»
2755 1029 2810 1082 id
2832 1032 2921 1083 est
2943 1027 3162 1100 regiam
3192 1033 3561 1100 potestatem,
3584 1046 3700 1102 qua
3720 1047 3868 1084 con-

2207 1115 2429 1187 fringas
2489 1115 2778 1182 inimicos,
2811 1121 2868 1171 et
2909 1133 3218 1173 conserves
3276 1122 3409 1173 tuos
3460 1135 3472 1172 :
3524 1118 3866 1190 cujusmodi

2205 1208 2552 1277 potestatem
2586 1205 2880 1278 signiﬁcat
2927 1208 3225 1276 sceptrum
3273 1206 3333 1261 in
3385 1207 3620 1278 regibus
3651 1223 3714 1262 εει
3747 1207 3871 1261 vir»

2203 1309 2337 1366 gam
2373 1315 2402 1341 »
2434 1293 2564 1348 dico
2586 1317 2614 1343 ‹‹
2648 1294 2881 1349 virtutis
2913 1298 3046 1362 ture,
3079 1317 3105 1344 »
3131 1295 3189 1350 id
3222 1299 3311 1350 est
3349 1295 3408 1350 in
3454 1312 3570 1368 qua
3613 1299 3871 1369 apparet

2203 1382 2365 1436 virus
2396 1387 2534 1438 tua:
2566 1381 2706 1454 quia
2735 1399 2882 1454 quos
2915 1383 3211 1450 defendes,
3235 1381 3436 1438 nullus
3482 1384 3694 1456 poterit
3738 1383 3869 1438 im-

2205 1471 2431 1542 pedire;
2485 1475 2541 1526 et
2599 1475 2820 1538 contra,
2853 1470 3067 1544 quibus
3125 1472 3384 1541 nocebis,
3417 1489 3586 1528 nemo
3643 1473 3875 1546 poterit

2206 1561 2533 1616 defendere.
2557 1561 2627 1616 Et
2670 1559 2822 1615 hanc
2851 1560 3074 1633 virgam
3110 1584 3138 1610 ‹‹
3173 1561 3402 1617 emittet
3447 1561 3728 1617 Dominus
3792 1578 3875 1616 ex

2205 1647 2344 1703 Sion
2373 1667 2400 1700 ιι
2431 1653 2494 1703 ut
2525 1665 2632 1704 sua
2663 1648 2998 1720 praedicatio
3029 1650 3100 1704 de
3141 1649 3277 1705 Sion
3320 1654 3512 1718 exeat;
3546 1651 3697 1705 unde
3727 1666 3877 1721 pro-

2203 1735 2376 1810 pheta
2402 1754 2456 1792 τι
2477 1737 2555 1792 De
2577 1737 2704 1792 sion
2731 1735 2910 1791 exibit
2935 1737 3022 1792 lex
3043 1738 3240 1807 (ΜίσΙι.
3272 1740 3404 1808 ιν).ιι
3434 1738 3761 1794 Transieris
3787 1739 3875 1793 ad

2202 1831 2425 1898 gentes,
2461 1829 2525 1880 ut
2565 1826 2702 1898 ipsae
2744 1829 2948 1898 gentes
2981 1825 3196 1881 Christi
3234 1826 3502 1899 regimini
3536 1826 3874 1898 subjician-

2199 1919 2298 1970 tur
2327 1933 2340 1970 :
2367 1919 2423 1969 et
2452 1915 2591 1987 quia
2633 1915 2880 1983 emittet,
2923 1932 2956 1969 ο
2986 1915 3234 1985 Christe,
3269 1936 3296 1970 ιι
3325 1915 3648 1972 dominare.
3673 1934 3699 1966 ι
3726 1915 3878 1971 Alia

2200 2003 2504 2059 translatio
2536 2004 2729 2071 habet,
2760 2024 2786 2055 (ι
2826 2004 3160 2061 dominabis
3195 2023 3208 2060 :
3245 2006 3302 2060 in
3354 2003 3543 2060 medio
3592 2005 3874 2060 inimico-

2200 2109 2332 2146 rum
2361 2097 2663 2160 tuorum,»
2693 2091 2748 2148 id
2784 2098 2874 2148 est
2905 2093 2963 2148 in
2995 2094 3292 2149 communi
3336 2092 3620 2160 omnium,
3655 2098 3720 2148 ut
3749 2094 3875 2166 qui

2201 2183 2364 2254 prius
2397 2181 2643 2250 inimici,
2679 2199 2806 2237 sese
2839 2181 2943 2238 tibi
2973 2199 3042 2238 ex
3087 2183 3320 2255 propria
3347 2181 3642 2237 voluntate
3671 2182 3876 2254 subji-

2199 2271 2357 2326 ciant
2389 2287 2401 2324 :
2437 2275 2522 2340 tu,
2557 2269 2706 2339 dico,
2741 2271 2905 2342 quasi
2951 2271 3202 2340 medius,
3235 2272 3308 2327 ad
3353 2288 3529 2344 quem
3577 2270 3870 2327 homines

2198 2377 2266 2414 ex
2295 2359 2454 2414 omni
2487 2364 2658 2432 gente
2687 2360 3054 2416 conveniant.

2275 2451 2539 2505 «Tecum
2571 2447 2948 2522 principium.
2971 2469 2997 2500 ιι
3027 2451 3201 2515 Quasi
3244 2448 3460 2506 diceret
3490 2467 3503 2506 :
3537 2470 3564 2504 ιι
3587 2453 3784 2505 tecum
3831 2471 3860 2503 ιι

2198 2543 2287 2593 est
2317 2537 2460 2593 mihi
2493 2560 2518 2590 ι·
2538 2537 2888 2610 principium
2912 2538 2972 2593 in
3004 2537 3417 2611 splendoribus
3445 2543 3862 2609 sanctorum;

2199 2627 2255 2681 id
2287 2631 2376 2682 est
2404 2626 2462 2682 in
2494 2626 2713 2699 Spiritu
2755 2632 2976 2694 sancto,
3010 2627 3108 2699 qui
3142 2626 3384 2682 diversis
3429 2627 3868 2699 splendoribus

2199 2721 2432 2772 sanctos
2464 2716 2716 2770 decorat.
2747 2715 2810 2769 In
2851 2715 2960 2770 hoc
3001 2719 3090 2770 est
3130 2715 3298 2771 nobis
3334 2715 3694 2788 principium
3733 2739 3761 2770 ιι
3799 2717 3866 2772 in

2198 2805 2312 2874 die,
2335 2825 2362 2856 ιι
2400 2804 2458 2859 id
2489 2809 2579 2860 est
2617 2803 2676 2858 in
2707 2802 2969 2859 claritate
3004 2826 3028 2856 ιι
3050 2803 3286 2860 virtutis
3315 2808 3448 2871 tum,
3468 2825 3498 2857 ιι
3522 2805 3583 2860 id
3614 2810 3706 2860 est
3739 2805 3873 2862 dei-

2197 2896 2357 2951 tatis.
2381 2896 2458 2950 Ac
2491 2893 2539 2949 si
2581 2893 2836 2948 diceret:
2869 2893 3148 2948 Identilas
3188 2898 3279 2950 est
3313 2893 3479 2961 mihi,
3512 2899 3572 2949 et
3602 2893 3866 2965 Spiritui

2197 2988 2398 3041 saneto
2418 2983 2752 3038 tecum.Nec
2768 2986 3363 3055 moveatquemquam
3384 3000 3487 3056 per
3503 2982 3867 3055 splendores

2197 3072 2504 3146 pluraliter
2540 3071 2721 3144 accipi
2767 3071 3063 3144 spiritum,
3095 3089 3230 3127 cum
3278 3072 3532 3128 Joannes
3581 3071 3773 3141 dicat,
3807 3077 3868 3129 et

2197 3162 2443 3235 spiritus
2465 3161 2628 3216 missi
2652 3161 2711 3214 in
2733 3177 2965 3215 omnem
2989 3165 3224 3215 terram.
3247 3159 3349 3216 Vel
3375 3160 3561 3215 aliter.
3576 3182 3605 3212 ιι
3625 3162 3863 3216 Tecum

2198 3250 2624 3324 principium.»
2667 3249 2806 3304 Pars
2851 3249 3128 3305 secunda.
3151 3248 3342 3304 Verba
3390 3247 3574 3304 Patris
3626 3249 3705 3304 ad
3765 3250 3864 3306 Fi-

2197 3337 2754 3396 lium.Continuatio
2780 3354 2792 3394 :
2818 3337 2958 3394 Dico
2984 3361 3004 3388 α
3041 3355 3076 3393 a
3115 3337 3333 3394 dextris
3373 3336 3592 3406 meis,n
3633 3342 3696 3394 et
3734 3356 3863 3395 me-

2197 3430 2308 3484 rito
2339 3431 2576 3502 propter
2605 3426 2952 3500 dignitatem
2977 3426 3296 3484 divinitatis
3325 3426 3406 3482 ita
3428 3425 3867 3486 sublimandus

2196 3523 2286 3574 est
2315 3517 2373 3572 in
2405 3521 2710 3589 assumpta
2737 3515 3122 3584 humanitate,
3148 3533 3325 3588 quam
3349 3515 3494 3572 mihi
3516 3519 3612 3573 est
3636 3517 3871 3590 princi-

2196 3607 2361 3681 pium
2409 3611 2623 3674 teeum,
2657 3605 2715 3660 id
2746 3608 2836 3660 est
2863 3608 2924 3659 tu
2976 3622 3040 3661 es
3096 3604 3448 3677 principium
3503 3610 3561 3662 et
3619 3613 3870 3664 creator

2197 3697 2460 3753 omnium
2495 3712 2710 3762 rerum,
2733 3698 2790 3750 et
2810 3694 2937 3750 sine
2957 3693 3143 3762 initio,
3168 3699 3223 3750 et
3253 3711 3359 3768 ego
3390 3694 3668 3751 similiter
3693 3715 3710 3752 :
3741 3715 3868 3754 non

2197 3787 2357 3855 dicit,
2382 3785 2485 3841 tibi
2517 3789 2607 3840 est
2636 3783 2991 3857 principium
3037 3799 3289 3852 mecum,
3323 3800 3395 3840 ne
3421 3783 3732 3840 videretur
3763 3787 3869 3842 de-

2197 3877 2430 3950 signare
2453 3873 2956 3929 immortalitatem
2978 3872 3036 3926 in
3061 3872 3374 3929 Filio.Cum
3401 3873 3560 3942 dicit,
3587 3875 3749 3931 mihi
3775 3883 3872 3932 est

2195 3969 2410 4030 tecum,
2427 3967 2590 4018 notat
2613 3959 3008 4017 diversitatem
3031 3977 3311 4032 personae.
3327 3963 3470 4017 Cum
3495 3960 3660 4030 dicit,
3691 3965 3868 4035 prin-

2195 4052 2414 4126 cipium
2454 4067 2683 4116 sumus,
2715 4052 2882 4104 notat
2924 4049 3378 4104 comternitatem
3414 4067 3427 4105 :
3460 4051 3714 4122 etquod
3753 4069 3871 4127 ego

2196 4159 2327 4198 sum
2359 4139 2715 4214 principium
2746 4142 2964 4204 tecum,
2988 4137 3292 4211 apparebit
3329 4138 3389 4194 in
3427 4139 3540 4207 die,
3573 4137 3634 4194 id
3667 4146 3774 4196 est
3806 4142 3869 4197 in

2195 4231 2519 4286 aeternitate
2563 4225 2944 4283 beatitudinis
2977 4243 2990 4282 :
3023 4226 3164 4298 quia
3198 4226 3415 4282 dicitur
3441 4227 3586 4298 dies,
3607 4235 3874 4304 propter

2195 4320 2569 4393 splendorem
2595 4333 2742 4372 vera:
2773 4315 3126 4389 cognitionis
3151 4332 3164 4372 :
3191 4315 3285 4372 die
3303 4315 3433 4372 dico
3452 4316 3691 4373 virtutis
3719 4324 3873 4388 tua,

2196 4411 2253 4466 id
2286 4409 2456 4466 estin
2487 4423 2604 4479 qua
2632 4405 2936 4479 apparebit
2955 4405 3142 4462 virtus
3165 4409 3287 4475 tua,
3307 4422 3427 4478 qua
3447 4410 3579 4462 tuos
3610 4423 3875 4465 corona-

2195 4498 2306 4566 bis,
2340 4495 2529 4552 malos
2573 4493 2906 4561 damnabis,
2938 4498 3048 4550 etc.
3078 4515 3105 4547 α
3135 4494 3198 4550 In
3247 4495 3341 4550 die
3387 4495 3622 4552 virtutis
3669 4499 3805 4553 tuae
3836 4517 3867 4550 ο

2113 4599 2159 4664 D
2191 4589 2340 4656 dico,
2359 4585 2602 4652 scilicet,
2624 4583 2683 4638 in
2707 4582 3121 4657 splendoribus
3142 4588 3503 4653 sanctorum,
3523 4584 3580 4640 id
3605 4589 3701 4640 est
3727 4605 3878 4644 san-

2193 4677 2270 4734 cti
2303 4675 2402 4749 qui
2435 4675 2495 4730 in
2546 4673 2654 4729 hac
2685 4673 2804 4728 vita
2849 4676 2990 4728 sunt
3022 4673 3272 4745 pannosi
3308 4678 3367 4729 et
3401 4673 3640 4746 hispidi,
3674 4680 3878 4732 erunt

2193 4763 2557 4822 immortales
2587 4767 2644 4818 et
2675 4761 3072 4835 impassibiles
3093 4762 3224 4818 facti
3249 4780 3262 4818 :
3290 4766 3349 4818 et
3374 4765 3516 4818 tunc
3544 4762 3657 4818 erit
3674 4780 3878 4822 verus

2194 4855 2489 4928 splendor,
2523 4851 2662 4924 quia
2692 4855 2833 4906 tunc
2874 4849 3201 4922 intelligent
3239 4852 3532 4924 quomodo
3571 4851 3776 4910 Filius
3809 4855 3878 4910 in

2196 4947 2384 5013 Patre,
2403 4947 2461 4998 et
2492 4940 2737 4997 Paterin
2763 4939 2904 4996 Filio
2927 4957 2940 4995 :
2969 4941 3124 4997 unde
3152 4941 3464 5014 Apostolus
3489 4940 3878 5000 :cVidemus

2197 5051 2352 5090 nunc
2400 5049 2503 5103 per
2546 5028 2852 5102 speculum
2884 5034 2940 5086 et
2970 5031 3028 5084 in
3075 5031 3383 5104 mnigmate
3413 5031 3462 5100 (I
3479 5031 3600 5088 Cor.
3645 5039 3812 5103 xm),
3839 5054 3870 5084 ι

2197 5128 2306 5180 etc.
2332 5122 2469 5177 Dico
2496 5119 2638 5175 mihi
2671 5122 2760 5175 est
2791 5118 3144 5192 principium
3179 5125 3390 5192 tecum,
3413 5125 3470 5176 et
3487 5137 3594 5194 ego
3627 5144 3656 5175 ιι
3675 5123 3878 5195 genui

2194 5218 2250 5268 te
2280 5229 2348 5267 ex
2381 5215 2564 5277 utero,
2585 5230 2610 5260 ιι
2642 5207 2862 5262 scilicet
2891 5226 2959 5264 ex
2991 5209 3200 5265 intima
3236 5213 3293 5265 et
3329 5214 3554 5267 secreta
3591 5214 3882 5270 essentia

2197 5319 2328 5358 mea
2357 5297 2634 5355 ineffabili
2665 5295 2955 5369 genitura,
2989 5315 3166 5370 quam
3199 5298 3392 5371 angeli
3421 5316 3662 5372 quoque
3693 5301 3882 5374 igno-

2197 5409 2322 5448 rare
2353 5390 2707 5447 creduntur:
2732 5388 2790 5440 et
2820 5384 2927 5442 hoc
2970 5404 3082 5443 non
3116 5387 3176 5442 in
3209 5393 3494 5462 tempore,
3515 5389 3620 5445 sed
3663 5411 3690 5444 ι
3722 5397 3884 5449 ante

2195 5481 2526 5545 luciferum,
2551 5498 2578 5530 ιι
2611 5475 2668 5530 id
2701 5478 2790 5528 est
2821 5492 2998 5547 quam
3047 5477 3220 5534 stella
3266 5476 3367 5533 illa
3414 5481 3724 5535 crearetur
3762 5497 3780 5536 :
3818 5486 3884 5538 et

2195 5588 2297 5644 per
2327 5570 2478 5625 hanc
2508 5571 2731 5640 partem
2775 5582 3010 5622 omnem
3061 5571 3388 5624 creaturam
3434 5565 3880 5641 intelligimus.

2194 5659 2290 5718 Vel
2316 5675 2420 5736 per
2441 5657 2749 5719 luciferum
2771 5657 3156 5736 intelligimus
3175 5656 3618 5734 diabolum,qui
3639 5660 3888 5719 cecidit
