4060 6180
437 343 555 405 583

439 492 668 532 manuue
715 477 866 533 hanc
913 494 1107 534 escam
1157 479 1587 552 prmﬁgurantis
1617 479 1808 548 (Exod.
1859 479 1996 547 XVI),
2029 493 2087 532 e-
2117 477 2174 543 Α

439 565 688 623 aliorum
721 566 817 622 Dei
845 566 1261 623 beneﬁciorum
1295 566 1587 624 similiter.

511 654 580 708 Et
613 652 762 708 hanc
792 665 987 709 escam
1019 655 1235 721 dando,
1270 679 1296 704 ‹‹
1329 673 1557 712 memor
1581 656 1747 723 erit,»
1779 656 1835 710 id
1866 659 1954 710 est
1975 672 2090 710 me-

442 756 664 796 morem
698 759 759 796 se.
789 743 1060 797 ostendet
1089 767 1115 792 ‹‹
1151 744 1508 798 Tcstamenti
1538 744 1652 815 sui,
1682 766 1708 793 »
1745 743 1801 796 id
1841 748 1930 798 est
1956 760 2086 814 pro-

441 829 742 884 missionis
772 829 1014 885 Abrahae
1065 832 1226 886 factze
1271 833 1422 903 (Gen.
1477 833 1612 904 xin)
1665 849 1677 885 :
1727 830 2089 886 'l‘estamenti

441 919 569 973 dico
598 919 781 972 duran
795 919 867 974 tis
897 944 922 968 ει
949 919 1007 974 in
1041 921 1493 976 smonlum.»Per
1521 921 1683 976 illam
1715 920 1870 974 enim
1893 937 2087 974 escam

441 1007 736 1079 accipiunt
768 1008 871 1062 ﬁlii
903 1009 1146 1064 Abrahae
1177 1014 1455 1066 internum
1503 1009 1988 1080 benedictionem,
2027 1010 2086 1063 in

438 1114 554 1168 quo
607 1097 959 1152 determinat
1005 1099 1160 1170 quod
1192 1099 1295 1154 illa
1323 1117 1458 1155 esca
1487 1100 1565 1156 sit
1595 1100 1762 1154 cibus
1807 1097 2088 1154 Dominici

437 1185 719 1258 corporis,
750 1185 891 1258 quia
918 1186 1033 1242 alia
1059 1204 1192 1243 esca
1236 1205 1352 1242 non
1402 1189 1567 1243 daret
1602 1187 1782 1242 vitam
1812 1192 2087 1243 azternam

435 1275 680 1330 Abraha:
711 1275 1064 1348 promissam
1093 1293 1106 1331 :
1131 1276 1618 1344 et«virtntem,»id
1650 1280 1739 1332 est
1767 1275 2088 1332 efﬁcaciam

438 1367 496 1418 et
525 1363 974 1436 completionem
1003 1382 1292 1421 «suorum
1325 1382 1590 1438 operum,
1617 1366 1706 1420 »ἰὰ
1741 1370 1830 1421 est
1858 1364 2091 1420 mirabi-

440 1451 584 1507 lium
614 1453 880 1526 patribus
911 1453 970 1508 in
1003 1454 1191 1526 ﬁgura
1218 1460 1643 1522 ostensorum,«
1671 1454 2088 1510 annuntiabit»

441 1559 544 1614 per
575 1541 982 1614 prmdicatores
1016 1565 1044 1592 «
1078 1543 1292 1616 populo
1323 1561 1428 1598 sne
1459 1567 1487 1594 η
1524 1543 1622 1614 qui
1655 1543 2093 1598 annuntiabunt

438 1631 824 1702 Christum,et
856 1633 1031 1686 ﬁnem
1059 1632 1205 1703 legis
1235 1649 1385 1699 esse,
1411 1637 1468 1686 et
1497 1632 1943 1704 completionem
1964 1649 2089 1686 om-

438 1719 604 1774 nium
635 1721 1068 1792 promissorum
1103 1721 1220 1776 Dei.

509 1808 595 1863 Ad
626 1807 736 1864 hoc
766 1809 1200 1877 annuntiabit,«
1223 1813 1288 1864 ut
1319 1810 1419 1864 det
1447 1808 1566 1864 illis
1603 1833 1630 1858 »
1663 1809 2088 1865 annuntiatori-

440 1897 552 1952 bus
586 1921 606 1948 ι
641 1897 1038 1953 hzereditatem
1069 1897 1455 1970 gentium,»id
1488 1903 1579 1954 est
1605 1903 1807 1969 gentes
1833 1898 1891 1953 in
1916 1899 2086 1954 hzere‘

439 1985 859 2054 ditatem,sicut
887 1987 1091 2042 Petrus
1111 1992 1168 2042 et
1196 1987 1411 2042 Paulus
1433 1987 1768 2042 habuerunt
1794 1987 2094 2044 haeredita-

438 2079 558 2129 tem
589 2080 647 2129 et
677 2075 1108 2146 possessionem
1140 2076 1199 2131 in
1234 2075 1664 2148 gentibus.Alia
1697 2076 1942 2130 materia
1958 2075 2088 2130 lau-

441 2163 532 2218 dis
561 2179 573 2218 :
605 2167 665 2218 et
693 2164 868 2219 etiam
902 2188 929 2214 «
963 2181 1142 2236 opera
1171 2181 1461 2219 mannum
1490 2165 1640 2234 ejus,
1675 2187 1702 2213 ››
1737 2164 1792 2218 id
1826 2169 1915 2219 est
1943 2163 2088 2218 divi-

443 2250 664 2318 nitatis,
697 2258 836 2308 sunt
863 2278 885 2304 «ι
923 2254 1132 2308 veritas
1162 2257 1219 2308 et
1238 2252 1556 2324 judicium.
1593 2274 1623 2302 »
1655 2251 2092 2323 Veritas,quan~

439 2344 566 2396 tum
615 2342 686 2396 ad
739 2342 943 2412 bonos,
996 2342 1208 2413 quibus
1255 2340 1624 2414 complentur
1669 2341 2089 2414 promissiones

441 2430 538 2485 Dei
573 2447 584 2486 :
619 2434 676 2486 et
698 2431 1012 2502 judicium,
1049 2435 1339 2502 quantum
1371 2431 1443 2486 ad
1475 2430 1606 2486 illos
1637 2435 1778 2486 sunt
1805 2448 1982 2502 opera
2019 2430 2088 2484 il-

442 2519 518 2587 la,
552 2536 700 2592 quos
732 2537 840 2574 suo
862 2521 1026 2590 justo
1048 2519 1274 2591 judicio
1304 2520 1548 2575 damnat
1581 2525 1748 2576 Deus.

510 2608 638 2662 Alia
669 2609 914 2664 materia
945 2608 1136 2663 laudis
1158 2625 1169 2663 :
1189 2608 1296 2662 hoc
1327 2609 1502 2663 etiam
1535 2609 1780 2664 materia
1807 2608 2084 2664 laudandi

445 2697 555 2752 erit
584 2697 753 2762 mihi,
787 2697 927 2769 quia
958 2721 985 2747 ‹‹
1012 2697 1210 2752 omnia
1241 2699 1521 2753 mandata
1539 2698 1668 2768 ejus
1703 2722 1728 2746 ››
1762 2701 1930 2752 suntu
1955 2699 2092 2752 ﬁde-

444 2785 575 2849 lia,»
613 2787 666 2841 id
702 2791 791 2841 est
820 2785 1121 2842 credibilia
1154 2803 1167 2841 :
1203 2786 1420 2858 quibus
1450 2787 1804 2842 credendum
1835 2787 2091 2858 est,quia

443 2874 908 2948 complentquod
935 2877 1286 2948 promittunt
1310 2877 1708 2932 :«conﬁrmata
1727 2875 1786 2931 in
1809 2875 2088 2931 szeculum

444 2965 853 3037 szeculi,»quia
874 2982 988 3021 non
1021 2970 1210 3037 potest
1239 2965 1506 3037 impediri
1539 2965 1908 3037 aliquatenus
1933 2967 2089 3037 quod

445 3052 959 3125 promittuntqnin
995 3056 1116 3120 ﬁat,
1149 3059 1205 3109 et
1234 3053 1328 3108 hic
1349 3059 1406 3108 et
1435 3055 1494 3109 in
1526 3054 1911 3124 futuro.Vel,u
1946 3071 2090 3109 con-

856 349 1263 409 IlAYMONlS
1297 345 1846 408 HALBERSTAT.
1877 341 2122 406 EPISC.
2159 339 2327 404 OPP.
2361 344 2564 404 PARS
2594 342 2642 404 l.
2676 379 2752 387 —
2783 341 3189 405 COMMENT.
3225 342 3419 402 BIBL.

3723 338 3841 401 58(-

2701 475 2774 531 ΙΝ
2815 473 3161 530 PSALMUM
3199 471 3334 529 CXI.

2196 567 2450 622 Trruws
2491 583 2505 622 :
2541 565 2796 633 Alleluia,
2837 565 3164 620 reversionis
3212 564 3399 634 Δοθιτί
3443 570 3496 619 et
3537 563 3842 620 Zachariae.

2273 679 2300 704 «
2339 655 2549 710 Beatus
2596 653 2701 709 vir.
2753 676 2782 705 »
2832 655 3024 725 Longe
3076 656 3207 724 post
3251 657 3486 724 tempus
3527 652 3845 725 prophetae,

2199 742 2471 815 captivati
2495 748 2636 797 sunt
2653 741 2912 798 Judzeiin
2927 739 3848 812 Babyloniam.Cumquequidam

2199 849 2297 886 rex
2329 836 2523 887 motus
2556 831 2788 904 pietate,
2820 831 3128 886 attendens
3159 828 3440 902 populum
3473 829 3571 884 Dei
3600 846 3752 896 esse,
3780 829 3850 884 li-

2199 920 2462 976 berasset
2490 920 2892 992 eos,przecepit
2922 924 2988 973 ut
3017 919 3274 973 redirent
3301 919 3365 973 in
3397 922 3613 972 terram
3654 935 3852 986 suam,

2198 1014 2256 1063 et
2277 1008 2560 1080 templum
2579 1009 2678 1064 Dei
2699 1009 3117 1064 reaadiﬁcarent
3139 1023 3153 1062 :
3183 1006 3240 1060 in
3259 1023 3377 1078 qua
3397 1007 3723 1063 reversione
3745 1023 3856 1064 sua

2196 1099 2443 1170 Aggzeus
2472 1102 2531 1152 et
2558 1096 2968 1168 Zacharia,qui
2997 1111 3127 1150 eam
3160 1094 3691 1167 reversionemjam
3716 1113 3856 1167 pro-

2197 1186 2598 1257 phetaverant,
2629 1202 2764 1240 cum
2816 1184 3104 1240 vidissent
3151 1182 3439 1257 templum
3487 1185 3853 1254 remdiﬁcari,

2197 1275 2522 1347 gaudentes
2549 1274 2622 1330 de
2653 1272 2761 1329 hoc
2789 1277 2848 1328 et
2877 1273 2950 1328 de
2983 1290 3092 1328 sua
3119 1273 3468 1340 reversione,
3499 1272 3706 1330 laudes
3735 1274 3856 1329 Deo

2197 1362 2653 1419 decantaverunt
2683 1379 2696 1417 :
2733 1366 2791 1417 et
2821 1361 3146 1417 secundum
3177 1360 3330 1416 hanc
3355 1361 3662 1417 historiam
3692 1363 3858 1418 vide-

2198 1457 2296 1508 tur
2325 1453 2538 1507 Esdras
2570 1450 2854 1523 propheta
2899 1450 3060 1506 hunc
3112 1451 3407 1524 psalmum
3454 1450 3795 1507 intitulasse
3841 1468 3857 1507 :

2196 1558 2314 1595 non
2345 1545 2540 1595 tamen
2573 1541 2729 1612 quod
2759 1541 2832 1594 de
2861 1539 3106 1595 historia
3138 1538 3508 1612 intelligeret,
3542 1540 3644 1596 sed
3694 1541 3858 1612 quod

2193 1629 2323 1702 ipse
2357 1629 2574 1684 Esdras
2601 1627 2870 1701 cognovit
2897 1627 3243 1700 prophetam
3285 1627 3642 1684 intellexisse
3672 1629 3861 1685 David

2193 1718 2259 1773 in
2290 1717 2399 1774 hoc
2429 1717 2677 1790 psalmo,
2711 1733 3122 1790 quemcunque
3151 1717 3388 1773 beatum
3415 1717 3608 1773 virum
3639 1716 3784 1774 laud
3799 1735 3856 1773 a-

2199 1823 2261 1863 re
2291 1807 2497 1873 Deum,
2523 1807 2594 1861 de
2624 1805 2731 1862 hoc
2763 1805 2918 1878 quod
2951 1805 3107 1860 Deus
3141 1805 3370 1861 reduxit
3387 1807 3636 1862 eum-de
3665 1806 3862 1879 Baby-

2199 1895 2376 1961 lonia,
2409 1894 2468 1950 id
2499 1899 2588 1950 est
2613 1895 2686 1950 de
2715 1892 3081 1950 confessione
3107 1894 3760 1965 peccatorum.Titulus
3783 1897 3862 1953 ita

2198 1984 2414 2058 legitur
2445 2001 2459 2040 :
2490 1982 2760 2062 Psalmus
2790 1982 2900 2038 iste
2927 1987 3019 2038 est
3048 1981 3304 2051 alleluia,
3337 1983 3396 2040 id
3427 1988 3519 2040 est
3563 1983 3700 2040 laus
3733 1984 3859 2054 Dei,

2197 2073 2328 2129 laus
2357 2073 2484 2129 dico
2515 2070 2947 2138 reversionis,id
2969 2077 3058 2128 est
3079 2071 3281 2128 habita
3305 2071 3362 2126 in
3384 2072 3862 2131 consideratione

2195 2162 2546 2218 reversionis
2596 2166 2822 2234 nostra
2860 2163 2932 2216 de
2982 2161 3300 2233 Babylonia
3346 2167 3728 2234 peccatorum
3789 2164 3860 2220 ad

2195 2251 2491 2306 cwlestem
2525 2249 2890 2306 Hierusalem
2925 2266 2938 2304 :
2977 2273 3005 2300 ‹‹
3038 2248 3383 2306 reversionis
3429 2273 3459 2300 »
3506 2250 3638 2307 dico
3672 2277 3703 2302 α
3741 2258 3862 2325 Ag~

2195 2341 2302 2413 gini
2349 2345 2407 2396 et
2453 2340 2762 2406 Zacharize,
2800 2362 2828 2388 ››
2859 2338 2918 2394 id
2949 2342 3039 2395 est
3083 2339 3350 2394 omnium
3375 2329 3727 2411 .justorum,
3762 2343 3861 2414 qui

2197 2446 2301 2502 per
2333 2433 2557 2502 partem
2591 2429 2686 2484 hic
2717 2427 3149 2500 signiﬁcantur.
3183 2429 3518 2484 Secundum
3566 2429 3863 2502 interpre-

2195 2519 2476 2574 tationem
2507 2517 2684 2572 etiam
2717 2517 3024 2573 nominum
3070 2515 3281 2572 horum
3322 2518 3470 2590 justi
3519 2518 3670 2574 bene
3727 2537 3862 2592 pos-

2196 2613 2338 2662 sunt
2367 2606 2616 2679 intelligi
2653 2623 2666 2661 :
2700 2608 2948 2678 Aggmus
3003 2623 3258 2676 namque
3306 2611 3627 2662 montanus
3679 2609 3861 2664 inter-

2197 2701 2479 2769 pretatur,
2512 2712 2615 2767 per
2645 2712 2820 2767 quem
2855 2695 3062 2750 merito
3099 2695 3248 2766 justi
3281 2695 3724 2768 intelliguntur,
3763 2697 3859 2770 qui

2194 2789 2338 2841 sunt
2367 2789 2616 2850 montes,
2661 2784 2717 2838 id
2769 2789 2859 2838 est
2907 2783 3010 2839 alti
3061 2783 3120 2838 in
3167 2783 3505 2840 virtutibus.
3538 2784 3860 2842 Zacharias

2193 2891 2329 2930 vero
2349 2873 2630 2930 solemnis
2663 2872 3098 2944 interpretatur,
3131 2889 3236 2944 per
3263 2889 3437 2946 quem
3469 2874 3620 2930 bene
3646 2875 3859 2931 ﬁdeles

2197 2962 2624 3035 intelliguntur.
2658 2961 2900 3017 Materia
2927 2967 3037 3027 est,
3065 2961 3162 3016 ubi
3185 2962 3393 3018 beatus
3422 2964 3494 3018 de
3527 2963 3859 3036 Babylonia

2197 3068 2486 3122 reversus,
2518 3051 2704 3106 Deum
2735 3049 2984 3106 laudans
3037 3066 3138 3122 pro
3187 3051 3534 3108 reversione.
3581 3052 3851 3109 Modus:

448 3143 678 3194 ﬁrmata
706 3140 766 3194 in
798 3141 1078 3196 smculum
1111 3141 1429 3208 szeculi,»id
1460 3147 1549 3195 est
1581 3160 1694 3197 non
1728 3142 2089 3214 perﬁcientia
2127 3211 2157 3215 ᾧ
2198 3142 2264 3195 In
2296 3141 2486 3212 prima
2515 3143 2676 3212 parte
2707 3139 2962 3194 ostendit
2998 3138 3139 3210 quid
3187 3139 3363 3196 faciat
3395 3139 3496 3215 vir
3513 3140 3757 3208 beatus,
3803 3145 3860 3198 et

445 3229 503 3283 in
537 3227 747 3282 saeculo
776 3228 886 3282 hoc
917 3230 1071 3299 quod
1104 3228 1578 3300 promittunt,sed
1613 3231 1669 3284 in
1704 3211 1898 3286 futuro
1921 3248 1934 3284 :
1959 3231 2088 3303 ipsa
2116 3211 2160 3278 (ἶ
2197 3211 2338 3300 quid
2371 3227 2483 3284 sibi
2512 3211 2615 3283 ﬁat
2641 3246 2676 3282 a
2705 3227 2974 3282 Domino.
3007 3227 3070 3282 In
3103 3229 3382 3295 secunda,
3416 3211 3544 3300 qua:
3575 3229 3798 3304 incipit
3835 3246 3856 3286 ς

435 3315 728 3370 mandata
757 3315 886 3369 dico
918 3339 944 3364 ‹‹
982 3317 1134 3370 facta
1161 3316 1220 3369 in
1249 3317 1491 3372 veritate
1517 3337 1546 3368 π
1593 3317 1653 3372 in
1703 3318 2089 3390 completione

446 3402 967 3475 promissionum,«
1003 3408 1061 3458 et
1090 3404 1360 3476 aequitate
1390 3429 1418 3456 ››
1451 3405 1591 3478 quia
1620 3406 1765 3461 nihil
1799 3407 2090 3464 invenitur

443 3493 500 3547 in
534 3491 618 3547 eis
649 3490 940 3564 iniquum.

517 3603 545 3632 ‹‹
580 3580 1081 3653 Redemptioncm.
1107 3605 1127 3631 ι
1168 3581 1304 3638 Pars
1337 3584 1528 3638 tertia.
1554 3583 1684 3640 Alia
1709 3587 1952 3642 materia
1973 3587 2091 3642 lau-

443 3670 934 3726 dis.Continuatio
953 3688 966 3726 :
987 3676 1293 3743 propterea
1323 3673 1497 3728 etiam
1531 3675 1852 3729 conﬁtebor
1871 3676 2090 3748 ei,quia

443 3759 568 3831 ipse
600 3784 626 3811 ‹‹
659 3760 822 3816 misit
852 3760 1312 3833 redemptionem
1349 3761 1560 3834 pepulo
1582 3781 1708 3832 suo,
1734 3787 1761 3813 »
1797 3764 1854 3818 id
1877 3771 1967 3820 est
1986 3782 2087 3837 p0-

443 3849 647 3922 pulum
680 3867 856 3905 suum
889 3850 960 3905 de
981 3851 1259 3906 servitute
1281 3850 1497 3906 diaboli
1519 3850 2092 3909 liheravit:ct«man-

436 3938 604 3993 davit
634 3961 661 3988 ››
698 3937 960 4005 etiam,id
983 3943 1072 3993 est
1101 3939 1237 3994 fecit
1266 3939 1602 3995 annuntiari
1628 3958 1728 4012 per
1753 3941 2088 4014 praedicato-

441 4041 536 4080 res
565 4043 668 4096 per
692 4026 982 4081 mundum
1016 4050 1042 4076 ‹‹
1078 4029 1542 4096 Testamentum,
1567 4029 1791 4084 scilicet
1819 4035 2088 4088 sanctum

441 4113 842 4184 Evangelium,
865 4114 1215 4169 duraturum
1248 4140 1274 4166 ‹‹
1306 4117 1362 4172 in
1396 4122 1739 4184 mternum,»
1771 4120 1912 4190 quia
1931 4125 2091 4176 mter-

439 4218 548 4257 nos
580 4201 752 4257 faciet
773 4203 993 4274 justas.

510 4289 638 4345 Alia
664 4289 855 4346 laus.«
879 4290 1101 4346 Nomen
1135 4312 1164 4340 ››
1196 4290 1542 4365 etiamaejus
1571 4299 1898 4365 sanctum,»
1920 4297 1978 4353 id
2000 4303 2091 4355 est

437 4377 609 4434 dulce
637 4383 696 4433 et
725 4379 943 4434 bonum
966 4379 1486 4451 gustantibus,non
1513 4383 1650 4454 quia
1673 4385 2086 4455 profertur,sed

437 4467 580 4540 quia
607 4467 886 4534 creditur,
913 4471 972 4524 et
999 4469 1305 4524 credentes
1355 4469 1548 4525 Salvos
1583 4471 1718 4526 facit
1746 4476 1804 4526 et
1832 4477 2089 4544 sanctos,

2202 3340 2224 3368 ι
2259 3319 2537 3373 Exortum
2567 3320 2656 3372 est
2683 3315 2745 3370 in
2797 3315 3075 3381 tenebris,
3111 3338 3140 3364 ››
3171 3317 3430 3374 ostendit
3475 3335 3580 3390 per
3627 3320 3860 3376 adven-

2194 3412 2324 3462 tum
2354 3405 2588 3472 Christi,
2623 3405 2682 3460 in
2712 3422 2828 3477 quo
2858 3404 3127 3461 homines
3159 3405 3588 3476 illuminantur,
3623 3409 3861 3482 accipe-

2193 3513 2258 3552 re
2289 3510 2652 3567 quaecunque
2683 3493 2902 3549 habent
2931 3494 3086 3550 dona
3111 3494 3332 3568 gratiis.
3380 3495 3442 3551 In
3489 3496 3687 3564 tertia,
3733 3515 3862 3570 quae

2197 3590 2286 3639 est
2319 3600 2332 3639 :
2371 3605 2399 3632 ιι
2431 3583 2702 3637 Peccator
2730 3581 2970 3650 videbit,
3006 3606 3034 3633 υ
3065 3583 3322 3639 ostendit
3351 3583 3523 3640 malis
3554 3587 3862 3644 contrarie

2197 3670 2443 3736 evenire,
2476 3688 2654 3742 quam
2692 3669 2811 3724 illis
2843 3671 2943 3742 qui
2977 3689 3079 3743 per
3108 3673 3423 3728 adventum
3467 3673 3688 3730 Christi
3730 3677 3859 3732 tue-

2198 3766 2337 3815 runt
2368 3759 2705 3815 illuminati.
2739 3759 2990 3815 Intentio
3020 3765 3109 3816 est
3138 3763 3489 3833 persuadere
3519 3763 3720 3819 Deum
3765 3783 3865 3821 no-

2199 3849 2289 3904 bis
2319 3848 2704 3915 laudandum,
2738 3847 2836 3920 qui
2869 3848 2952 3903 ita
2981 3849 3207 3905 reducit
3229 3850 3430 3906 ﬁdeles
3459 3867 3600 3907 suos
3635 3853 3716 3910 de
3748 3855 3860 3911 Bn-

2198 3937 2430 4012 bylonis
2449 3941 2844 4010 peccatorum.

2267 4027 2389 4083 Vox
2420 4025 2826 4100 prophetm,vel
2861 4025 3112 4098 alicujus
3133 4026 3288 4084 beati
3315 4027 3533 4098 viri,sic
3555 4029 3824 4088 dicentis
3839 4049 3860 4088 ε

2199 4139 2227 4166 ‹‹
2259 4115 2363 4172 Vir
2394 4138 2423 4165 ››
2454 4114 2549 4171 ille
2585 4135 2611 4166 α
2633 4115 2840 4170 beatus
2861 4137 2898 4166 ι»
2931 4120 3038 4183 est,
3059 4114 3160 4187 qui
3191 4133 3307 4172 non
3338 4133 3442 4188 per
3460 4117 3642 4174 devia
3673 4120 3862 4194 hujus

2199 4204 2406 4261 mundi
2437 4204 2647 4276 quaerit
2676 4203 3122 4271 beatitudinem,
3154 4205 3258 4260 sed
3288 4205 3397 4262 hac
3426 4205 3584 4263 brevi
3606 4214 3674 4266 et
3705 4227 3864 4266 eom-

2199 4294 2482 4368 pendiosa
2512 4292 2624 4360 via,
2659 4291 2880 4348 scilicet
2909 4315 2936 4342 «
2973 4291 3075 4364 qui
3108 4293 3276 4349 timet
3303 4293 3622 4351 Dominum
3659 4321 3686 4351 ι
3725 4315 3864 4356 vero

2198 4383 2428 4439 timore.
2462 4381 2533 4436 Et
2562 4397 2742 4453 quare
2771 4381 2900 4437 ideo
2933 4381 3033 4454 qui
3065 4384 3231 4439 timet
3275 4387 3366 4440 est
3415 4385 3670 4442 beatus?
3697 4387 3863 4454 Quia

2199 4472 2296 4527 ille
2327 4471 2543 4527 timens
2574 4494 2601 4521 «
2635 4470 2788 4527 volet
2816 4470 2877 4526 in
2910 4472 3206 4529 mandatis
3225 4474 3374 4544 ejus,
3393 4496 3420 4523 »
3437 4473 3496 4529 id
3525 4479 3618 4531 est
3651 4477 3864 4533 velun—

441 4580 471 4646 εἰ
499 4557 966 4646 terribile-malis
998 4563 1267 4630 respectu
1297 4559 1479 4613 futuri
1497 4558 1729 4629 judicii.
1762 4561 1888 4616 Alia
1917 4561 2086 4621 laus:
2119 4581 2168 4646 D
2197 4567 2379 4617 tatem
2410 4559 2650 4616 habebit
2679 4559 2963 4632 implendi
2991 4566 3279 4634 precepts
3305 4561 3434 4633 ejus
3468 4568 3572 4619 :et
3595 4563 3862 4622 hoccni-

433 4645 507 4700 Et
537 4669 564 4694 α
598 4645 776 4700 timor
808 4668 829 4694 ι
867 4644 1027 4701 illius
1059 4670 1088 4697 ››
1127 4645 1382 4715 Domini,
1415 4670 1444 4697 »
1478 4647 1618 4719 quia
1647 4665 1783 4704 cum
1811 4649 2090 4708 timemus
2121 4644 2156 4646 _
2199 4649 2366 4717 mis,»
2403 4649 2462 4703 id
2495 4653 2586 4704 est
2613 4647 2800 4704 valde.
2836 4649 2970 4704 Ideo
3002 4665 3116 4705 non
3149 4649 3292 4706 dicit
3340 4651 3529 4719 faciet,
3559 4654 3671 4709 sed
3699 4677 3732 4705 «
3769 4673 3868 4711 vo-

438 4735 703 4788 futurum
725 4733 1010 4804 judicem,
1059 4741 1116 4792 et
1160 4736 1593 4792 vindicaturum
1643 4738 1714 4793 de
1764 4739 1956 4808 malis,
2001 4745 2091 4798 est

437 4844 463 4872 ‹‹
500 4820 733 4875 initium
771 4845 798 4870 »
829 4839 975 4878 verae
1013 4847 1033 4872 α
1071 4823 1390 4896 sapientiae,
1423 4847 1450 4878 »
1488 4823 1625 4897 quia
1669 4825 1778 4883 hoc
1823 4828 1978 4885 mala
2005 4831 2086 4885 vi-

433 4915 631 4966 tamus
661 4914 720 4965 et
753 4910 906 4966 bona
939 4911 1208 4966 facimus.

506 4999 575 5054 Et
600 5022 627 5049 ‹‹
661 4998 1022 5055 intellectus»
1043 4999 1200 5056 illius
1229 5001 1552 5068 timoris,id
1586 5009 1676 5059 est
1706 5004 1755 5060 si
1785 5007 1919 5078 quis
1941 5008 2086 5065 bene

435 5087 709 5162 intelligit
739 5089 878 5160 quid
911 5089 1023 5144 sibi
1055 5090 1132 5145 sit
1163 5089 1516 5160 faciendum,
1551 5097 1640 5146 est
1673 5115 1700 5142 «
1732 5093 1942 5162 bonus,
1969 5118 1996 5144 »
2028 5096 2086 5152 id

433 5178 522 5231 est
553 5175 715 5232 utilis
746 5194 760 5233 :
793 5181 850 5231 et
880 5176 988 5233 hoc
1015 5196 1130 5234 non
1161 5177 1628 5251 intelligentibus
1656 5183 2086 5250 tantum,scili-

433 5267 524 5318 cet
551 5262 677 5319 sine
707 5267 1288 5332 actu,sed«omnibus
1311 5267 1660 5324 facientibus
1690 5271 2087 5328 eum-intelle-

433 5355 614 5420 ctum,
649 5354 706 5408 id
737 5359 827 5409 est
855 5372 922 5410 ea
951 5357 1383 5429 complentibus
1423 5374 1548 5428 qua:
1600 5358 1779 5430 exigit
1826 5360 2083 5416 intellec-

435 5445 552 5495 tus.
581 5441 703 5510 Vel,
737 5466 764 5491 ‹‹
801 5443 1150 5501 facientibus
1181 5461 1370 5511 eam,»
1405 5445 1459 5500 id
1490 5450 1580 5502 est
1608 5447 1956 5519 sapientiam
1993 5455 2086 5506 :et

436 5550 466 5579 «
499 5526 756 5586 laudatio
785 5531 913 5602 ejus
946 5537 1143 5588 manet
1188 5533 1248 5588 in
1291 5533 1572 5592 szeculum
1627 5535 1844 5606 szeculi,
1883 5537 2086 5610 [quia

433 5617 490 5675 et
519 5613 613 5674 hic
641 5621 700 5676 et
728 5617 790 5675 in
815 5619 1010 5680 futuro
1041 5619 1403 5681 laudabitur.

2199 4738 2278 4794 let
2311 4755 2324 4794 :
2363 4761 2390 4788 ››
2425 4737 2564 4810 quia
2595 4736 2644 4792 si
2679 4737 2831 4792 bona
2860 4737 2937 4792 sit
2962 4737 3252 4806 voluntas,
3285 4743 3346 4796 et
3373 4739 3544 4796 detur
3572 4741 3862 4810 facultas,

2196 4845 2328 4884 vere
2359 4827 2634 4898 perﬁciet.
2672 4825 2731 4880 Si
2780 4831 2975 4882 autem
3023 4843 3139 4883 non
3186 4827 3263 4883 sit
3287 4828 3537 4887 facultas
3568 4830 3863 4900 faciendi,

2197 4915 2417 4973 sufﬁcit
2447 4916 2600 4970 bona
2628 4913 2917 4970 voluntas.
3078 4978 3090 4989 .
3611 4967 3620 4974 .

2268 5005 2514 5061 Ostenso
2544 5002 2686 5075 quid
2718 5004 2893 5060 faciat
2923 5005 3378 5072 beatus,scilicet
3401 5031 3430 5057 «
3463 5007 3563 5081 qui
3595 5008 3783 5066 timet
3803 5015 3868 5066 et

2194 5092 2346 5150 volet
2376 5092 2436 5164 in
2467 5091 3084 5160 mandatis,»ostendit
3103 5093 3242 5166 quid
3273 5096 3377 5150 ﬁat
3405 5095 3488 5150 illi
3519 5097 3862 5168 beato,sic:

2197 5183 2329 5239 Ideo
2359 5182 2565 5236 beatus
2596 5180 2726 5248 erit,
2767 5181 2910 5250 quia
2940 5206 2966 5232 ι(
3003 5199 3202 5238 semen
3231 5185 3381 5256 ejus,
3412 5207 3442 5236 »
3471 5184 3531 5240 id
3562 5190 3653 5241 est
3700 5187 3870 5244 bona

2191 5287 2369 5343 opera
2397 5268 2606 5342 ipsius,
2640 5293 2667 5320 «
2701 5271 2812 5325 erit
2843 5275 3068 5342 potens,
3103 5296 3126 5324 ι
3165 5272 3219 5327 id
3251 5278 3340 5330 est
3367 5274 3542 5331 faciet
3568 5291 3713 5332 eum
3749 5295 3866 5350 po-

2194 5364 2414 5416 tentem
2445 5383 2474 5410 ‹‹
2507 5360 2565 5413 in
2595 5363 2751 5415 terra
2781 5369 2803 5412 ἰ
2852 5360 3196 5416 viventium.
3246 5362 3349 5418 Hic
3400 5363 3638 5436 quidem
3697 5366 3870 5422 bona

2191 5449 2448 5522 operatio
2479 5449 2646 5520 quasi
2681 5448 2976 5520 impotens
2996 5450 3249 5523 est,quia
3279 5451 3340 5507 in
3372 5453 3580 5508 timore
3608 5469 3872 5527 semper

2191 5555 2421 5604 sumus,
2463 5554 2536 5593 ne
2565 5553 2696 5592 eam
2747 5538 3024 5596 diabolus
3075 5540 3358 5612 impediat
3403 5541 3684 5598 timentes
3723 5560 3740 5598 :
3781 5543 3870 5600 ibi

2191 5629 2388 5686 autem
2411 5642 2518 5685 nos
2539 5625 2702 5687 nulla
2730 5627 3204 5702 tentatio,nullus
3221 5630 3400 5692 timor
3426 5629 3644 5708 poterit
3659 5629 3874 5712 impe-
