4060 6180
208 341 309 405 ωδ

1377 349 1875 411 EXPLANATIO
1920 351 1995 410 ΙΝ
2042 353 2425 416 PSALMOS.

3484 369 3603 428 586

202 473 477 531 direldeo
494 490 693 532 semen
713 490 889 548 opera
909 476 1510 550 dicimus,quia,sicut
1529 499 1598 537 ex
1618 481 1843 538 semine
1872 483 1928 551 Α
1958 472 2185 540 videtur
2204 502 2332 543 esse
2353 487 2667 544 derelictus
2688 490 3037 548 et-oblivioni
3067 495 3339 566 traditus,
3365 519 3393 547 «
3415 499 3527 555 erit
3546 500 3605 556 in

200 563 450 618 fructum
480 560 869 634 multiplicem
899 570 1329 637 exspectamus,
1356 568 1439 625 sic
1460 571 1529 624 ad
1554 570 1662 625 hoc
1694 570 1848 626 bona
1956 573 2239 630 memoria
2264 598 2288 623 ››
2310 575 2732 650 Domini,quod
2755 581 3059 651 apparebit
3080 560 3602 655 quandovdicetm‘:

200 668 367 722 opera
386 651 772 720 seminamus,
796 656 862 707 ut
891 670 960 708 ex
978 654 1064 710 eis
1088 655 1342 711 fructum
1378 658 1760 730 multiplicem
1786 660 1841 714 in

196 738 411 796 caelesti
439 738 807 812 colligamus.
832 742 967 798 Ideo
998 743 1175 799 etiam
1208 744 1424 801 dicitur
1452 748 1679 815 beatus,
1706 749 1844 819 quia

200 850 229 883 ι
246 829 543 901 generatio
563 833 910 899 rectorum,»
929 832 986 887 id
1007 837 1119 899 est,
1141 851 1421 905 sequaces
1443 840 1498 891 et
1521 837 1842 893 imitatores

192 919 501 988 justorum,
533 939 561 973 ι
590 919 1030 988 benedicetur,»
1057 921 1116 977 id
1141 928 1249 992 est,
1274 923 1333 978 in
1359 925 1675 981 virtutibus
1695 926 1844 981 mut-

200 1006 574 1078 tiplicabitur.

261 1096 393 1150 Ideo
424 1095 603 1151 etiam
632 1096 838 1153 beatus
869 1099 999 1166 erit,
1025 1098 1165 1171 quia
1206 1122 1233 1154 ν
1258 1102 1315 1156 in
1348 1103 1521 1157 domo
1552 1105 1703 1175 ejus,
1728 1127 1751 1156 ι
1781 1103 1838 1158 id

199 1189 279 1239 est
306 1183 367 1239 in
400 1185 573 1240 corde
606 1185 814 1259 ipsius,
840 1187 901 1243 in
923 1205 1041 1261 qua
1060 1191 1233 1245 domo
1254 1190 1379 1262 ipse
1402 1193 1650 1264 quiescit
1678 1210 1711 1248 a
1742 1210 1842 1248 sae-

200 1271 373 1328 culari
404 1273 684 1343 tumultu,
709 1279 797 1332 est
824 1296 851 1328 α
879 1275 1065 1349 gloria
1085 1296 1112 1331 ι)
1138 1279 1209 1334 de
1243 1280 1496 1353 puritate
1528 1300 1647 1338 sum
1678 1294 1842 1338 co’ns—

194 1361 433 1419 oieutite.
449 1362 613 1419 Unde
632 1364 945 1436 Apostolus
968 1385 1019 1422 τι
1036 1367 1235 1425 Gloria
1255 1373 1455 1427 nostra
1474 1375 1563 1427 est
1585 1372 1841 1429 testimo-

197 1451 354 1509 nium
384 1453 754 1510 conscientiae
785 1460 998 1512 nostrze
1020 1457 1097 1529 (II
1114 1458 1236 1514 Cor.
1264 1460 1303 1531 ι)
1335 1481 1357 1510 ι
1385 1477 1399 1514 :
1426 1482 1447 1510 α
1470 1465 1528 1516 et
1548 1461 1782 1530 divitiae,
1804 1484 1834 1516 υ

192 1541 411 1599 scilicet
453 1541 752 1613 sapientiae
783 1548 841 1601 et
877 1545 1202 1602 charitatis.
1236 1548 1337 1604 Vel
1395 1549 1627 1618 divitiae,
1661 1551 1720 1606 id
1750 1556 1841 1608 est

190 1629 513 1687 observatio
536 1631 858 1689 multorum
880 1635 1293 1693 mandatorum
1321 1638 1422 1694 Dei
1448 1656 1503 1694 tu
1522 1644 1581 1695 et
1602 1641 1839 1711 justitia

191 1720 335 1791 ejus,
361 1739 390 1775 ο
426 1719 485 1776 id
516 1724 609 1776 est
646 1736 868 1781 merces
905 1727 963 1780 et
1005 1726 1333 1796 retributio,
1366 1744 1545 1799 quam
1596 1728 1839 1801 accipiet

196 1825 290 1882 pro
323 1809 580 1881 justitia,
622 1831 650 1865 ι
679 1816 883 1872 manet
926 1811 987 1869 in
1045 1814 1325 1872 swculum
1385 1816 1601 1887 saeculi,
1626 1835 1654 1869 ιο
1698 1818 1838 1889 quia
1864 1854 1914 1920 Β

199 1900 395 1920 _.-___
428 1898 531 1920 ,μη
884 1910 891 1915 .

192 1900 403 1955 eterna
422 1898 553 1954 erit.

252 2007 279 2041 ι
312 1987 595 2047 Exortum
653 1994 762 2046 est.
802 2012 826 2040 ι
863 1991 1001 2047 Pars
1059 1994 1336 2050 secunda.
1392 1996 1763 2051 Continuatio
1817 2011 1832 2052 :

190 2077 363 2143 Quasi
383 2077 603 2135 diceret
623 2093 638 2135 :
661 2078 826 2136 Unde
846 2079 955 2136 hoc
976 2083 1274 2153 proveniet
1293 2083 1467 2138 alicui
1498 2084 1669 2140 beato
1690 2084 1834 2152 viro,

191 2166 335 2236 Quod
371 2165 482 2222 hoc
518 2167 707 2238 possit
746 2168 978 2225 facere?
1008 2170 1154 2236 Quia
1191 2189 1392 2228 verum
1421 2197 1441 2222 α
1476 2172 1736 2242 lumen,»
1777 2173 1834 2227 id

188 2258 289 2320 est,
316 2254 614 2324 Christus,
647 2277 673 2311 ι
701 2262 793 2314 est
838 2262 1106 2316 exortum
1132 2283 1154 2310 ι
1193 2261 1568 2333 corporaliter
1597 2287 1624 2312 «
1662 2262 1719 2317 in
1753 2266 1835 2318 te-

190 2344 441 2413 nebris,»
464 2345 520 2401 id
549 2350 658 2414 est,
692 2346 753 2402 in
783 2347 895 2404 hoc
935 2350 1177 2416 mundo,
1202 2350 1301 2422 qui
1347 2355 1480 2409 ante
1520 2352 1834 2408 adventum

188 2432 400 2491 Christi
430 2434 681 2491 tenebrae
710 2440 895 2504 erant,
929 2437 1066 2509 quia
1098 2438 1157 2494 in
1197 2456 1264 2495 eo
1303 2440 1553 2496 tenebrae
1583 2445 1641 2497 et
1670 2441 1834 2514 igno-

190 2522 371 2579 rantia
400 2524 517 2580 veri
560 2524 696 2580 boni
746 2526 1092 2598 regnabant.
1130 2527 1289 2584 Unde
1339 2528 1519 2585 Isaias
1553 2548 1567 2585 :
1599 2549 1622 2577 ι
1648 2531 1833 2602 Popu-

190 2610 273 2668 lus
301 2611 409 2684 qui
439 2612 705 2670 ambulat
741 2613 800 2670 in
830 2615 1110 2685 tenebris,
1143 2615 1289 2672 vidit
1318 2617 1508 2674 lucem
1559 2636 1833 2693 magnam

185 2701 303 2771 (Ita.
336 2703 496 2770 11).»
521 2702 592 2761 Et
639 2702 698 2759 in
746 2704 1058 2777 Evangelia
1105 2723 1170 2760 ει
1206 2707 1277 2764 Et
1323 2706 1424 2763 lux
1468 2708 1530 2763 in
1580 2708 1834 2766 tenebris

186 2788 329 2847 lucet
362 2791 545 2860 (loco.
576 2794 641 2860 1).
670 2816 692 2842 ι
720 2793 946 2851 Lumen
977 2794 1107 2851 dico
1151 2812 1265 2851 non
1298 2796 1496 2853 valens
1535 2796 1832 2863 omnibus,

184 2879 279 2936 sed
314 2898 337 2928 ι
373 2880 571 2950 rectis,
596 2902 627 2930 ››
647 2880 708 2938 id
736 2886 829 2940 est
873 2881 994 2938 illis
1042 2883 1142 2956 qui
1173 2901 1273 2940 cor
1300 2901 1476 2941 suum
1526 2887 1599 2941 ad
1648 2885 1835 2942 imita-

189 2968 404 3026 tionem
425 2967 643 3028 Christi
663 2969 867 3028 volunt
886 2970 1157 3045 dirigere.
1178 2974 1250 3029 Et
1277 2974 1434 3047 quod
1459 2978 1549 3031 est
1569 2974 1715 3030 illud
1737 2991 1836 3030 no-

189 3057 354 3113 men?
387 3057 622 3115 Scilicet
649 3058 746 3116 ille
777 3060 875 3132 qui
915 3082 943 3114 ι
974 3060 1307 3119 misericors
1329 3088 1352 3116 ι
1389 3067 1481 3120 est
1508 3063 1569 3119 in
1598 3068 1829 3136 natura,

194 3171 214 3198 ι
243 3153 297 3203 et
322 3146 643 3205 miserator
675 3170 698 3198 ιι
732 3148 792 3205 in
844 3149 1221 3221 exhibitione,
1256 3151 1409 3208 sicut
1456 3152 1568 3208 fuit
1598 3154 1832 3224 quando

196 3258 214 3286 ι
238 3235 501 3309 seipsum
520 3235 841 3295 exinanivit
871 3238 1119 3296 formam
1140 3241 1291 3297 servi
1322 3223 1688 3312 accipiensza
1712 3245 1772 3297 et
1803 3265 1825 3296 ι
1861 3223 1906 3288 C

189 3324 351 3382 etiam
386 3329 482 3383 est
506 3346 531 3374 ι
560 3326 838 3397 justus,»
865 3328 923 3383 id
971 3333 1062 3386 est
1107 3330 1358 3401 puniens
1404 3334 1659 3402 peccata.
1681 3350 1709 3384 υ
1735 3329 1836 3387 Vel

194 3434 215 3465 ι
238 3414 444 3485 justus
477 3415 746 3488 (Philipp.
768 3417 853 3488 ιι),
881 3440 904 3471 ι
944 3417 1085 3491 quia
1132 3418 1246 3475 fuit
1291 3419 1573 3476 immunis
1618 3436 1652 3476 a
1702 3436 1834 3491 pec-

188 3506 431 3563 cato:et
458 3520 566 3576 per
613 3503 720 3563 has
760 3505 1274 3565 determinationes
1304 3508 1599 3566 Christum
1644 3508 1833 3566 mani-

185 3589 317 3647 feste
347 3591 766 3666 intelligimus.

246 3680 458 3738 Exorto
490 3680 771 3752 lumine,c
795 3683 973 3744 homo
995 3702 1024 3740 ο
1050 3686 1239 3743 factus
1269 3705 1289 3735 ι
1305 3687 1632 3758 jucundus,
1652 3708 1680 3740 ι)
1712 3688 1828 3757 ille,

182 3769 425 3843 scilicet,
458 3772 789 3843 jucundus,
818 3796 839 3824 α
877 3775 979 3847 qui
1027 3776 1339 3833 miseretur
1362 3802 1383 3829 ι
1420 3776 1480 3831 in
1529 3777 1831 3833 affectione

178 3874 345 3931 super
373 3859 642 3933 aliquem
674 3862 1081 3921 necessitatem
1114 3864 1426 3937 patientem
1454 3882 1467 3920 :
1498 3866 1653 3937 quod
1686 3867 1831 3921 satis

180 3952 261 4003 est
286 3949 356 4005 ad
388 3948 677 4020 salutem,
709 3950 759 4009 si
803 3951 900 4009 ille
933 3952 1221 4010 miserans
1270 3969 1384 4009 non
1434 3954 1646 4010 habeat
1675 3955 1830 4026 quod

178 4033 479 4109 impendat
529 4056 599 4096 ει
630 4044 688 4097 et
720 4064 742 4092 ι
778 4058 913 4098 cum
972 4056 1123 4113 Opus
1181 4047 1291 4108 est,
1333 4044 1383 4099 si
1435 4044 1577 4115 quid
1631 4043 1830 4113 habet,

180 4145 203 4173 ι
224 4129 619 4198 commodat,»
648 4129 704 4185 id
728 4134 836 4199 est,
863 4130 1164 4188 distribuit
1186 4132 1449 4205 pauperi.
1472 4133 1605 4188 Ideo
1633 4137 1831 4189 tamen

179 4213 310 4271 dicit
343 4237 367 4265 ε
401 4218 768 4289 commodat,
797 4243 821 4272 ι
860 4219 998 4292 quia
1026 4219 1163 4277 licet
1211 4238 1325 4277 non
1373 4239 1406 4277 a
1455 4239 1707 4294 paupere
1736 4222 1829 4278 cui

177 4302 289 4371 dat,
311 4322 345 4361 a
373 4305 498 4363 Deo
526 4310 727 4365 tamen
758 4309 1291 4367 remunerationem
1322 4314 1640 4382 exspectat,
1679 4310 1832 4368 sicut

178 4388 266 4447 ille
285 4394 385 4465 qui
420 4397 736 4467 pecuniam
760 4398 1168 4454 accommodat
1189 4397 1522 4469 alicui.Vel,
1548 4422 1572 4451 α
1597 4399 1833 4456 misere-

176 4481 316 4549 tur,n
344 4483 404 4539 id
428 4488 545 4555 est,
570 4484 884 4557 pecuniam
908 4503 1078 4543 suam
1108 4486 1396 4560 indigenti
1426 4487 1742 4559 ministrat,
1774 4491 1830 4544 et

1955 686 1979 709 α
1990 660 2213 731 Venite,
2233 664 2523 720 benedicti
2549 666 2734 723 Patris
2757 669 2894 737 mei,
2911 672 3018 724 etc.
3036 669 3245 741 (ΜιιαΙι.
3263 674 3450 741 xxv)»
3470 674 3605 741 Quae

1951 752 2239 807 memoria
2267 753 2378 808 erit
2409 778 2435 803 ‹‹
2462 758 2695 824 aeterna,
2724 779 2750 805 »
2774 756 2832 812 id
2855 761 2963 826 est,
2989 760 3294 820 conferens
3322 763 3608 827 aeternita-

1953 842 2094 907 tem,
2119 844 2176 894 et
2208 841 2314 897 iste
2338 842 2470 897 talis
2492 867 2519 892 «
2556 861 2670 899 non
2705 845 2932 901 timebit
2963 847 3034 902 ab
3066 848 3364 912 auditione
3396 850 3549 906 mala
3575 876 3598 906 ι

1950 930 2186 998 quando
2227 930 2454 986 dicetur
2487 949 2499 987 :
2528 956 2554 982 «
2599 932 2888 989 Discedite
2932 953 2966 989 a
3016 953 3129 1005 me,
3172 937 3493 1004 maledicti,
3544 940 3602 996 in

1950 1016 2144 1087 ignem
2169 1022 2451 1075 aeternum
2473 1022 2721 1091 (Ibiil.).»
2744 1024 2874 1079 ldeo
2901 1042 3016 1080 non
3041 1025 3435 1100 timebit,quia
3454 1051 3481 1080 «
3505 1047 3606 1085 cor

1949 1106 2078 1177 ejus
2108 1124 2341 1179 semper
2370 1110 2481 1165 fuit
2501 1134 2527 1159 «
2553 1116 2846 1181 paratum,
2872 1134 2900 1162 η
2928 1112 2983 1167 id
3009 1118 3117 1181 est,
3142 1114 3496 1172 instructum
3521 1118 3604 1173 di-

1948 1193 2082 1250 vina
2129 1196 2535 1268 inspiratione,
2561 1222 2588 1248 ‹‹
2614 1216 2848 1270 sperare
2880 1199 2938 1254 in
2978 1201 3226 1257 Domino
3256 1224 3284 1254 ››
3319 1208 3377 1259 et
3423 1205 3601 1265 etiam

1951 1306 1977 1333 ‹‹
2013 1301 2113 1340 cor
2145 1307 2171 1333 ››
2203 1284 2347 1341 illud
2397 1304 2643 1360 sperans
2681 1312 2701 1338 α
2735 1292 2825 1344 est
2855 1290 3272 1346 confirmatum
3306 1313 3334 1341 »
3366 1291 3426 1347 in
3466 1310 3601 1365 spe,

1949 1376 2013 1426 ut
2032 1374 2105 1428 ab
2130 1390 2198 1429 ea
2214 1392 2315 1448 spe
2337 1375 2536 1447 aliqua
2551 1393 2686 1432 eum
2712 1376 3008 1433 tribulatio
3026 1378 3318 1434 dimovere
3338 1396 3453 1435 non
3476 1396 3604 1453 pos-

1948 1460 2053 1529 sit;
2078 1466 2135 1517 et
2165 1462 2273 1519 hoc
2302 1468 2393 1519 est
2426 1481 2438 1519 :
2470 1486 2497 1515 ‹‹
2532 1482 2646 1521 non
2680 1466 3161 1535 commovebitur,
3184 1468 3371 1524 donec
3403 1469 3601 1541 despi-

1947 1550 2062 1606 ciat
2094 1551 2363 1608 inimicos
2395 1570 2593 1621 suos,»
2617 1554 2673 1608 id
2701 1554 3008 1625 est,donec
3029 1556 3223 1611 videat
3243 1556 3602 1629 completum

1947 1640 2017 1695 de
2050 1639 2323 1706 inimicis,
2345 1642 2499 1712 quod
2535 1643 2710 1697 modo
2740 1646 3037 1715 exspectat
3058 1644 3128 1698 de
3156 1643 3262 1713 eis,
3288 1642 3513 1707 scilicet
3541 1645 3602 1712 in

1947 1745 2259 1800 pcenaseos
2279 1728 2403 1784 dari
2419 1748 2432 1786 :
2451 1730 2580 1786 ideo
2598 1730 2739 1786 dicit
2753 1754 2779 1781 «
2802 1731 3186 1804 donec,»quia
3202 1736 3342 1789 tunc
3358 1750 3475 1790 non
3490 1733 3604 1790 erit

1947 1833 2099 1887 spes,
2123 1818 2360 1889 quando
2380 1817 2598 1874 videbit
2618 1821 2773 1891 quod
2799 1837 2913 1876 non
2944 1824 3141 1893 sperat
3166 1810 3597 1893 unusquisque.

2015 1906 2085 1963 Et
2116 1906 2253 1978 quia
2309 1911 2525 1979 sperat,
2559 1911 2618 1963 et
2661 1908 2805 1980 quia
2852 1909 3265 1966 conﬁrmatum
3318 1902 3428 1977 est,
3462 1913 3597 1981 etc.,

1943 1993 2074 2050 ideo
2100 2016 2127 2045 «
2164 1994 2443 2067 dispersit
2480 2019 2508 2045 »
2530 1997 2685 2052 bona
2714 2014 2841 2052 sua.
2865 1998 2935 2052 Et
2965 2001 3129 2053 notat
3172 1996 3599 2069 providentiam

1944 2088 2284 2140 sanctorum
2326 2084 2385 2138 in
2422 2084 2704 2141 faciendis
2735 2085 3142 2158 eleemosynis,
3167 2083 3308 2157 quia
3347 2103 3465 2141 non
3496 2086 3598 2141 uni

1945 2172 2143 2228 omnia
2171 2173 2334 2241 dant,
2362 2176 2427 2229 ut
2447 2174 2683 2229 divitem
2709 2174 2947 2243 faciant,
2973 2173 3076 2230 sed
3098 2172 3324 2245 multis,
3348 2177 3416 2229 ut
3445 2173 3601 2231 mul-

1945 2265 2140 2317 torum
2174 2261 2432 2333 inopiam
2464 2262 2797 2335 suppleant.
2824 2286 2853 2313 «
2880 2262 3169 2336 Dispersit
3189 2284 3217 2313 »
3238 2261 3389 2333 dico,
3412 2266 3470 2318 et
3490 2262 3601 2345 hoc

1944 2367 2059 2405 non
2093 2368 2196 2423 pro
2226 2351 2696 2408 remuneratione
2724 2348 3055 2424 temporali,
3088 2351 3191 2406 sed
3224 2374 3252 2401 ‹‹
3286 2350 3518 2419 dedit,»
3540 2348 3598 2407 id

1943 2442 2052 2506 est,
2068 2439 2357 2512 impendit
2376 2439 2581 2513 gratis,
2596 2445 2655 2497 et
2674 2440 3031 2497 ministravit
3051 2463 3079 2490 «
3103 2439 3520 2513 pauperibus,»
3542 2443 3602 2496 et

1944 2526 2052 2583 hoc
2083 2528 2271 2584 facere
2302 2532 2391 2585 est
2420 2552 2447 2579 ‹‹
2486 2530 2723 2601 justitia
2752 2530 2881 2600 ejus
2916 2552 2943 2578 »
2966 2546 3093 2601 qua:
3115 2553 3143 2579 «
3174 2533 3372 2586 manet
3401 2529 3460 2584 in
3492 2545 3599 2585 sae-

1942 2616 2144 2671 culum
2179 2617 2393 2685 saeculi,
2416 2640 2444 2667 ››
2477 2618 2534 2672 id
2566 2622 2676 2685 est,
2711 2618 3019 2673 retributio
3044 2618 3289 2690 justitize
3320 2622 3598 2674 aeternam

1942 2706 1994 2759 ei
2028 2707 2355 2761 mercedem
2395 2711 2698 2778 comparat
2731 2724 2744 2762 :
2779 2711 2838 2762 et
2868 2730 2895 2757 «
2929 2723 3110 2762 cornu
3156 2707 3308 2777 ejus,
3332 2730 3359 2756 ››
3383 2707 3439 2761 id
3487 2711 3596 2779 est,

1939 2794 2214 2850 exultatio
2246 2796 2647 2867 ipsius,quam
2679 2796 2739 2850 in
2771 2795 2880 2851 hac
2899 2794 3018 2851 vita
3046 2794 3255 2850 habuit
3284 2795 3346 2850 in
3375 2794 3599 2851 virtuti-

1940 2881 2074 2951 bus,
2099 2904 2127 2931 «
2159 2880 2218 2936 in
2250 2880 2435 2955 gloria
2464 2881 2813 2938 excitabitur
2834 2905 2863 2932 ››
2889 2882 3030 2955 quia
3058 2899 3161 2954 per
3189 2881 3320 2938 illas
3349 2881 3594 2938 virtutes

1940 2969 2444 3027 immortalitatem
2476 2974 2532 3026 et
2560 2970 3099 3044 impassibilitatem
3129 2968 3391 3044 recipiet.

2017 3081 2045 3109 «
2067 3059 2358 3115 Peccator.
2378 3082 2407 3110 »
2426 3060 2565 3116 Pars
2586 3060 2782 3116 tertia.
2806 3060 2964 3129 Dico,
2987 3061 3192 3132 justus
3218 3057 3593 3127 exaltabitur,

1942 3152 2000 3203 et
2027 3149 2137 3205 hoc
2158 3172 2185 3199 «
2218 3148 2437 3206 videbit
2464 3152 2735 3221 peccator
2764 3172 2794 3200 »
2817 3148 2957 3222 quia
3004 3165 3210 3206 omnes
3257 3164 3398 3206 suos
3426 3140 3593 3204 Chri-

1946 3242 2104 3295 stum
2126 3237 2186 3293 in
2205 3238 2432 3310 judicio
2453 3241 2926 3295 remunerantem
2950 3237 3232 3295 videbunt
3255 3253 3303 3294 ;‹‹
3327 3239 3386 3295 et
3406 3259 3434 3287 »
3456 3240 3597 3295 tunc

1947 3331 2217 3399 peccator
2234 3327 2351 3398 ille,
2372 3327 2473 3400 qui
2504 3327 2668 3400 prius
2688 3331 2892 3383 contra
2922 3327 3108 3383 bonos
3135 3326 3195 3381 in
3215 3324 3428 3384 saeculo
3450 3325 3599 3382 iram

1945 3417 2259 3484 exercuit,«
2278 3417 2623 3486 irascetur,»
2644 3416 2760 3473 sibi
2789 3416 2903 3490 ipsi
2923 3416 3239 3485 irascetur;
3263 3438 3291 3467 ‹‹
3325 3413 3600 3471 dentibus

1944 3507 2073 3565 suis
2114 3508 2341 3577 fremet,
2365 3528 2393 3559 »
2420 3506 2560 3580 quia
2584 3530 2611 3559 ‹‹
2654 3505 2736 3562 ibi
2776 3507 2950 3563 ﬂetus
2998 3509 3057 3562 et
3085 3504 3305 3562 stridor
3332 3502 3598 3561 dentium

1944 3596 2148 3670 (Matth.
2171 3614 2305 3665 xm;
2329 3598 2457 3652 Luc.
2481 3600 2641 3666 xm):
2670 3618 2699 3645 ››
2731 3595 2887 3668 quod
2920 3593 3063 3651 dicit
3093 3597 3234 3649 tunc
3261 3593 3456 3661 irasci,
3480 3592 3598 3648 fre-

1943 3703 2103 3742 mere
2133 3685 2427 3755 dentibus,
2462 3702 2565 3758 per
2604 3684 2798 3740 simile
2828 3682 2987 3751 dicit,
3012 3682 3152 3755 quia
3189 3681 3445 3739 similem
3475 3696 3596 3754 pm-

1943 3794 2080 3832 nam
2102 3776 2403 3831 habebunt
2422 3773 2719 3845 nequitiae,
2737 3789 2915 3844 quam
2937 3771 3033 3827 hic
3055 3773 3440 3827 exercuerunt
3462 3786 3511 3825 zu
3538 3772 3598 3825 et

1943 3865 2253 3934 tabescet,»
2276 3864 2334 3917 id
2357 3866 2464 3931 est,
2482 3860 2734 3929 deﬁciet,
2753 3860 2884 3917 ideo
2908 3857 3300 3932 scilicet,quia
3325 3880 3352 3910 ‹‹
3376 3857 3598 3941 deside-

1941 3954 2094 4009 rium
2127 3954 2499 4024 peccatorum
2546 3948 2780 4021 peribit,
2811 3972 2839 3998 ››
2870 3948 3009 4022 quia
3048 3946 3405 4003 desiderium
3437 3945 3593 4031 quod

1941 4044 2236 4099 habebant
2276 4041 2333 4095 in
2371 4040 2479 4095 hac
2508 4039 2649 4110 vita,
2679 4037 2897 4112 peribit
2931 4055 2944 4095 :
2980 4037 3120 4110 quia
3148 4038 3325 4093 etiam
3368 4041 3597 4095 terrena

1939 4132 2236 4205 peribunt,
2259 4148 2384 4203 quae
2419 4128 2546 4185 sola
2583 4127 2696 4201 ipsi
2727 4144 2960 4201 semper
2990 4126 3463 4184 desideraverant
3491 4141 3505 4180 :
3541 4118 3599 4180 et

1941 4225 2164 4288 contra,
2188 4219 2338 4292 justi
2372 4217 2734 4274 desiderium
2767 4215 3182 4289 complebitur.
3213 4213 3480 4272 Alleluia.

2436 4308 2508 4364 IN
2549 4304 2900 4364 PSALMUM
2940 4304 3105 4361 CXII.

2482 4396 2759 4453 Trruws.
2791 4394 3050 4451 Alleluia.

2011 4513 2039 4540 ‹‹
2076 4488 2356 4556 Laudate,
2392 4486 2580 4559 pueri,
2619 4485 2957 4541 Dominum.
2987 4505 3015 4532 ››
3039 4482 3143 4538 Hic
3171 4480 3435 4552 loquitur
3460 4496 3594 4551 pro-

175 4573 507 4659 commodat
534 4573 823 4648 indigenti
845 4575 1050 4647 alicui,
1072 4580 1136 4633 ut
1155 4580 1351 4633 tamen
1374 4578 1640 4633 eamdem
1665 4595 1832 4648 pecu-
1859 4593 1907 4659 ι)
1939 4579 2135 4652 pheta,
2168 4578 2393 4632 habens
2423 4575 2730 4631 materiam
2759 4572 2963 4629 laudes
2987 4570 3110 4627 Dei.
3135 4570 3198 4626 In
3219 4568 3410 4659 prima
3432 4571 3596 4659 parte

174 4656 321 4715 niam
347 4662 426 4718 ab
463 4679 534 4718 eo
564 4662 775 4737 exigat.
798 4663 903 4720 Hic
926 4664 1063 4721 talis
1088 4687 1110 4716 ι
1138 4665 1430 4737 disponet,
1461 4689 1482 4716 ι
1511 4666 1569 4721 id
1602 4671 1690 4721 est
1719 4668 1833 4723 dis-

174 4748 355 4816 posite
387 4753 452 4805 et
477 4751 746 4809 ordinate
784 4753 987 4822 faciet;
1040 4754 1192 4809 unde
1238 4755 1551 4827 Apostolus
1585 4773 1596 4811 :
1635 4756 1829 4812 Ratio-

173 4836 360 4894 nabile
415 4839 772 4913 obsequium
822 4846 1082 4900 vestrum
1132 4845 1305 4915 (Rom.
1337 4849 1468 4913 xu);
1501 4864 1528 4894 η
1570 4866 1592 4896 ι
1635 4845 1830 4916 dispo-

174 4928 268 4979 net
298 4945 326 4978 ι
361 4928 500 4984 dico
535 4952 557 4978 α
592 4946 894 4987 sermones
954 4949 1163 4998 suos,»
1200 4933 1256 4988 id
1298 4938 1387 4989 est
1444 4950 1622 5005 opera
1676 4951 1784 4990 sua
1815 4951 1829 4990 :

174 5027 346 5084 opera
379 5015 518 5072 dico
538 5017 790 5075 valitura
813 5042 839 5071 «
864 5020 924 5075 in
938 5020 1168 5091 judicio
1192 5044 1213 5073 ι
1241 5023 1456 5079 futuro.
1477 5023 1583 5079 Per
1612 5040 1832 5080 sermo-

172 5116 269 5158 nes
294 5103 439 5161 ideo
474 5107 800 5180 accipimus
829 5127 1026 5183 opera,
1055 5112 1195 5183 quia
1224 5112 1377 5168 sicut
1406 5129 1708 5170 sermones
1738 5112 1837 5169 ali-

169 5191 342 5262 cujus
368 5196 627 5252 oratoris
657 5197 803 5255 bene
826 5198 1095 5271 dispositi
1117 5201 1437 5258 defendunt
1465 5220 1628 5259 reum
1663 5204 1721 5258 in
1745 5204 1838 5275 ju-

177 5278 350 5349 dicio,
367 5283 460 5339 sic
490 5301 666 5357 opera
683 5286 855 5358 justi,
880 5288 1306 5347 rationabiliter
1332 5292 1610 5362 exhibita,
1636 5293 1834 5348 defen-

167 5365 318 5426 dunt
370 5389 545 5430 reum
584 5375 647 5430 in
694 5377 893 5433 futuro
933 5378 1181 5450 judicio.
1218 5382 1349 5437 Ideo
1403 5382 1489 5437 sic
1539 5381 1830 5453 disponet,

171 5474 193 5504 '
214 5459 354 5529 ‘Iuia
376 5484 408 5512 η
440 5463 555 5519 scit
583 5466 740 5537 quod
764 5466 891 5539 ipse
921 5490 948 5520 «
972 5486 1090 5525 non
1113 5471 1577 5527 commovebitur
1596 5470 1653 5525 in
1676 5474 1835 5526 mter-

164 5560 325 5617 num,
356 5571 391 5599 η
414 5550 476 5606 id
507 5558 617 5623 est,
642 5556 994 5613 mternaliter
1023 5558 1271 5632 gloriam
1303 5560 1404 5616 Dei
1440 5559 1777 5632 possidebit.

226 5637 302 5695 Et
330 5638 438 5698 hic
475 5641 607 5702 talis
634 5647 945 5720 «justus»
979 5648 1121 5724 quia
1150 5648 1212 5709 in
1240 5648 1350 5709 hac
1370 5650 1486 5709 vita
1517 5667 1551 5709 a
1580 5650 1828 5712 Domino

495 5768 754 5838 Peraea.
801 5776 1000 5841 CXVI.

1942 4672 2143 4725 monet
2176 4668 2247 4722 ad
2284 4665 2668 4731 laudandum,
2692 4667 2749 4718 et
2771 4660 3044 4734 proponit
3074 4657 3349 4715 materias
3379 4656 3595 4729 laudis,

1941 4755 2360 4828 scilicet,11uia
2408 4754 2697 4810 Dominus
2727 4755 2818 4807 est
2852 4748 3119 4807 excelsus
3169 4765 3348 4821 super
3393 4761 3598 4803 omnes

1942 4852 2165 4922 gentes.
2192 4847 2254 4901 In
2286 4844 2547 4901 secunda
2575 4845 2760 4915 parte,
2786 4858 2914 4913 quze
2948 4838 3191 4912 incipit:
3220 4837 3412 4907 «Quis
3443 4837 3597 4893 sicut

1943 4936 2227 4993 Dominus
2252 4951 2265 4990 :
2291 4957 2318 4985 »
2341 4932 2598 4989 ostendit
2627 4930 2887 5003 seipsum
2912 4929 3021 4986 hoc
3044 4929 3231 4986 facere
3262 4926 3417 4999 quod
3449 4923 3595 4981 alios

1944 5026 2237 5093 monebat,
2262 5022 2505 5092 scilicet,
2531 5020 2772 5078 laudare
2791 5021 2999 5077 Deum.
3023 5019 3187 5075 Unde
3218 5017 3278 5071 in
3308 5010 3594 5088 principio

1946 5114 2127 5171 dicit:

2017 5228 2043 5254 ‹‹
2073 5204 2349 5273 Laudato,
2383 5191 2570 5275 pueri,
2596 5199 2977 5266 Dominum,»
3005 5195 3063 5250 id
3086 5197 3195 5263 est,
3218 5192 3280 5246 in
3306 5192 3459 5247 bona
3477 5189 3596 5247 vita

1943 5299 2137 5350 vestra
2168 5292 2481 5349 Dominum
2523 5288 2877 5345 laudabilem
2908 5282 3232 5341 ostendite:
3268 5298 3375 5338 nec
3406 5279 3593 5337 malos
3626 5317 3643 5335 ι

1943 5401 2151 5440 moneo
2182 5382 2443 5448 laudare,
2469 5379 2607 5451 quia
2629 5402 2655 5428 ‹‹
2685 5394 2800 5433 non
2831 5379 2920 5432 est
2949 5371 3215 5446 speciosa
3242 5371 3374 5429 laus
3403 5371 3463 5427 in
3496 5385 3595 5455 ore

1942 5471 2264 5547 peccatoris
2310 5470 2497 5542 (Eccli.
2547 5468 2675 5540 xv);
2704 5466 2806 5521 sed
2849 5480 2952 5520 vos
2995 5460 3183 5536 pueri,
3229 5461 3289 5517 id
3322 5464 3430 5531 est,
3464 5459 3597 5534 puri

1939 5569 1997 5621 et
2034 5561 2369 5635 simplices;
2424 5558 2580 5614 unde
2628 5554 2941 5628 Apostolus
2978 5571 2990 5611 :
3028 5576 3056 5607 «
3091 5551 3315 5631 Malitia
3372 5548 3599 5624 parvuli

1939 5657 2125 5713 estote
2155 5652 2209 5729 (Ι
2230 5651 2350 5710 Cor.
2374 5652 2511 5723 xw),
2535 5670 2564 5702 »
2592 5670 2619 5700 ι(
2653 5645 2943 5706 laudate»
2978 5643 3156 5707 etiam
3187 5666 3217 5696 ιε
3250 5659 3464 5703 nomen
3494 5641 3603 5703 Do-

3198 5772 3273 5835 19
