4060 6180
393 341 510 401 587

393 472 563 540 mini,
589 493 618 522 ››
650 470 996 528 annuntiate
1025 471 1178 528 facta
1198 472 1347 543 ejus,
1372 469 1432 524 in
1455 468 1670 541 quibus
1699 469 1826 542 ipse
1846 469 2045 524 lauda-
2072 469 2124 536 Α

391 558 530 618 bilis
561 564 824 633 apparet,
861 564 919 615 et
965 561 1120 616 unde
1166 577 1379 615 nomen
1413 577 1611 627 suum,
1646 559 1700 612 id
1755 562 1845 614 est
1895 558 2052 613 fama

395 668 522 719 sua,
557 667 789 722 semper
820 649 1332 721 multiplicabitur.

466 738 602 796 Dico
631 737 914 794 «laudate
937 756 1170 805 nomen,
1201 761 1226 786 ››
1250 742 1306 792 et
1329 738 1436 792 hoc
1462 755 1575 792 non
1604 739 1673 793 ad
1699 739 1924 805 horam,
1949 737 2050 792 sed

290 900 292 903 ι
395 847 424 882 ‹‹
457 845 668 885 nomen
692 827 926 883 Domini
950 827 1026 882 sit
1052 851 1077 875 ››
1106 845 1139 882 a
1157 827 1322 882 vobis
1347 850 1374 876 ‹‹
1398 827 1773 882 benedictum
1800 851 1826 874 »
1851 831 1907 883 et
1935 843 2054 880 am-

392 918 662 992 pliatum,
687 915 977 988 incipiens
1003 939 1030 966 «
1064 933 1132 971 ex
1163 916 1273 971 hoc
1305 932 1516 984 nunc,»
1545 917 1602 970 id
1625 920 1713 972 est
1744 916 1869 971 sine
1890 915 2048 969 omni

394 1006 694 1076 dilatione,
721 1029 750 1056 ‹‹
779 1009 837 1061 et
869 1029 896 1055 »
918 1007 1196 1078 perduret
1230 1005 1357 1077 ipsa
1379 1005 1710 1060 benedictio
1734 1030 1758 1053 (ι
1786 1005 1843 1058 in
1877 1021 2052 1059 sarcu-

391 1097 517 1153 lum
541 1119 569 1147 »
592 1096 880 1165 futurum,
897 1119 924 1144 «
950 1109 1197 1166 usque,»
1221 1094 1277 1148 id
1301 1098 1414 1159 est,
1437 1094 1693 1162 assidue,
1717 1094 1826 1150 hoc
1858 1099 1967 1159 est,
1993 1097 2050 1148 et

390 1185 594 1243 statim
623 1183 889 1257 incipiat,
920 1187 979 1239 et
1007 1185 1068 1238 in
1099 1187 1380 1238 zeternum
1414 1187 1775 1255 permaneat.

462 1274 603 1332 Dico
645 1289 878 1346 semper
914 1272 1259 1341 benedicite,
1294 1276 1351 1328 et
1389 1271 1553 1328 illam
1586 1277 1840 1328 vestram
1870 1272 2044 1326 bene-

391 1364 708 1420 dictionem
732 1380 834 1436 per
856 1380 1091 1418 omnem
1113 1366 1330 1418 terram
1353 1361 1623 1430 dilatato;
1649 1362 1758 1417 hoc
1779 1364 1867 1416 est
1889 1360 2042 1432 quod

391 1453 569 1510 dicit:
593 1475 621 1504 «
645 1471 680 1508 a
708 1451 849 1509 solis
873 1455 1001 1508 ortu
1032 1468 1220 1523 usque
1251 1451 1322 1506 ad
1354 1468 1657 1519 occasum;
1686 1474 1712 1499 υ
1735 1455 1792 1505 et
1814 1466 1914 1522 per
1936 1449 2043 1504 hoc

389 1539 777 1614 intelligimus
801 1539 1132 1595 universam
1157 1542 1372 1593 terram
1395 1555 1407 1592 :
1434 1541 1712 1610 appareat
1732 1540 1926 1592 vestra
1946 1553 2042 1591 an-

389 1629 756 1686 nuntiatione
788 1652 814 1679 «
847 1627 1142 1684 laudabile
1175 1644 1384 1682 nomen
1418 1627 1673 1682 Domini.
1700 1649 1728 1675 ››

385 1739 390 1744 ·
461 1718 630 1776 Ponit
655 1735 864 1774 causas
895 1721 950 1772 et
981 1717 1258 1772 materias
1288 1733 1468 1788 quare
1504 1733 1639 1771 eum
1669 1715 1909 1770 laudare
1941 1715 2039 1770 de-

389 1809 595 1880 beant;
621 1823 686 1864 ae
707 1807 757 1864 si
774 1806 993 1906 diceret
1011 1806 1178 1906 :Ideo
1199 1806 1422 1906 debetis
1444 1804 1682 1906 laudare
1700 1803 2036 1871 Dominum,
2072 1841 2120 1906 Β

387 1897 671 1972 quoniam
701 1896 812 1953 iste
833 1918 861 1946 «
885 1894 1191 1966 Dominus,
1219 1917 1246 1943 ››
1269 1893 1328 1949 id
1358 1898 1448 1950 est
1471 1893 1759 1962 Christus,
1785 1897 1873 1948 est
1894 1917 1920 1942 ‹‹
1947 1909 2042 1948 ex-

389 1987 585 2044 celsus
614 2001 791 2057 super
820 1999 1024 2040 omnes
1051 1985 1277 2056 gentes,
1304 2005 1331 2031 ››
1354 1983 1492 2055 quia
1520 1982 1646 2056 ipse
1676 1999 1880 2038 omnes
1902 1997 2042 2054 gen-

391 2081 481 2132 tes
509 2074 646 2130 fecit
677 2091 692 2128 :
724 2077 783 2128 ct
805 2090 919 2128 non
950 2077 1183 2128 tantum
1225 2090 1402 2144 super
1439 2088 1643 2128 omnes
1683 2075 1907 2143 gentes,
1941 2071 2042 2126 sed

393 2188 420 2215 α
443 2167 501 2220 et
528 2179 706 2235 super
734 2161 930 2229 caelos,
955 2162 1014 2216 id
1045 2166 1152 2231 est,
1178 2161 1440 2217 cmlestes
1469 2165 1526 2216 et
1557 2159 1850 2233 angelieas
1883 2176 2041 2215 crea-

385 2259 572 2321 turas,
599 2256 657 2308 et
680 2250 917 2324 «gloria
955 2253 1105 2323 ejus,
1131 2273 1158 2300 »
1183 2251 1238 2305 id
1271 2254 1361 2306 est
1392 2251 1517 2322 ipse
1548 2249 1838 2322 gloriosus
1866 2266 1878 2304 :
1903 2247 2043 2320 quia

391 2343 516 2415 ipse
545 2345 635 2398 est
665 2340 841 2397 etiam
868 2341 988 2396 vita
1015 2344 1071 2394 et
1101 2338 1335 2393 refectio
1369 2337 1734 2410 angelorum.

382 2447 386 2452 ·
461 2456 488 2482 ‹‹
514 2430 654 2498 Quis
687 2430 843 2486 sicut
883 2428 1215 2484 Dominus?
1239 2451 1266 2476 »
1291 2428 1430 2482 Pars
1481 2427 1757 2481 secunda.
1792 2428 1862 2482 Et
1914 2443 2041 2482 vere

390 2522 513 2594 ipse
528 2519 862 2575 laudandus
874 2517 1129 2588 est,quia
1147 2516 1344 2571 nullus
1362 2519 1555 2588 potest
1572 2515 1816 2571 inveniri
1830 2515 2040 2572 similis

390 2607 474 2664 illi
495 2609 555 2665 in
579 2609 777 2680 aliqua
793 2606 1231 2680 dignitate.l-Ioe
1253 2606 1394 2661 dicit
1415 2607 1523 2660 sub
1545 2605 2036 2678 interrogatione:

389 2722 416 2749 ‹‹
444 2698 584 2766 Quis
617 2697 771 2753 sicut
798 2696 1085 2752 Dominus
1110 2695 1264 2751 Deus
1287 2695 1520 2752 noster?
1550 2694 1759 2750 Nullus
1788 2696 1990 2767 utique
2022 2713 2035 2752 :

389 2810 416 2839 ‹‹
442 2787 543 2860 qui
569 2809 596 2836 »
619 2785 904 2844 Dominus
926 2808 953 2834 «
981 2785 1038 2840 in
1065 2784 1200 2841 altis
1218 2785 1501 2852 habitat,»
1525 2784 1579 2838 id
1606 2789 1714 2853 est,
1739 2783 1798 2839 in
1821 2784 2040 2840 sanctis

388 2893 493 2950 per
509 2875 892 2932 eminentiam
911 2875 1196 2931 virtutum
1221 2892 1268 2929 :u
1296 2874 1450 2943 altis,
1476 2896 1502 2925 ››
1530 2874 1631 2946 qui
1653 2891 1720 2929 ex
1745 2891 1853 2929 sua
1873 2873 2038 2929 habi-

386 2967 609 3024 tatione
628 2965 729 3022 alti
752 2966 903 3020 ﬁunt
926 2983 938 3020 :
963 2981 1070 3019 nec
1093 2968 1289 3020 tamen
1315 2980 1414 3019 eos
1437 2963 1705 3035 despicit,
1724 2962 1772 3018 si
1791 2963 2038 3018 velimus

386 3054 688 3112 humiliari
712 3053 795 3109 ei:
817 3054 954 3126 quia
974 3055 1045 3108 de
1068 3053 1168 3108 illa
1187 3053 1496 3108 altitudine
1518 3052 1674 3106 sedis
1691 3075 1718 3101 «
1745 3051 2035 3124 respicit,»

387 3143 447 3198 id
468 3147 578 3212 est,
613 3141 1072 3199 misericordiam
1103 3141 1437 3205 tribuendo,
1457 3140 1658 3194 visitat
1679 3162 1707 3189 «
1731 3139 2036 3207 humilia,»

387 3231 446 3286 id
477 3231 568 3286 est
594 3245 714 3300 eos,
741 3229 842 3299 qui
874 3244 936 3283 se
973 3227 1176 3282 volunt
1219 3226 1540 3298 humiliari,
1566 3250 1592 3276 ‹‹
1627 3227 1686 3281 in
1728 3227 1892 3298 ccelo,
1918 3250 1945 3278 »
1981 3228 2039 3283 id
2071 3211 2114 3278 C

387 3319 496 3386 est,
510 3315 572 3370 in
590 3314 925 3371 ccelestibus
942 3316 1253 3372 creaturis:
1276 3315 1429 3371 sicut
1449 3315 1686 3387 angelos
1703 3316 2040 3387 superbien-

387 3408 476 3460 tes
512 3421 628 3460 non
651 3403 908 3475 respicit,
930 3403 1013 3458 sic
1045 3404 1280 3476 angelos
1318 3408 1706 3474 remanentes,
1729 3405 1829 3476 qui
1852 3404 2039 3460 humi-

379 3492 473 3552 les
500 3494 762 3562 fuerunt,
791 3493 1065 3566 respexit,
1097 3497 1155 3548 et
1184 3493 1244 3548 in
1286 3510 1420 3549 vera
1458 3493 1789 3550 obedientia
1820 3495 2037 3550 conﬁr-

375 3583 588 3653 mavit,
614 3587 679 3640 ut
706 3581 980 3655 deinceps
1011 3582 1311 3654 superbire
1344 3600 1459 3637 non
1491 3583 1751 3654 possint:
1783 3606 1803 3634 α
1839 3588 1895 3639 et
1919 3608 1945 3632 ››
1968 3602 2036 3640 ea

377 3673 654 3744 humilia,
678 3691 804 3746 quae
829 3676 968 3730 sunt
990 3694 1017 3722 ‹‹
1040 3671 1099 3726 in
1123 3676 1294 3741 terra,
1321 3695 1340 3720 ι»
1369 3672 1425 3727 id
1449 3677 1558 3738 est,
1582 3673 1837 3730 humiles
1857 3673 2032 3747 viros,

383 3762 624 3838 respicit
674 3761 842 3820 oculo
895 3760 1306 3817 misericordiae
1342 3779 1354 3817 :
1389 3762 1527 3833 quia
1576 3766 1635 3817 et
1680 3768 1917 3835 peccata
1948 3765 2032 3821 eis

375 3854 688 3920 condonet,
721 3855 779 3908 et
809 3852 1034 3908 confert
1065 3850 1351 3922 justitias.

447 3939 706 4014 Respicit
730 3939 981 3995 humilia
999 3955 1127 4010 qua:
1150 3941 1290 3994 sunt
1328 3938 1387 3993 in
1410 3942 1584 4008 terra,
1609 3939 1911 3995 conferens
1946 3942 2030 3997 eis

375 4029 528 4087 hanc
558 4027 896 4097 utilitatem,
922 4027 1144 4083 scilicet
1165 4051 1193 4078 ‹‹
1217 4028 1514 4084 suscitans
1536 4029 1831 4100 inopem,»
1856 4031 1913 4085 id
1940 4035 2030 4087 est

375 4116 544 4174 illum
566 4116 668 4190 qui
691 4134 753 4173 se
770 4133 886 4172 non
909 4120 1142 4188 reputat
1158 4117 1480 4188 quidquam
1499 4118 1635 4173 boni
1651 4135 1719 4174 ex
1735 4136 1796 4175 se
1814 4119 2029 4176 habere

377 4229 404 4257 ‹‹
441 4223 476 4263 a
503 4209 679 4274 terra,
705 4226 734 4255 »
759 4205 816 4260 id
839 4209 947 4274 est,
974 4204 1046 4259 ab
1077 4204 1336 4277 appetitu
1371 4209 1753 4262 terrenorum.
1779 4233 1806 4257 ι‹
1831 4209 2026 4264 Susci-

375 4297 510 4350 tans
533 4315 562 4343 »
585 4293 730 4350 bene
755 4292 914 4362 dicit,
939 4291 1078 4364 quia
1097 4292 1366 4348 homines
1389 4293 1560 4365 sopiti
1584 4300 1770 4364 erant,
1794 4301 1851 4351 et
1871 4297 2028 4368 quie-

373 4388 606 4441 scentes
634 4384 695 4438 in
719 4399 915 4440 amore
943 4385 1307 4438 terrenorum
1329 4384 1562 4454 quando
1583 4384 1737 4440 Deus
1761 4402 1860 4441 eos
1892 4387 2025 4443 inde

373 4473 646 4531 excitavit
666 4489 768 4547 per
787 4471 1086 4530 Christum
1113 4489 1124 4528 :
1151 4471 1329 4526 etiam
1350 4495 1376 4520 ‹‹
1403 4471 1632 4544 erigens
1655 4490 1969 4546 pauperem
1995 4501 2022 4527 ››

373 4563 606 4635 spiritu,
639 4561 862 4618 scilicet
905 4561 1212 4628 humilem,
1239 4584 1264 4610 ‹‹
1291 4561 1362 4617 de
1394 4564 1666 4631 stercore,
1696 4583 1722 4611 »
1747 4565 1801 4619 id
1838 4571 1926 4622 est
1955 4570 2026 4625 de
2055 4581 2103 4648 Β

373 4650 752 4707 immunditia
799 4651 979 4723 hujus
1027 4649 1156 4705 vitm
1192 4669 1204 4706 :
1239 4650 1392 4704 unde
1423 4650 1641 4706 dicitur
1674 4671 1686 4708 :
1718 4683 1740 4705 ‹‹
1773 4653 2024 4729 Compu-

372 4743 643 4796 truerunt
665 4740 937 4810 jumenta
967 4739 1026 4794 in
1060 4744 1313 4794 stercore
1345 4757 1451 4795 suo
1484 4741 1633 4813 (Joel.
1662 4746 1755 4813 1).»

441 4829 528 4885 Ad
560 4829 670 4885 hoc
709 4828 977 4897 suscitat,
1001 4849 1026 4879 ο
1057 4831 1121 4882 ut
1167 4828 1408 4885 collocet
1455 4846 1590 4886 eum
1615 4861 1637 4886 »
1671 4833 2023 4891 suscitatam

372 4942 401 4970 «
435 4935 572 4976 cum
628 4917 1065 4991 principibus,»
1094 4917 1151 4972 id
1197 4922 1303 4987 est,
1340 4936 1473 4974 cum
1524 4921 1742 4977 sanctis
1800 4925 2023 4996 angelis

371 5013 429 5067 et
458 5032 482 5056 α
516 5024 653 5064 cum
684 5005 1049 5079 principibus
1081 5007 1278 5079 populi
1311 5010 1422 5078 sui,
1450 5030 1476 5062 ι)
1501 5010 1557 5064 id
1589 5014 1695 5080 est,
1722 5029 1856 5067 cum
1889 5032 2021 5070 san-

371 5098 448 5154 tis
480 5095 783 5170 apostolis,
815 5112 963 5166 quos
996 5095 1281 5151 Dominus
1313 5097 1525 5169 populo
1558 5115 1664 5154 suo
1696 5102 1970 5171 praefecit.

441 5186 710 5242 Ostendit
740 5202 843 5258 per
868 5185 1008 5256 quid
1054 5185 1206 5239 Deus
1247 5203 1564 5257 pauperem
1596 5189 1861 5261 suscitet,
1886 5191 2025 5262 quia

369 5275 778 5347 praedicatores
811 5291 971 5342 suos,
996 5274 1095 5346 qui
1124 5279 1259 5329 ante
1291 5275 1604 5330 adventum
1637 5277 1764 5347 ejus
1796 5278 2020 5334 steriles

369 5363 627 5434 fuerunt,
662 5363 835 5418 modo
869 5364 1146 5418 fecundos
1177 5363 1348 5418 faciet
1386 5367 1443 5418 et
1483 5364 1628 5420 bene
1660 5366 2019 5422 fructiﬁcan-

367 5451 899 5509 tes.Continuatio:
926 5452 1026 5508 Ille
1049 5453 1287 5523 quidem
1310 5456 1398 5507 est
1420 5455 1779 5521 suscitans,«
1800 5457 1896 5528 qui
1922 5457 2018 5513 ha-

368 5538 554 5595 bitare
584 5541 723 5596 facit
744 5541 802 5595 in
825 5541 1051 5595 domo.“
1078 5542 1137 5595 Id
1163 5546 1251 5595 est
1273 5541 1331 5595 in
1357 5541 1663 5611 Ecclesia,»
1689 5544 1965 5614 sterilem,
1991 5569 2017 5594 »

368 5626 428 5682 id
452 5631 540 5683 est
559 5629 968 5706 praedicatores
991 5645 1149 5698 suos,
1166 5630 1263 5702 qui
1293 5634 1425 5684 ante
1447 5632 1759 5687 adventum
1780 5633 2013 5708 Christi,

771 339 1180 403 HAYMONIS
1223 337 1758 400 HALBERSTAT.
1804 334 2052 398 EPIST.
2099 333 2249 397 OPP
2289 336 2495 398 PARS
2541 337 2588 398 Ι.
2636 373 2714 381 —
2757 335 3161 402 COMMENT.
3209 337 3410 399 BIBL.

3679 334 3792 396 588

2155 467 2291 525 licet
2319 469 2378 524 in
2413 487 2624 527 arcano
2656 471 2869 527 mentis
2896 489 3014 528 sum
3045 470 3180 527 boni
3215 473 3430 536 essent,
3454 466 3685 525 steriles
3713 473 3802 525 ta—

2163 575 2296 613 men
2314 563 2498 624 erant,
2519 561 2657 632 quia
2678 561 2792 616 Deo
2817 560 2968 617 ﬁlios
2987 577 3102 617 non
3125 559 3481 633 generabant
3502 576 3514 613 :
3539 557 3806 614 habitare

2164 647 2291 702 dico
2324 648 2384 702 in
2408 650 2600 716 domo,
2627 649 2709 705 ita
2741 655 2805 705 ut
2827 673 2848 693 ‹‹
2870 653 3119 704 matrem
3146 648 3423 717 filiorum,
3449 672 3472 693 ι›
3497 646 3636 719 quia
3663 645 3810 701 mul-

2160 739 2249 790 tos
2274 735 2388 790 Deo
2410 737 2470 790 in
2495 737 2607 791 fide
2629 737 2984 809 parturiunt,
3009 741 3066 793 et
3086 740 3390 810 propterea
3411 759 3433 782 «ε
3457 735 3811 792 laetantem.»

2161 824 2307 878 Cum
2337 825 2478 881 dicit
2507 844 2605 881 eos
2654 826 2920 882 habitare
2952 827 3008 880 in
3043 828 3238 898 domo,
3261 830 3423 881 notat
3473 841 3677 880 curam
3709 825 3810 880 ad-

2159 915 2612 972 ministrationis
2643 920 2699 972 et
2742 915 3182 983 consolationis,
3204 930 3381 985 quam
3414 913 3632 969 habent
3676 930 3810 968 san-

2158 1002 2232 1057 cti
2265 1003 2670 1075 przedicatores
2703 1005 2759 1058 in
2793 1004 3069 1060 Ecclesia.
3098 1002 3363 1058 Alleluia.

2635 1147 2707 1202 IN
2750 1146 3096 1202 PSALMUM
3135 1145 3325 1201 CXIII.

2696 1236 2970 1290 TrrULus.
3005 1234 3258 1290 Alleluia.

2224 1383 2253 1409 ‹‹
2289 1359 2350 1415 In
2381 1360 2536 1415 exitu
2571 1359 2768 1415 Israel.
2793 1391 2817 1415 υ
2842 1360 2904 1414 In
2938 1359 3048 1415 hoc
3097 1357 3326 1432 psalmo
3377 1356 3640 1430 loquitur
3680 1374 3808 1430 pro-

2151 1448 2345 1522 pheta,
2379 1453 2436 1503 et
2463 1448 2640 1504 habet
2686 1443 2995 1504 materiam
3028 1448 3307 1505 beneﬁcia
3342 1447 3467 1518 Dei,
3489 1464 3618 1520 quae
3669 1448 3808 1503 fecit

2151 1536 2439 1606 Ecclesiaa,
2465 1536 2794 1610 signiﬁcata
2825 1553 2929 1609 per
2956 1537 3058 1593 illa
3087 1536 3371 1593 beneﬁcia
3400 1553 3529 1608 quae
3559 1536 3809 1592 contulit

2149 1626 2389 1699 antiquo
2410 1626 2648 1699 populo.
2664 1627 2951 1683 Dicuntur
2969 1628 3126 1683 enim
3145 1626 3239 1682 hic
3256 1627 3525 1698 quaedam
3547 1643 3678 1698 qua:
3700 1643 3806 1682 nos

2149 1715 2222 1770 ab
2244 1715 2489 1772 historia
2508 1720 2836 1784 removent;
2872 1716 3025 1772 sicut
3045 1733 3092 1772 :«
3116 1715 3343 1772 Montes
3369 1714 3808 1772 exsultaverunt

2151 1809 2208 1861 et
2239 1804 2468 1861 colles.»
2494 1806 2558 1860 In
2592 1805 2784 1877 prima
2813 1809 2998 1877 parte,
3021 1804 3295 1877 proponit
3323 1804 3494 1861 nobis
3524 1805 3809 1862 beneﬁcia

2153 1911 2280 1966 quae
2312 1895 2464 1950 Deus
2493 1893 2936 1966 facitEeclcsiae,
2955 1910 3058 1966 per
3078 1893 3300 1967 ﬁguras
3321 1911 3418 1950 eas
3441 1893 3804 1967 signiﬁcans.

2153 1983 2216 2038 In
2247 1985 2525 2051 secunda,
2551 2001 2677 2056 quae
2707 1982 2913 2056 incipit
2936 2001 2988 2040 :«
3010 1981 3157 2049 Quid
3178 1986 3269 2039 est
3290 1982 3419 2053 tibi,
3441 1999 3624 2053 mare,
3650 1983 3804 2055 quod

2153 2073 2375 2145 fugisti,
2402 2104 2424 2128 ι)
2451 2074 2588 2129 facit
2627 2073 3034 2145 quaestionem,
3068 2072 3239 2144 quasi
3288 2072 3629 2128 admirans:
3668 2072 3806 2138 Quis

2151 2164 2342 2234 potest
2373 2162 2558 2218 facere
2588 2161 2804 2234 populo
2845 2179 2951 2218 suo
2991 2165 3155 2216 tanta
3192 2159 3512 2217 beneﬁcia?
3536 2161 3606 2216 Et
3639 2160 3808 2217 solvit

2150 2265 2301 2316 eam,
2326 2250 2642 2305 ostendens
2675 2267 2708 2305 a
2741 2248 2983 2306 Domino
3016 2265 3143 2305 esse
3174 2249 3426 2305 factam:
3461 2266 3580 2304 non
3609 2253 3807 2305 tamen

2151 2338 2303 2408 quod
2331 2338 2613 2409 propheta
2635 2337 2901 2409 miretur,
2921 2339 3022 2394 sed
3050 2337 3220 2394 nobis
3242 2337 3661 2394 admirandum
3686 2352 3810 2394 esse

2152 2425 2431 2498 relinquit
2461 2427 2533 2482 de
2566 2428 2828 2482 bonitate
2859 2427 2981 2483 Dei.
3010 2427 3071 2483 In
3102 2427 3273 2483 tertia
3303 2431 3484 2500 parte,
3509 2443 3642 2499 quae
3673 2427 3808 2482 inci-

2152 2515 2238 2588 pit
2262 2533 2309 2573 ζα
2331 2515 2658 2572 Simulacra
2686 2516 2972 2588 gentium,
2990 2546 3014 2571 ι›
3041 2515 3179 2571 facit
3200 2514 3572 2572 collationem
3596 2515 3670 2571 de
3701 2515 3813 2571 cul-

2152 2609 2286 2659 tura
2315 2605 2558 2660 deorum
2612 2605 2919 2672 falsorum,
2953 2604 3219 2678 gentium
3278 2603 3501 2660 scilicet
3543 2609 3604 2660 et
3643 2604 3815 2660 Chri-

2150 2693 2478 2750 stianorum
2505 2711 2516 2750 :
2544 2695 2859 2750 ostendens
2888 2694 3152 2766 gentium
3182 2693 3472 2749 culturam
3503 2710 3641 2749 esse
3675 2693 3816 2750 stulo

2148 2782 2362 2850 titiam,
2411 2783 2877 2840 Christianorum
2926 2788 3124 2840 autem
3181 2799 3310 2839 esse
3368 2782 3812 2840 utillissimam.

2151 2872 2405 2927 Intendit
2435 2889 2542 2928 nos
2567 2873 2882 2928 admonere
2910 2877 2975 2928 ut
3001 2889 3106 2945 pro
3131 2873 3429 2928 beneﬁciis
3460 2871 3582 2927 illis
3617 2873 3684 2928 in
3721 2891 3822 2930 no-

2148 2960 2238 3016 bis
2287 2961 2614 3034 completis,
2649 2960 2884 3017 alleluia
2929 2961 3174 3017 Domino
3215 2961 3621 3028 decantemus,
3656 2966 3725 3018 et
3759 2968 3824 3020 ut

2148 3066 2216 3104 ex
2245 3050 2492 3106 historia
2520 3050 2825 3107 trahamus
2856 3050 3214 3124 allegoriam.

2218 3138 2387 3194 Prius
2417 3138 2683 3212 legamus
2711 3138 3040 3208 historiam,
3065 3139 3149 3196 sic
3173 3157 3186 3196 :
3213 3161 3238 3185 «
3264 3139 3326 3195 In
3347 3138 3500 3195 exitu
3526 3139 3729 3196 Israel
3754 3143 3832 3198 de

2147 3227 2410 3300 Egypto,
2438 3259 2461 3282 ι»
2481 3228 2538 3282 id
2564 3231 2672 3295 est,
2699 3229 2934 3299 quando
2955 3227 3311 3284 Israeliticus
3341 3226 3600 3301 populus
3633 3230 3843 3288 exivit

2149 3317 2220 3372 de
2248 3317 2511 3389 ZEgypto,
2536 3316 2761 3372 scilicet
2783 3317 2854 3372 de
2883 3315 3040 3373 exitu
3063 3341 3086 3366 ει
3108 3318 3340 3389 domus,
3365 3343 3389 3368 η
3413 3316 3471 3372 id
3499 3321 3595 3373 est
3625 3319 3844 3378 totius

2147 3406 2382 3462 familiae
2416 3423 2439 3447 ιι
2471 3407 2672 3463 Jacob.
2696 3433 2723 3463 »
2755 3407 2835 3463 De
2866 3408 3131 3481 IEgypto,
3155 3407 3226 3462 de
3267 3423 3383 3479 qua
3422 3406 3602 3463 exivit
3636 3411 3844 3465 meri-

2147 3500 2224 3565 to,
2259 3495 2396 3567 quia
2427 3495 2650 3552 scilicet
2681 3520 2706 3544 «
2737 3497 2808 3551 de
2838 3495 3054 3569 populo
3086 3496 3354 3565 barbaro,
3382 3521 3404 3544 »
3428 3496 3485 3551 id
3517 3499 3633 3563 est,
3677 3500 3845 3570 quia

2145 3584 2398 3657 populus
2431 3589 2554 3640 erat
2583 3585 2892 3662 barbarus.

2216 3674 2279 3728 In
2312 3675 2469 3729 exitu
2497 3673 2596 3730 illo
2626 3695 2649 3719 ιι
2671 3675 2918 3730 Judzea»
2943 3678 3099 3730 terra
3120 3672 3220 3729 illa
3244 3701 3267 3724 ιι
3300 3677 3390 3730 est
3419 3673 3575 3729 facta
3595 3676 3842 3731 sancti-

2143 3763 2334 3818 ﬁcatio
2367 3762 2526 3818 illius
2561 3793 2583 3816 υ
2609 3762 2839 3836 populi;
2873 3762 3012 3835 quia
3051 3763 3130 3818 ibi
3171 3766 3488 3834 potuerunt
3523 3779 3836 3820 caeremo-

2141 3853 2271 3908 nias
2300 3850 2432 3907 illas
2463 3856 2522 3908 et
2542 3852 2832 3908 sacrificia
2859 3851 2975 3908 Deo
3005 3850 3350 3925 persolvere,
3373 3851 3434 3906 in
3464 3851 3699 3923 quibus
3735 3853 3830 3908 illi

2140 3940 2340 4013 populi
2372 3941 2922 4010 sanctiﬁcabantur;
2948 3967 2976 3997 α
2995 3944 3051 3996 et
3075 3939 3251 3996 Israel
3280 3970 3303 3993 υ
3325 3944 3414 3996 est
3434 3939 3630 3994 tactus
3655 3963 3688 3990 ‹‹
3719 3958 3829 4013 po.

2138 4033 2321 4085 testas
2361 4030 2490 4100 ejus
2523 4058 2546 4083 ››
2580 4033 2770 4097 terrze,
2804 4030 2863 4084 id
2902 4034 3010 4096 est,
3044 4033 3251 4101 potens
3310 4029 3368 4084 in
3431 4032 3589 4083 terra
3649 4027 3768 4085 illa
3803 4047 3820 4086 :

2138 4123 2194 4174 et
2223 4123 2364 4175 tunc
2395 4119 2670 4191 apparuit
2697 4119 2900 4176 Judaea
2933 4118 3096 4190 quasi
3125 4117 3365 4175 domina
3389 4115 3662 4174 omnium
3700 4122 3821 4174 ter-

2137 4225 2336 4264 rarum
2347 4250 2359 4263 .

2205 4298 2276 4352 Et
2315 4298 2607 4368 quomodo
2654 4297 2864 4353 exivit?
2905 4297 3012 4354 Per
3047 4297 3156 4352 hoc
3193 4297 3349 4369 quod
3383 4323 3408 4350 α
3433 4311 3593 4351 mare
3618 4323 3642 4346 ι)
3683 4295 3803 4352 Ru-

2135 4386 2356 4441 bruma
2385 4385 2598 4452 vidit,»
2630 4386 2688 4441 id
2729 4390 2837 4456 est,
2879 4386 3167 4460 cognovit,
3209 4386 3417 4443 faciem
3459 4383 3558 4440 Dei
3600 4389 3660 4440 et
3704 4402 3803 4442 V0-

2135 4473 2564 4545 luntatem,«et
2596 4475 2747 4548 fugit
2769 4503 2792 4529 ιι
2826 4493 3008 4544 mare,
3035 4476 3092 4530 id
3125 4479 3234 4546 est,
3257 4473 3455 4530 divisit
3485 4472 3800 4544 seipsum:

2134 4568 2190 4620 et
2220 4565 2453 4636 quando
2483 4569 2771 4621 venerunt
2809 4566 2879 4621 ad
2921 4564 3260 4633 Jordanem,
3284 4569 3426 4619 tunc
3460 4589 3484 4612 ιι
3515 4562 3802 4618 Jordanis

2137 4670 2450 4708 conversus
2484 4658 2573 4710 est
2603 4657 2948 4719 retrorsum,
2974 4685 2998 4707 ››
3031 4653 3169 4726 quia
3198 4653 3335 4709 fecit
3363 4653 3449 4708 eis
3478 4650 3658 4707 viam.

2206 4743 2276 4796 Et
2306 4760 2440 4798 cum
2473 4747 2756 4798 venerunt
2785 4743 2842 4797 in
2883 4743 3168 4809 Judaam,
3196 4763 3220 4786 ‹‹
3251 4745 3500 4809 montes,
3525 4763 3549 4786 υ
3586 4740 3647 4794 id
3683 4746 3800 4811 est,

2135 4831 2369 4886 altiores
2403 4832 2458 4887 in
2493 4831 2726 4904 populo,
2751 4836 2816 4887 ut
2853 4832 3032 4888 Josue
3061 4835 3118 4888 et
3143 4830 3382 4903 Caleph,
3407 4856 3429 4879 ‹‹
3463 4828 3801 4885 exsultave-

2134 4925 2272 4976 runt
2301 4925 2365 4975 ut
2403 4921 2632 4989 arietes,
2667 4923 2724 4976 et
2753 4920 3000 4988 colles,»
3035 4920 3091 4975 id
3125 4924 3231 4990 est,
3268 4920 3526 4976 minores
3576 4918 3637 4972 in
3692 4935 3799 4989 po.

2132 5008 2291 5080 pulo,
2319 5034 2341 5057 α
2377 5009 2528 5064 sicut
2559 5009 2696 5082 agni
2727 5010 2944 5067 ovium.
2972 5041 2994 5063 υ

2201 5099 2285 5153 Ad
2317 5098 2655 5171 allegoriam
2680 5117 2691 5155 :
2728 5100 2835 5156 Per
2856 5099 3052 5167 Israel,
3077 5098 3361 5172 populum
3383 5095 3798 5152 Christianum

2125 5186 2539 5259 intelligimus,
2574 5189 2675 5260 qui
2706 5189 2853 5244 bene
2883 5189 3099 5245 dicitur
3127 5187 3324 5255 Israel,
3357 5186 3415 5242 id
3447 5190 3556 5253 est,
3582 5185 3800 5243 videns

2131 5278 2315 5332 Deum
2349 5294 2451 5349 per
2481 5277 2655 5333 ﬁdem
2685 5295 2696 5333 :
2741 5279 2974 5350 quando
3013 5277 3151 5333 exiit
3189 5277 3259 5332 de
3292 5277 3556 5348 IEgypto,
3585 5274 3645 5328 id
3679 5280 3798 5342 est,

2130 5367 2200 5422 de
2234 5366 2490 5422 tenebris
2522 5365 2907 5422 inﬁdelitatis.
2933 5367 3038 5421 Per
3067 5367 3310 5421 domum
3348 5364 3529 5420 Jacob
3569 5362 3806 5419 intelli-

2129 5458 2325 5530 gimus
2356 5455 2639 5529 populum
2684 5455 3030 5512 luctatorem
3067 5460 3269 5512 contra
3297 5453 3604 5524 vitiazqui
3641 5453 3812 5509 bene

2129 5547 2346 5602 dicitur
2381 5545 2580 5611 Jacob,
2601 5544 2659 5599 id
2692 5549 2780 5600 est
2810 5543 3084 5615 luctator,
3105 5560 3240 5600 cum
3279 5542 3419 5598 exiit
3457 5541 3530 5596 de
3571 5540 3796 5613 populo

2127 5636 2394 5706 barbaro,
2417 5633 2473 5688 id
2503 5638 2593 5690 est
2621 5634 2692 5690 de
2723 5634 2983 5690 dominio
3005 5634 3280 5692 vitiorum
3303 5632 3390 5688 vel
3424 5649 3457 5688 a
3487 5629 3781 5690 consortio
