4018 6176
168 369 295 431 589

1341 369 1439 429 EX
1452 368 1849 431 PLANATIO
1889 369 1969 431 IN
2014 370 2394 434 PSALMOS.

3459 387 3576 475 590

164 501 523 567 daemonum,
557 500 657 573 qui
708 500 986 557 dicuntur
1033 499 1285 573 populus
1332 500 1638 569 barbarus,
1673 501 1813 573 quia
1838 502 1896 570 Α
1923 502 2099 559 etiam
2133 528 2160 554 ‹‹
2196 522 2422 577 rupem,
2464 506 2521 561 id
2553 510 2663 577 est,
2696 507 2943 579 gentiles
2971 509 3156 567 siccas
3203 516 3262 569 ct
3305 516 3501 573 aridos
3532 535 3569 574 a

160 593 310 646 sunt
338 588 577 645 alienati
597 606 631 645 a
659 589 798 646 Deo.

231 680 304 734 Et
332 682 647 751 postquam
670 678 779 734 iste
812 677 985 733 Israel
1009 679 1183 733 exivit
1214 680 1283 734 de
1314 679 1804 751 zEgyptoJudaea,

156 765 216 823 id
248 771 342 823 est
370 766 664 833 Christus,
694 766 795 839 qui
828 766 955 823 ideo
986 784 1090 839 per
1124 768 1389 823 Judaeam
1438 766 1804 839 intelligitur,

157 856 301 928 quia
328 857 401 912 de
434 855 591 911 tribu
621 856 778 912 Juda
807 860 983 911 natus
1012 861 1120 923 est,
1154 874 1188 911 a
1217 874 1332 929 quo
1379 857 1581 912 Judaea
1627 857 1804 923 dicta,

155 946 257 1018 qui
289 945 526 1019 proprie
574 944 749 1001 etiam
798 945 1015 1000 dicitur
1061 945 1283 1011 Judaea,
1336 945 1472 1017 quia
1515 947 1805 1002 confessio

156 1040 361 1090 nostra
391 1038 499 1105 est,
534 1033 673 1106 quia
699 1050 833 1090 eum
867 1038 1135 1090 nostrum
1180 1033 1535 1090 Salvatorem
1586 1035 1805 1091 intelli-

153 1122 353 1196 gimus
389 1141 403 1178 :
430 1126 489 1179 et
516 1123 643 1195 ipse
672 1123 941 1178 Christus
969 1127 1057 1177 est
1082 1127 1235 1179 terra
1264 1127 1481 1193 nostra,
1507 1142 1609 1197 per
1627 1142 1802 1197 quem

152 1212 567 1278 subsistimus,
600 1212 755 1267 sicut
782 1216 839 1267 et
880 1229 983 1284 per
1010 1212 1273 1268 Judaeam
1308 1213 1663 1283 Israeliticns
1703 1232 1803 1286 po-

152 1300 334 1373 pulus
371 1318 386 1356 :
419 1301 619 1356 Iudaea
648 1300 767 1367 illa,
800 1300 1022 1356 scilicet
1049 1300 1505 1370 Christus,facta
1532 1306 1623 1358 est
1643 1320 1806 1358 sanc-

153 1390 401 1446 tiﬁcatio
434 1388 632 1456 Israel,
651 1388 708 1442 id
742 1393 830 1445 est
858 1388 1169 1445 Christiani
1194 1390 1393 1462 populi
1412 1407 1424 1445 :
1446 1392 1586 1463 quia
1613 1391 1806 1447 Chris-

149 1479 352 1534 tianus
385 1476 639 1551 populus
670 1494 773 1550 per
792 1477 1091 1534 Christum
1123 1477 1299 1533 habet
1326 1496 1560 1534 onmem
1594 1480 1806 1536 sancti-

149 1568 489 1624 ﬁcationem
525 1584 538 1623 :
573 1571 631 1622 et
675 1565 871 1637 Israel,
906 1566 965 1623 id
1013 1571 1121 1635 est,
1156 1567 1409 1641 populus
1463 1568 1559 1625 ille
1605 1569 1802 1625 Chris-

149 1658 375 1725 tianus,
424 1661 515 1712 est
572 1656 760 1712 factus
818 1659 1075 1728 potestas
1127 1656 1255 1728 ejus
1306 1657 1540 1725 Judanan,
1585 1658 1641 1713 id
1691 1663 1799 1726 est,

146 1747 391 1813 Christi,
426 1746 484 1803 id
516 1750 624 1813 est,
659 1745 917 1802 ostendit
947 1743 1244 1801 Christum
1276 1751 1597 1819 potentem,
1629 1765 1663 1802 a
1688 1765 1802 1819 quo

146 1835 562 1891 fortitudinem
591 1832 754 1890 illam
800 1834 1045 1906 accepit,
1078 1838 1144 1890 ut
1182 1838 1313 1891 tam
1364 1834 1608 1891 ﬁrmiter
1645 1841 1801 1892 stare
1829 1875 1878 1939 B

145 1930 203 1981 et
230 1928 447 1981 contra
473 1924 617 1979 vitia
644 1939 907 1996 pugnare
934 1924 1140 1995 possit.

212 2014 287 2069 Et
318 2030 426 2087 per
448 2012 561 2068 hoc
604 2011 704 2067 ille
736 2011 990 2084 populus
1019 2012 1210 2068 factus
1241 2018 1331 2068 est
1359 2012 1561 2079 Israel,
1594 2018 1651 2069 et
1680 2014 1797 2070 exi-

145 2103 223 2158 vit
271 2103 349 2159 de
396 2102 640 2175 [Egypto
687 2100 1073 2168 infidelitatis,
1123 2102 1263 2173 quia
1305 2126 1332 2152 ‹‹
1369 2119 1529 2159 mare
1569 2104 1713 2159 vidit
1742 2107 1800 2159 et

146 2191 317 2264 fugit,
356 2214 386 2240 »
418 2191 478 2246 id
509 2198 613 2258 est,
646 2205 849 2246 omnes
881 2190 1270 2247 amaricantes
1312 2190 1371 2246 in
1403 2192 1677 2264 peccatis,
1709 2192 1796 2247 vi-

143 2281 363 2337 derunt
392 2278 603 2335 faciem
633 2278 733 2336 Dei
767 2296 780 2335 :
815 2283 871 2335 et
911 2302 939 2329 ‹‹
971 2279 1267 2348 Jordanis,
1304 2303 1331 2329 »
1365 2282 1421 2336 id
1471 2286 1580 2350 est,
1614 2281 1795 2354 aliqui

145 2371 402 2427 ﬂuentes
421 2368 597 2425 variis
613 2368 918 2425 desideriis
948 2369 1007 2424 in
1025 2385 1205 2437 mare,
1219 2369 1276 2425 id
1299 2375 1408 2437 est,
1423 2371 1481 2425 in
1506 2374 1795 2427 mundum

143 2460 496 2515 discurrunt
524 2475 537 2514 :
571 2458 832 2515 conversi
862 2463 1002 2514 sunt
1040 2482 1067 2509 «
1104 2462 1444 2529 retrorsum,
1479 2483 1506 2510 ››
1538 2461 1620 2517 ita
1668 2465 1732 2516 ut
1763 2479 1798 2518 a

143 2549 409 2621 peccatis
438 2551 654 2614 essent,
684 2551 741 2604 et
770 2548 843 2603 ad
873 2546 1194 2618 Christum,
1228 2548 1286 2603 id
1318 2554 1407 2605 est
1456 2550 1527 2604 ad
1575 2552 1794 2607 fontem

142 2655 346 2704 suum,
377 2638 640 2705 redeant,
675 2654 710 2693 a
738 2653 853 2709 quo
888 2636 949 2692 in
978 2637 1328 2709 perfectione
1357 2638 1533 2694 creati
1563 2644 1719 2696 sunt.

206 2728 284 2783 Et
316 2731 466 2783 tunc
495 2749 524 2777 «
556 2728 783 2784 montes
817 2748 845 2775 »
877 2724 981 2794 illi,
1023 2725 1082 2781 id
1122 2730 1212 2782 est
1250 2726 1484 2783 altiores
1509 2727 1567 2782 in
1600 2729 1791 2786 Eccle-

139 2817 245 2885 sia,
280 2815 641 2872 sanctiﬁcati
669 2832 703 2872 a
732 2814 982 2884 Christo,
1007 2839 1035 2865 «
1069 2815 1505 2872 exsultaverunt
1537 2839 1566 2867 »
1597 2819 1669 2874 de
1687 2820 1796 2874 vir-

140 2906 375 2962 tutibus
427 2904 575 2976 suis,
626 2928 654 2955 «
699 2905 856 2961 sicut
901 2904 1134 2971 arietes,
1170 2928 1197 2954 ››
1248 2905 1388 2978 quia
1434 2911 1574 2962 sunt
1614 2908 1794 2965 duces

138 2995 360 3069 gregis,
396 2993 551 3049 sicut
574 2992 785 3051 arietes
818 3010 831 3049 :
867 3017 893 3042 ‹‹
929 2997 986 3048 et
1013 2992 1210 3062 colles,
1235 3016 1263 3043 ››
1295 2993 1354 3049 id
1385 2998 1473 3051 est
1504 2994 1586 3050 illi
1612 2996 1797 3052 mino-

140 3101 247 3149 res,
286 3082 397 3155 qui
424 3087 591 3139 erant
637 3081 780 3139 culti
830 3082 902 3144 ab
953 3081 1070 3138 illis
1120 3082 1450 3152 altioribus,
1505 3084 1640 3139 facti
1693 3104 1795 3159 per

1914 609 2048 648 vero
2082 611 2229 660 rore,
2260 599 2317 649 et
2345 595 2674 667 cognitione
2713 596 2836 665 Dei,
2870 599 3157 655 convertit
3197 626 3225 651 ‹‹
3260 602 3561 677 in'fontes

1917 696 2225 751 aquarum,
2258 708 2284 733 ‹‹
2319 683 2376 739 id
2410 689 2519 750 est,
2555 688 2619 740 ut
2648 684 2759 757 ipsi
2790 686 3037 758 gentiles
3081 688 3226 747 ﬁant
3271 691 3462 750 fontes
3504 699 3563 751 et

1916 768 2098 841 origo,
2132 787 2200 826 ex
2231 772 2447 843 quibus
2477 790 2661 845 aquae,
2696 773 2753 828 id
2793 779 2880 830 est
2926 776 3223 848 doctrinae,
3256 778 3560 851 proﬂuunt

1914 855 2066 913 aliis.
3564 922 3571 928 .

1987 970 2014 995 ‹‹
2049 947 2173 1002 Non
2207 949 2394 1005 nobis.
2433 973 2460 999 »
2489 951 2559 1005 Et
2589 953 3084 1025 quandoquidem,
3117 972 3150 1011 ο
3188 956 3452 1027 Domine,
3476 960 3573 1016 ita.

1915 1036 2202 1093 convertis
2232 1042 2481 1109 petram,
2513 1045 2571 1094 et
2600 1044 2806 1096 caetera
2844 1042 3124 1099 beneﬁcia
3172 1045 3315 1102 facis
3362 1048 3569 1115 nobis,

1912 1140 2039 1195 ego,
2066 1148 2093 1175 ‹‹
2126 1126 2391 1193 Domine,
2415 1150 2439 1174 ››
2472 1128 2546 1182 da
2578 1128 2747 1184 nobis
2779 1130 3240 1188 misericordiam
3270 1138 3327 1189 et
3354 1138 3559 1195 verita-

1914 1217 2060 1270 tem:
2083 1219 2140 1270 et
2168 1233 2345 1287 super
2374 1215 2475 1272 illa
2506 1217 2908 1274 misericordia
2935 1224 3079 1276 tuau
3097 1222 3174 1278 da
3192 1222 3439 1294 gloriam
3460 1244 3559 1284 no-

1915 1301 2057 1357 mini
2091 1307 2210 1372 tuo,
2239 1323 2351 1361 non
2374 1305 2564 1373 nobis,
2590 1329 2619 1355 ››
2642 1307 2698 1362 id
2722 1312 2832 1376 est,
2855 1310 2942 1364 fac
2966 1310 3071 1365 nos
3099 1310 3421 1385 intelligere
3448 1315 3555 1371 mi—

1912 1391 2289 1448 sericordiam
2326 1399 2487 1450 tuam
2520 1394 2682 1450 nullo
2718 1402 2916 1452 nostro
2948 1398 3156 1455 merito
3196 1401 3366 1457 nobis
3408 1403 3556 1473 dari.

1909 1481 2012 1535 sed
2048 1486 2284 1553 propter
2330 1500 2541 1539 nomen
2593 1488 2761 1540 tuum
2803 1486 3259 1558 ampliandum':
3313 1494 3380 1547 ut
3424 1491 3565 1551 inde

1914 1568 2135 1623 nullam
2166 1571 2564 1628 attribuamus
2594 1573 2766 1629 nobis
2792 1572 3030 1630 laudem
3059 1579 3118 1631 et
3151 1576 3422 1651 gloriam,
3452 1581 3563 1641 sed.

1911 1660 2101 1713 totum
2152 1659 2518 1715 ascribamus
2554 1660 2777 1717 nomini
2808 1666 2907 1717 tuo
2942 1680 2956 1718 :
2989 1663 3049 1719 in
3081 1682 3197 1721 uno
3228 1688 3256 1716 ‹‹
3290 1684 3405 1723 non
3447 1685 3556 1725 no-

1911 1745 2022 1815 bis,
2060 1770 2087 1795 ››
2112 1746 2346 1803 Judaeos
2376 1748 2761 1822 intelligimus
2794 1768 2807 1806 :
2843 1750 2902 1805 in
2935 1751 3071 1817 alio,
3104 1776 3131 1803 ‹‹
3166 1769 3281 1809 non
3312 1755 3553 1825 nobis,»

1909 1839 2132 1906 gentes,
2152 1835 2374 1892 scilicet
2385 1854 2572 1910 neque
2583 1838 2769 1893 Judaei
2784 1856 2969 1912 neque
2980 1844 3184 1912 gentes
3195 1849 3556 1914 praesumant

1908 1923 2020 1980 sibi
2053 1924 2177 1980 dari
2209 1925 2674 1983 misericordiam
2700 1928 3027 1983 secundum
3056 1930 3267 1986 merita
3296 1949 3423 1988 sua.
3556 1992 3563 1998 ,

1979 2036 2007 2062 ‹‹
2042 2013 2127 2068 Da
2154 2012 2424 2085 gloriam,
2459 2038 2487 2063 ››
2520 2015 2670 2084 dico,
2705 2038 2731 2065 ‹‹
2766 2033 2946 2088 super
2973 2016 3373 2077 misericordia
3392 2024 3552 2091 tua,»

1907 2101 1965 2157 id
1996 2106 2106 2168 est,
2138 2102 2208 2158 de
2240 2102 2584 2159 remissione
2615 2108 2990 2176 peccatorum
3041 2109 3099 2162 et
3148 2106 3283 2164 aliis
3323 2110 3553 2166 miseri-

1906 2191 2159 2247 corditer
2186 2191 2469 2264 impensis
2500 2210 2512 2247 :
2549 2216 2577 2243 «
2611 2197 2669 2248 et
2708 2193 2946 2251 veritate
2992 2198 3115 2261 tua,
3151 2218 3181 2246 »
3229 2196 3289 2252 id
3338 2202 3449 2266 est,
3483 2198 3554 2255 de

1905 2279 2245 2353 impletione
2277 2281 2778 2352 promissionum:
2814 2282 2896 2338 ita
2926 2284 3001 2338 da
3029 2284 3280 2356 gloriam
3329 2286 3554 2345 nomini

1903 2372 2026 2437 tuo,
2051 2393 2079 2418 ‹‹
2114 2388 2185 2426 ne
2210 2371 2446 2442 quando
2474 2371 2673 2427 dicant
2701 2375 2903 2444 gentes
2937 2389 2950 2428 :
2987 2372 3094 2429 Ubi
3134 2378 3226 2431 est
3272 2375 3429 2433 Deus
3457 2392 3563 2441 eo-~

1905 2458 2083 2514 rum?
2116 2481 2144 2508 ››
2176 2459 2457 2531 quoniam
2487 2462 2697 2532 putant
2711 2460 2796 2516 vel
2829 2477 2935 2518 nos
2957 2479 3071 2518 non
3104 2462 3320 2520 habere
3335 2464 3551 2523 Deum:

1902 2546 2013 2614 vel,
2046 2548 2094 2603 si
2127 2548 2836 2621 babemus,impotcntcm
2867 2568 3001 2606 eum
3032 2555 3264 2623 putant,
3288 2570 3424 2610 cum
3447 2572 3554 2611 nos

1900 2636 2136 2692 videant
2164 2654 2451 2709 pauperes
2481 2642 2537 2693 et
2566 2656 2882 2709 pannosos.

1974 2749 2002 2775 ‹‹
2037 2726 2191 2782 Deus
2223 2731 2437 2781 autem.
2478 2750 2505 2774 ››
2537 2726 2750 2782 Gentes
2776 2732 2986 2800 putant
3016 2746 3121 2783 nos
3171 2746 3288 2785 non
3335 2730 3552 2789 habere

1902 2816 2108 2886 Deum,
2132 2816 2219 2870 vel
2252 2814 2301 2870 si
2332 2833 2507 2889 quem
2538 2815 2847 2882 habemus,
2880 2820 3090 2888 putant
3118 2833 3253 2873 eum
3281 2834 3410 2875 esse
3437 2818 3547 2885 im-

1903 2908 2219 2976 potentem,
2252 2904 2351 2959 sed
2376 2926 2404 2953 ‹‹
2430 2904 2585 2958 Deus
2626 2907 2823 2960 noster
2844 2927 2873 2952 ››
2918 2908 3007 2959 est
3035 2926 3063 2954 ‹‹
3088 2904 3149 2960 in
3170 2904 3314 2961 caelo
3338 2929 3367 2955 ››
3390 2908 3547 2979 quod

1902 2997 2163 3066 apparet,
2196 2992 2337 3065 quia
2367 3015 2395 3043 ‹‹
2429 2992 2628 3048 omnia
2657 3009 3019 3065 quacunque
3047 2992 3232 3050 voluit
3261 2994 3418 3053 fecit.
3453 3017 3483 3045 »

1975 3106 2002 3132 (ι
2028 3081 2377 3139 Simulacra.
2394 3105 2421 3132 ››
2446 3081 2584 3137 Pars
2598 3081 2789 3137 tertia.
2804 3081 2959 3138 Deus
2980 3086 3179 3139 noster
3193 3087 3284 3140 est
3303 3084 3364 3140 in
3382 3084 3545 3156 cwlo,

140 3170 622 3245 praedicationem
652 3187 854 3227 eorum
888 3193 916 3223 «
947 3172 1100 3227 sicut
1129 3173 1262 3243 agni
1296 3174 1511 3243 ovium,
1550 3197 1577 3223 ››
1608 3174 1665 3230 id
1705 3180 1795 3231 est
1837 3240 1867 3245 _
1905 3175 2112 3243 potens
2142 3188 2320 3244 super
2349 3170 2567 3237 omnia,
2600 3170 2702 3226 sed
2734 3169 2813 3225 dii
2846 3193 2873 3220 ‹‹
2906 3171 3195 3244 gentium,
3217 3194 3246 3222 ››
3279 3173 3382 3245 qui
3412 3177 3553 3231 sunt

140 3261 510 3326 innocentes,
542 3258 1002 3316 exsultaverunt.

207 3372 235 3397 «
271 3346 434 3415 Quid
462 3349 552 3402 est
581 3346 708 3413 tibi,
731 3346 929 3403 mare?
952 3370 979 3396 ››
1013 3348 1151 3404 Pars
1182 3350 1460 3405 secunda.
1484 3349 1796 3409 Continua-

142 3436 216 3492 tio
251 3455 267 3493 :
306 3436 471 3492 Mare
501 3436 653 3509 fugit
678 3435 931 3508 priorem
962 3436 1165 3506 vitam,
1197 3442 1276 3507 et,
1309 3455 1341 3494 o
1391 3462 1419 3489 «
1454 3457 1634 3508 mare,
1676 3464 1702 3491 ››
1734 3441 1794 3497 id

142 3532 244 3596 est,
272 3542 311 3582 o
341 3541 449 3582 vos
480 3525 870 3582 amaricantes
899 3524 959 3581 in
990 3527 1268 3599 peccatis,
1306 3549 1333 3579 «
1365 3528 1506 3601 quid
1550 3534 1641 3586 est
1688 3530 1794 3587 tibi

142 3615 297 3687 quod
325 3613 556 3688 fugisti,
574 3638 602 3665 ››
624 3614 682 3671 id
714 3618 804 3671 est
832 3614 1085 3689 priorem
1119 3618 1605 3674 consuetudinem
1629 3618 1797 3675 dimi-

140 3703 317 3760 sisti?
347 3727 391 3755 ‹‹·
412 3708 473 3760 et
501 3708 587 3772 tu,
618 3703 913 3774 Jordanis,
946 3727 974 3754 »
1006 3706 1149 3777 quid
1180 3710 1269 3763 est
1298 3706 1403 3763 tibi
1434 3731 1462 3758 «
1497 3708 1636 3779 quia
1664 3727 1796 3765 con-

139 3810 344 3851 versus
374 3810 440 3850 es
468 3798 814 3862 retrorsum,
852 3817 879 3844 ››
911 3795 984 3850 ad
1015 3794 1201 3851 Deum
1233 3795 1451 3852 fontem
1484 3800 1653 3852 tuum
1676 3798 1705 3853 ?

205 3884 302 3950 Et,
334 3900 367 3939 ο
398 3900 524 3954 vos,
556 3907 583 3935 α
619 3886 869 3952 montes,
899 3906 926 3933 ››
958 3883 1017 3939 id
1048 3888 1138 3940 est
1166 3885 1356 3941 sancti
1388 3885 1792 3959 apostoli,quae

141 3989 322 4028 causa
368 3972 482 4028 fuit
527 3988 709 4045 quare
756 3989 858 4028 vos
904 3996 930 4022 α
966 3971 1304 4029 exsultastis
1356 3974 1509 4031 sicut
1536 3975 1795 4032 arietes?

139 4066 193 4116 et
225 4085 254 4111 ››
288 4078 323 4117 o
351 4078 478 4129 vos,
514 4084 542 4111 ‹‹
577 4060 775 4129 colles,
812 4083 839 4110 ››
870 4061 1014 4133 quid
1039 4061 1379 4119 exsultastis
1410 4088 1436 4113 ‹‹
1472 4064 1627 4120 sicut
1655 4065 1790 4138 agni

140 4150 336 4206 on’um
357 4150 387 4206 ?
420 4172 447 4200 ››
478 4150 645 4223 ponit
674 4150 1052 4207 solutionem.

209 4242 417 4306 Quaero
447 4257 555 4297 cur
582 4239 838 4313 fugisti?
867 4242 977 4296 etc.
1011 4241 1155 4296 Ecce
1186 4258 1445 4297 causam.
1476 4242 1609 4299 Ideo
1632 4259 1793 4299 mare

145 4327 315 4401 fugit,
346 4333 406 4386 et
434 4332 642 4385 caetera
671 4329 825 4385 facta
855 4334 995 4387 sunt
1025 4330 1217 4403 (Exod.
1252 4330 1412 4403 xvn),
1447 4331 1585 4403 quia
1616 4354 1644 4383 ‹‹
1679 4337 1791 4389 ter-

145 4434 225 4483 ra,
261 4440 293 4469 »
326 4418 385 4473 id
434 4423 527 4474 est
572 4417 810 4485 terreni,
844 4441 872 4469 «
908 4423 1066 4475 mota
1113 4422 1202 4476 est
1235 4444 1262 4469 ››
1303 4438 1338 4475 a
1365 4420 1542 4475 veteri
1573 4419 1689 4477 vita
1719 4421 1791 4478 ad

146 4523 351 4563 novam
386 4524 401 4562 :
433 4512 493 4563 et
523 4506 632 4563 hoc
666 4530 693 4557 ‹‹
727 4525 762 4564 a
805 4508 953 4564 facie
982 4507 1234 4575 Domini,
1276 4532 1301 4557 ››
1334 4509 1390 4563 id
1422 4512 1530 4574 est,
1562 4513 1796 4582 propter

1825 3240 1870 3309 (ἶ
1908 3284 1935 3310 ‹‹
1970 3260 2307 3328 simulacra,
2340 3264 2652 3333 argentum
2684 3282 2712 3309 ››
2736 3263 2877 3315 sunt
2905 3283 2932 3310 «
2966 3264 3023 3316 et
3052 3277 3264 3318 aurum
3296 3284 3324 3313 ››
3350 3278 3565 3331 secun-~

1906 3350 2047 3405 dum
2079 3349 2408 3405 materiam.
2428 3344 2557 3405 Ideo
2580 3348 2701 3405 haec
2722 3349 2837 3405 duo
2859 3348 3020 3417 dicit,
3040 3366 3167 3423 qua:
3188 3355 3329 3421 sunt
3347 3351 3557 3425 pretio-

1905 3438 2062 3496 siora
2085 3438 2340 3508 metalla,
2375 3439 2513 3512 quia
2533 3438 2583 3494 si
2603 3437 2854 3495 stultum
2886 3442 2975 3495 est
2994 3438 3237 3496 adorare
3256 3456 3467 3500 aureas
3496 3445 3555 3499 et

1905 3532 2210 3601 argenteas
2234 3527 2540 3601 imagines,
2556 3526 2741 3584 multo
2775 3526 3016 3584 stultius
3046 3528 3289 3585 adorare
3312 3529 3552 3599 ferreas,

1902 3617 1992 3675 vel
2022 3618 2092 3674 de
2122 3634 2473 3690 quacunque
2488 3616 2589 3672 vili
2608 3615 2866 3672 metallo.
2887 3616 3225 3674 Secundum
3245 3618 3552 3689 materiam

1904 3710 2046 3763 sunt
2074 3710 2385 3779 argentum
2429 3708 2487 3761 et
2533 3722 2767 3772 aurum,
2800 3705 3127 3760 secundum
3173 3706 3551 3778 compositio-
3628 3709 3637 3717 ’

1904 3812 2038 3852 nem
2070 3799 2210 3850 sunt
2240 3818 2267 3845 ‹‹
2302 3810 2477 3866 Opera
2505 3808 2791 3848 manuum
2821 3790 3129 3847 hominum
3164 3808 3179 3863 ξ
3213 3814 3243 3842 ››
3273 3797 3331 3849 et
3359 3793 3420 3849 in
3441 3793 3551 3850 hoc

1904 3887 2141 3939 notatur
2170 3881 2427 3939 maxima
2455 3898 2657 3938 eorum
2691 3878 2963 3952 stultitia,
2996 3880 3151 3953 quod
3182 3897 3252 3939 ea
3277 3897 3406 3954 quas
3436 3879 3551 3954 ipsi

1902 3972 2146 4044 faciunt,
2177 3971 2347 4044 quasi
2378 3971 2710 4027 Creatorem
2743 3986 2920 4026 suum
2948 3973 3318 4027 venerantur.

1972 4063 2042 4118 Et
2071 4065 2136 4117 ut
2166 4060 2415 4117 maxime
2446 4058 2707 4115 derideat
2738 4057 3181 4116 idololatrarum
3211 4057 3550 4130 stultitiam,

1902 4150 2182 4207 describit
2211 4148 2666 4205 simulacrorum
2697 4146 3124 4218 impotentiam,
3148 4147 3351 4204 dicens
3384 4164 3399 4204 :
3428 4170 3457 4223 aa
3476 4147 3555 4205 Os

1901 4240 2140 4308 habent,
2178 4261 2205 4287 ››
2245 4238 2403 4310 quod
2452 4235 2677 4292 faciunt
2706 4236 2837 4307 ejus
2864 4236 3141 4306 artiﬁces,
3175 4259 3203 4288 ‹‹
3238 4241 3297 4293 et
3321 4254 3438 4293 non
3470 4235 3555 4313 lo-_

1902 4332 2177 4402 quentur,
2210 4325 2409 4383 oculos
2442 4325 2661 4382 habent
2692 4329 2750 4382 et
2780 4342 2895 4381 non
2927 4325 3230 4382 videbunt.
3266 4347 3296 4376 ››

1974 4442 2002 4470 ‹‹
2034 4420 2219 4473 Aures
2249 4416 2557 4487 habent,et
2584 4432 2701 4471 non
2725 4414 2995 4484 audient;
3033 4430 3205 4470 nares
3226 4413 3465 4484 habent,
3498 4417 3557 4470 et

1904 4532 1930 4559 ‹‹
1966 4525 2082 4563 non
2114 4506 2465 4562 odorabunt.
2486 4506 2695 4561 Manus
2725 4503 2961 4571 habent,
2980 4507 3037 4559 et
3058 4519 3172 4558 nou
3195 4501 3550 4575 palpabunt:

144 4594 349 4652 faciem
372 4597 497 4664 Dei,
530 4613 710 4669 quam
741 4603 1090 4670 praesentem
1118 4598 1411 4665 viderunt,
1440 4598 1663 4654 scilicet
1693 4616 1792 4654 co-
1826 4613 1874 4677 ι)
1906 4622 1931 4646 ι(
1967 4596 2143 4669 pedes
2191 4594 2428 4662 habent,
2463 4598 2519 4649 et
2568 4611 2683 4649 non
2731 4590 3143 4648 ambulabunt.
3177 4613 3205 4639 ››
3254 4592 3382 4647 Non
3423 4590 3553 4669 dico

144 4684 465 4755 gnitionem
494 4686 597 4742 Dei
629 4686 964 4743 habuerunt
992 4705 1005 4743 :
1038 4691 1096 4743 et
1127 4705 1198 4742 ne
1244 4702 1457 4743 novum
1508 4687 1795 4760 intellige-

148 4789 363 4843 remus,
395 4776 541 4832 dicit
572 4794 586 4833 :
622 4800 649 4827 ‹‹
684 4794 718 4832 a
758 4777 904 4833 facie
955 4777 1054 4832 Dei
1108 4778 1375 4852 Jacob,»
1426 4778 1482 4833 id
1531 4782 1643 4848 est,
1700 4776 1795 4832 ille

146 4861 299 4918 Deus
345 4882 523 4937 quem
575 4871 920 4938 praesentem
970 4866 1228 4923 vidimus
1279 4868 1338 4922 in
1389 4884 1646 4939 corpore,
1689 4865 1800 4920 fuit

149 4949 244 5007 ille
276 4952 426 5010 Deus
460 4971 638 5027 quem
661 4955 924 5011 adoravit
950 4955 1155 5012 Jacob.

218 5064 245 5091 «ί
279 5043 385 5108 Qui
420 5066 448 5093 ››
471 5043 631 5100 Deus
663 5045 980 5101 ostendens
1012 5045 1181 5100 nobis
1228 5044 1435 5100 faciem
1486 5061 1655 5099 suam
1699 5061 1801 5115 per

152 5131 517 5200 praesentiam
544 5133 831 5206 corporis,
865 5156 892 5184 ‹‹
927 5133 1207 5190 convertit
1257 5138 1501 5205 petram,
1539 5155 1567 5182 η
1600 5132 1657 5188 id
1689 5137 1797 5201 est,

152 5224 410 5288 petrosos
438 5221 700 5291 Judaeos,
736 5223 807 5278 de
837 5223 1056 5294 quibus
1087 5221 1303 5277 dicitur
1336 5239 1347 5277 :
1384 5244 1410 5271 «
1456 5222 1664 5277 Potens
1712 5225 1802 5276 est

153 5306 842 5384 Deusdelapidibusistis
854 5311 1138 5368 suscitare
1162 5312 1313 5366 ﬁlios
1336 5310 1577 5366 Abrahae
1592 5310 1798 5380 (Matth.

152 5401 260 5463 "1),
294 5420 321 5447 υ
349 5399 406 5456 id
455 5404 567 5469 est,
601 5401 674 5456 de
716 5400 811 5457 his
856 5400 1075 5457 Judaeis
1109 5419 1121 5456 :
1162 5399 1461 5467 convertit,
1496 5398 1647 5464 dico,
1682 5422 1709 5448 ‹‹
1742 5399 1801 5454 in

153 5489 356 5559 stagna
384 5506 702 5562 aquarum,
721 5512 748 5539 υ
765 5490 820 5545 id
853 5494 960 5558 est,
978 5494 1042 5545 ut
1064 5490 1183 5547 sint
1207 5493 1480 5561 stagnum
1500 5487 1804 5544 continens

157 5579 425 5647 aquas,id
448 5582 561 5647 est,
579 5580 723 5635 ﬁant
742 5579 1022 5644 Ecclesia,
1037 5579 1094 5634 in
1118 5596 1235 5652 qua
1256 5578 1803 5651 continenturaquae

156 5662 476 5739 baptismi:
532 5673 590 5729 et
637 5686 754 5729 non
804 5674 1037 5731 tantum
1085 5667 1370 5730 convertit
1412 5668 1667 5741 Judwos,
1700 5669 1803 5728 sed

1907 4689 2138 4742 tantum
2188 4702 2302 4740 non
2353 4683 2668 4755 loquentur
2698 4681 2851 4737 sicut
2898 4680 3190 4751 homines,
3224 4681 3326 4737 sed
3376 4704 3404 4731 ‹‹
3438 4697 3555 4738 non

1905 4774 2456 4832 clamabunt»sicut
2484 4772 2752 4844 quaedam
2784 4770 3211 4826 irrationabilia
3241 4769 3563 4828 animalia!

1906 4865 1966 4921 in
1999 4882 2114 4937 quo
2149 4863 2400 4918 maxime
2429 4879 2633 4917 eorum
2668 4862 2893 4917 deridet
2922 4860 3257 4930 stultitiam,
3284 4859 3386 4933 qui
3417 4859 3556 4917 talia

1907 4956 2172 5020 adorant,
2207 4970 2335 5024 quae
2369 4968 2473 5007 nec
2503 4951 2758 5007 clamare
2788 4950 3017 5023 possint
3060 4951 3215 5007 sicut
3261 4950 3413 5006 asini
3460 4947 3550 5004 vel

1910 5042 2183 5116 quaelibet
2210 5040 2631 5097 irrationabilia
2663 5039 2960 5097 animalia.
2996 5040 3134 5096 Dico
3183 5056 3298 5095 non
3336 5036 3553 5094 clama-

1911 5134 2078 5201 bunt,
2113 5133 2195 5188 ita
2224 5130 2460 5203 quidem
2492 5130 2647 5201 quod
2680 5129 2739 5185 in
2772 5134 3008 5201 gutture
3046 5145 3152 5185 suo
3184 5150 3213 5177 »
3252 5126 3506 5183 clament
3537 5143 3553 5184 :

1909 5224 2065 5295 quod
2100 5222 2230 5278 ideo
2258 5220 2417 5289 dicit,
2453 5220 2592 5292 quia
2639 5218 2989 5289 quandoque
3034 5216 3095 5272 in
3146 5216 3557 5289 hujuscemodi

1912 5312 2083 5367 idolis
2113 5310 2438 5383 loquuntur
2466 5306 2772 5363 daemonia.

1984 5426 2009 5451 ‹‹
2045 5399 2277 5457 Similes
2312 5398 2427 5453 illis
2459 5399 2603 5452 ﬁant
2633 5395 2732 5466 qui
2764 5395 2987 5450 faciunt
3015 5412 3103 5462 ea,
3140 5418 3167 5444 ››
3200 5395 3258 5453 id
3302 5399 3392 5452 est
3416 5395 3557 5451 arti-

1913 5490 2380 5547 ﬁcesidolorum:
2408 5486 2561 5557 quod
2589 5484 2742 5538 sicut
2763 5483 2864 5538 illa
2884 5501 2997 5540 non
3014 5485 3232 5554 vident,
3248 5500 3353 5540 nec
3375 5482 3559 5543 alium

1913 5581 2133 5637 habent
2162 5593 2400 5635 sensum
2433 5571 2815 5647 corporalem,
2849 5572 2931 5629 ita
2974 5574 3221 5631 factores
3260 5572 3559 5631 idolorum

1913 5671 2218 5747 priventur
2236 5665 2394 5727 omni
2424 5663 2621 5741 vigore
2652 5664 2890 5723 animae:
2912 5686 2939 5716 «
2972 5666 3031 5723 et
3049 5687 3076 5715 υ
3108 5680 3224 5723 non
3247 5662 3439 5723 solum
3459 5662 3563 5741 qui
