4060 6180
505 352 613 416 591
915 352 1318 414 HAYMONIS
1348 351 1888 412 HALBERSTAT.
1920 347 2160 410 EPISC.
2189 348 2369 409 OPP.
2398 350 2631 412 PARS.
2663 352 2712 412 Ι.
2745 387 2822 396 -—-
2852 352 3253 436 CQMMENT.
3285 354 3464 418 BIBL.
3718 363 3816 426 592

505 486 730 543 faciunt
758 501 845 553 ea,
878 486 980 541 sed
1011 507 1042 534 «
1073 470 1290 540 omnes'
1307 483 1408 555 qui
1439 483 1746 539 conﬁdunt
1789 483 1850 538 in
1883 481 1990 549 eis,
2024 504 2053 533 »
2083 481 2142 537 id
2173 481 2229 549 Α
2257 483 2444 550 (Eccli.
2476 482 2592 556 xv).
2629 506 2656 534 »
2690 485 2852 541 Unde
2882 485 3193 555 Psalmista
3217 487 3348 544 alibi
3382 505 3394 544 :
3424 513 3449 540 «
3479 490 3731 550 Peccatori
3755 497 3824 552 di-

503 578 612 643 est,
647 574 745 648 qui
778 575 850 630 ab
879 573 962 628 eis
995 573 1158 644 quasi
1195 592 1227 628 a
1259 574 1374 627 Deo
1407 577 1611 644 petunt
1644 572 1946 627 auxilium.
2257 571 2337 625 xit
2370 572 2552 628 Deus:
2581 599 2603 621 ‹‹
2643 577 2828 640 Quare
2861 580 2920 630 tu
2953 577 3462 646 enarrasjustitias
3490 581 3822 652 meas?(Psal.

574 665 788 718 Gentes
807 660 2146 734 sperantesinhujusmodiidolisnihilproﬁcui
2256 665 2405 729 xmx)
2437 685 2465 712 ››
2519 685 2546 711 ‹‹
2582 680 2768 735 neque
2813 682 3038 730 omnes,
3074 689 3100 712 ››
3151 665 3207 720 id
3254 670 3339 720 est
3386 684 3489 722 non
3531 686 3710 724 omnes
3735 671 3822 740 illi,

498 753 850 820 habuerunt,
883 752 985 807 sed
1019 775 1046 802 «
1079 753 1357 820 domus,»
1391 752 1446 807 id
1476 756 1565 807 est
1594 751 1984 824 congregatio,
2011 776 2036 798 ‹‹
2065 751 2146 805 Is-
2258 773 2285 800 ‹‹
2339 750 2438 822 qui
2489 753 2853 808 descendunt
2901 755 2960 809 in
3011 754 3324 809 infernum.
3375 778 3399 804 »
3445 755 3620 828 Aliqui
3663 763 3826 816 autem

500 841 640 912 rae],
676 862 704 890 ››
735 841 794 896 id
825 844 913 897 est
945 840 1257 897 Christiani
1298 841 1519 914 populi,
1553 864 1582 891 ‹‹
1617 839 1870 912 speravit
1918 839 1976 893 in
2029 839 2146 894 Do-
2256 839 2647 897 laudaverunt
2693 843 2753 898 in
2804 843 3053 912 inferno,
3109 844 3260 900 sicut
3318 844 3609 916 propheta,
3653 852 3702 902 et
3746 849 3826 903 alii

495 929 677 997 mino,
712 952 742 980 »
773 934 832 986 et
859 930 985 1004 ipse
1015 935 1103 987 est
1133 953 1162 981 ‹‹
1197 931 1432 1002 adjutor
1459 947 1662 986 eorum
1692 951 1722 982 η
1758 930 1830 984 ad
1853 930 1997 984 bene
2020 945 2148 1000 ope-
2237 928 2398 999 justi
2429 934 2562 985 ante
2594 931 2907 987 adventum
2934 931 3172 988 Christi.

496 1020 772 1090 randum,
811 1043 833 1070 α
869 1023 925 1076 et
954 1024 1246 1093 protector
1276 1038 1478 1077 eorum
1509 1025 1598 1076 est
1629 1042 1657 1069 ››
1691 1023 1894 1075 contra
1924 1018 2096 1073 mala.
2329 1019 2542 1074 Mortui
2576 1037 2694 1078 non
2722 1020 3071 1087 laudabunt,
3101 1044 3129 1071 «
3162 1022 3264 1077 sed
3296 1037 3397 1076 nos
3425 1022 3516 1092 qui
3544 1021 3779 1091 vivimus,
3807 1047 3828 1073 ι»

572 1132 600 1160 ‹‹
633 1109 856 1166 Domus
883 1109 1094 1178 Aaron,
1132 1131 1161 1159 »
1212 1109 1268 1164 id
1319 1112 1414 1165 est
1455 1108 1828 1182 congregatio
1879 1108 2145 1162 sacerdo-
2255 1124 2391 1163 vera
2419 1108 2558 1178 vita,
2592 1108 2814 1164 scilicet
2843 1109 2904 1164 in
2930 1109 3265 1178 virtutibus,
3301 1133 3325 1160 ι(
3360 1110 3723 1167 benedicimus
3749 1112 3833 1168 Do-

497 1203 648 1270 tum,
677 1221 708 1250 ‹‹
741 1198 996 1272 speravit
1025 1199 1084 1254 in
1117 1198 1384 1267 Domino,
1422 1222 1449 1248 ››
1487 1205 1543 1255 et
1591 1216 1706 1254 non
1759 1197 1883 1254 sine
1931 1198 2146 1266 lructu,
2258 1197 2438 1266 mino,
2464 1220 2489 1247 ››
2523 1198 2581 1252 id
2604 1203 2711 1268 est,
2733 1198 3078 1270 incipientes
3101 1222 3129 1250 ‹‹
3153 1216 3220 1254 ex
3241 1199 3346 1255 hoc
3368 1216 3536 1266 nunc,
3561 1222 3587 1250 »
3604 1201 3654 1255 id
3669 1205 3760 1268 est,
3780 1218 3834 1256 ex

499 1288 604 1345 sed
636 1311 666 1339 «
698 1289 934 1359 adjutor
961 1305 1162 1345 eorum
1195 1294 1251 1345 et
1279 1293 1569 1362 protector
1597 1304 1799 1344 eorum
1831 1291 1939 1342 est.
2257 1285 2365 1342 hoc
2381 1287 2738 1359 praasenti,et
2755 1292 3192 1360 perseverantes
3211 1288 3547 1344 inlaudibus
3561 1288 3830 1345 Deisolius.

571 1376 722 1444 Quid
751 1393 854 1449 per
881 1377 1162 1450 singula?
1192 1378 1408 1434 Omnes
1437 1378 1508 1434 de
1545 1393 1895 1449 quacunque
1941 1375 2148 1431 condi-

499 1466 659 1524 tione
690 1487 719 1517 «
750 1466 852 1538 qui
885 1466 1096 1523 timent
1125 1467 1464 1535 Dominum,
1497 1469 1878 1539 speraverant
1927 1466 1987 1520 in
2036 1465 2146 1521 Do-
2737 1466 2809 1522 IN
2843 1466 3200 1524 'PSALMUM
3240 1466 3420 1523 CXIV.

501 1555 662 1612 mino
695 1570 711 1611 :
743 1577 773 1608 »
805 1559 864 1613 et
892 1555 1178 1613 auxilium
1207 1556 1268 1613 in
1301 1573 1366 1612 eo
1397 1556 1764 1625 invenerunt,
1799 1554 1938 1636 quia
1985 1578 2012 1606 α
2045 1556 2148 1611 ad-
2792 1574 3068 1630 Τιτυιυε,
3109 1575 3364 1632 Alleluia.

496 1645 662 1716 jutor
689 1662 893 1702 eorum
921 1651 981 1702 et
1008 1651 1300 1719 protector
1324 1663 1526 1703 eorum
1557 1650 1664 1702 est.
1702 1669 1729 1696 ››

574 1736 646 1791 Et
672 1735 832 1808 quod
863 1736 973 1791 fuit
1004 1740 1204 1792 noster
1233 1737 1484 1808 adjutor,
1520 1753 1634 1791 non
1664 1736 1776 1790 fuit
1807 1752 1876 1790 ex
1923 1734 2148 1791 meritis
2329 1756 2356 1784 ‹‹
2393 1732 2577 1788 Dilexi
2608 1734 2952 1806 quoniam.»
2992 1734 3277 1806 Loquitur
3306 1732 3596 1808 propheta,
3623 1737 3673 1788 et
3699 1731 3837 1788 habet

503 1823 742 1892 nostris,
771 1827 873 1882 sed
904 1842 1006 1898 per
1054 1825 1516 1882 misericordiam
1567 1842 1736 1884 suam
1783 1848 1812 1875 ‹‹
1863 1824 2148 1880 Dominus
2178 1853 2224 1919 Β
2259 1823 2564 1879 materiam
2596 1823 2878 1894 seipsum,
2896 1827 2952 1879 et
2981 1822 3127 1879 alios
3157 1839 3478 1893 conversos,
3505 1826 3560 1876 et
3585 1820 3836 1876 exauditos

501 1929 730 1970 memor
755 1915 868 1970 fuit
894 1915 1102 1983 nostri,
1137 1937 1165 1964 »
1198 1916 1353 1986 quod
1387 1915 1639 1970 maxime
1669 1919 1910 1986 apparet
1939 1930 2009 1968 ex
2037 1913 2146 1968 hoc
2179 1912 2221 1919 ”
2255 1913 2327 1968 de
2353 1912 2699 1984 peccatis,et
2719 1916 2949 1968 orantes
2968 1929 3071 1984 pro
3093 1912 3411 1984 reliquo,id
3432 1914 3536 1978 est,
3551 1926 3644 1982 pro
3665 1913 3838 1964 αξιοι-ηδ

498 2004 654 2074 quod
686 2003 900 2058 Filium
931 2020 1106 2058 suum
1137 2021 1241 2074 pro
1289 2009 1490 2060 nostra
1530 2003 1925 2073 redemptione
1954 2001 2144 2057 incar-
2252 2001 2547 2056 vitazetin
2571 2001 2762 2072 prima
2783 2005 2947 2073 parte
2977 2001 3238 2056 ostendit
3275 2001 3425 2072 quod
3448 2015 3574 2054 cum
3595 1997 3648 2052 in
3675 2012 3834 2069 pecca-

498 2091 623 2146 nari
656 2090 810 2158 fecit,
842 2113 870 2141 «
903 2095 960 2146 et
989 2091 1284 2146 benedixit
1314 2092 1505 2160 nobis,
1543 2115 1570 2140 »
1617 2092 1674 2145 id
1728 2096 1836 2158 est,
1870 2089 2148 2161 multipli-
2254 2091 2330 2146 tis
2360 2090 2854 2156 fuisset,immisit
2881 2091 3037 2147 Deus
3068 2089 3290 2146 multas
3320 2087 3838 2156 tribulationes,que

497 2171 650 2235 cavit
678 2195 922 2235 numero
953 2183 1011 2236 et
1039 2177 1377 2236 virtutibus.
2254 2185 2569 2253 coegerunt
2612 2197 2747 2235 eum
2796 2178 3049 2235 clamare
3097 2197 3202 2250 pro
3245 2178 3516 2251 peccatis,
3547 2181 3600 2231 et
3625 2175 3840 2230 clamans

567 2269 638 2324 Et
665 2269 880 2342 quibus
910 2267 1078 2324 nobis
1097 2269 1125 2323 ‘2
1155 2292 1181 2317 ‹‹
1218 2269 1518 2325 Benedixit
1558 2269 1758 2324 domui
1809 2269 2006 2337 Israel,
2042 2270 2143 2324 be-
2255 2270 2563 2325 exauditus
2591 2273 2700 2325 est.
2735 2269 2797 2324 In
2830 2269 3090 2325 secunda
3125 2273 3314 2340 parte,
3347 2285 3469 2340 quae
3515 2265 3731 2337 incipit:
3760 2286 3784 2313 ι(
3807 2261 3842 2318 0

500 2356 720 2413 nedixit
748 2355 948 2412 domui
979 2358 1168 2412 Aaron
1204 2373 1218 2412 :
1255 2380 1282 2406 »
1310 2362 1366 2412 et
1412 2357 1588 2413 etiam
1618 2382 1644 2407 «
1679 2357 1972 2414 benedixit
2020 2375 2143 2413 om-
2255 2357 2520 2426 Domine,
2551 2357 2738 2414 libera
2766 2358 3027 2414 animam
3059 2374 3326 2427 meam,»
3352 2359 3476 2429 jam
3504 2354 3775 2411 exauditus
3790 2349 3844 2405 de

500 2445 676 2501 nibus
701 2444 801 2517 qui
822 2445 1032 2500 timent
1060 2446 1374 2502 Dominum
1411 2465 1423 2502 :
1460 2471 1488 2496 »
1522 2465 1708 2519 neque
1756 2448 1865 2503 hoc
1912 2452 2144 2502 tantum
2254 2447 2529 2519 peccatis,
2565 2447 2710 2519 petit
2740 2449 2896 2518 quod
2946 2447 3254 2503 residuum
3309 2446 3422 2503 sibi
3465 2445 3629 2512 videt,
3665 2441 3845 2498 scilicet

501 2533 843 2607 potentibus
871 2533 1092 2603 saeculi,
1125 2535 1224 2590 sed
1254 2559 1280 2585 ‹‹
1314 2535 1566 2608 pusillis,
1605 2561 1632 2586 ››
1662 2537 1985 2592 secundum
2027 2541 2144 2592 sta-
2253 2536 2431 2591 vitam
2464 2540 2760 2592 aeternam.
2795 2536 3043 2592 Intentio
3077 2541 3166 2593 est
3197 2540 3270 2592 ut.
3299 2553 3400 2609 pro
3431 2533 3529 2591 tali
3561 2529 3844 2599 liberatione

501 2627 630 2678 tum
661 2623 988 2681 humanum
1021 2648 1048 2675 «
1083 2642 1220 2680 cum
1251 2626 1592 2698 majoribus,
1627 2651 1653 2676 ››
1692 2626 1780 2682 vel
1827 2626 2060 2698 pusillis
2089 2630 2147 2682 ct
2254 2625 2503 2681 Domino
2536 2625 2774 2681 alleluia
2799 2643 2935 2681 cum
2967 2624 3362 2682 exsultatione
3390 2627 3695 2681 cantemus.

501 2713 826 2785 majoribus
856 2716 1182 2771 secundum
1214 2715 1440 2771 merita.
2325 2715 2477 2770 Dum
2507 2713 2710 2772 multis
2724 2715 2984 2772 monitus
2997 2714 3482 2772 tribulationibus
3497 2712 3773 2769 clamarem
3787 2707 3841 2762 ad

571 2793 856 2860 Dominus
904 2805 1026 2860 haec
1085 2804 1368 2861 beneficia
1423 2805 1559 2861 fecit
1606 2805 1796 2874 nobis,
1846 2810 1905 2861 et
1954 2806 2145 2863 adhuc
2253 2804 2572 2860 Dominum
2602 2821 2708 2876 pro
2738 2804 3013 2877 peccatis,
3048 2803 3356 2860 exaudivit
3386 2819 3475 2859 me
3505 2800 3845 2858 Dominuszet

502 2916 529 2944 ‹‹
565 2894 803 2968 adjiciat
841 2895 1127 2951 Dominus
1162 2919 1188 2944 ››
1238 2896 1724 2964 benedictionem,
1756 2895 1847 2951 vel
1890 2895 2144 2952 ﬁliorum
2254 2894 2533 2967 quoniam
2556 2884 3841 2961 exaudivit,dilexiDominum.Diciturdilectio

499 2983 952 3054 successionem,
989 3008 1015 3034 «
1051 3002 1227 3056 super
1253 3003 1372 3053 vos,
1408 3007 1435 3034 »
1467 3003 1775 3041 conversos
1805 2985 1875 3040 de
1895 2985 2142 3044 Judaeis:
2253 2984 2357 3040 Dei
2388 2984 2619 3040 duobus
2651 2981 3137 3051 modis,liberalis
3159 2985 3216 3038 et
3235 2981 3488 3040 servilis.
3503 2976 3841 3044 Servilis,cum

496 3069 587 3128 vel
633 3089 811 3144 super
855 3090 962 3128 nos
1009 3090 1318 3129 conversos
1365 3075 1436 3128 de
1486 3075 1781 3145 gentibus,
1831 3073 1918 3130 vel
1970 3092 2147 3146 super
2253 3073 2356 3130 bro
2388 3071 2996 3146 bonistemporalibus
3017 3071 3842 3146 Deumdiligimus,quzep£u‘llln

497 3160 772 3230 majores,
795 3159 884 3215 vel
915 3178 1094 3232 super
1111 3179 1213 3217 vos
1243 3161 1490 3233 pusillos
1523 3163 1796 3234 adjiciat:
1830 3186 1858 3212 ι(
1893 3167 1951 3218 et
1968 3181 2146 3236 super
2181 3227 2214 3236 Α
2253 3167 2420 3236 grata
2449 3166 2538 3220 est
2568 3162 2864 3234 Deo,quia
2894 3161 3070 3217 etiam
3100 3161 3184 3216 sic
3215 3160 3474 3233 diligunt
3497 3173 3623 3213 eum
3650 3150 3845 3226 quilibet

496 3245 650 3305 filios
677 3250 901 3304 vestros
934 3271 962 3298 ››
993 3249 1479 3320 benedictionem,
1513 3250 1598 3306 vel
1631 3251 1884 3307 filiorum
1917 3227 2144 3309 succes-
2173 3227 2216 3294 C
2252 3227 2514 3324 pessimi.
2550 3250 2833 3308 Liberalis
2862 3255 2950 3306 est
2981 3249 3234 3320 dilectio,
3275 3267 3396 3322 qua
3439 3249 3616 3305 Deum
3659 3243 3847 3315 propter

495 3335 745 3392 Sionem.
2252 3340 2514 3413 seipsum
2536 3339 2860 3412 diligimus,
2875 3357 2982 3395 nec
3013 3340 3084 3395 ab
3116 3355 3181 3396 eo
3208 3331 3761 3412 aliquatribulatione
3777 3342 3843 3381 sc-

567 3424 707 3482 Dico
739 3448 766 3477 «
801 3425 1058 3497 adjiciat,
1097 3448 1124 3475 ››
1155 3430 1212 3482 et
1257 3444 1388 3483 vere
1438 3427 1694 3499 adjiciat,
1729 3429 1869 3501 quia
1917 3454 1944 3480 ‹‹
1978 3449 2082 3488 vos
2113 3454 2140 3481 ››
2243 3430 2416 3502 jungi
2441 3446 2777 3501 possumus.
2798 3429 2962 3485 Unde
2976 3427 3329 3501 Apostolus:
3354 3448 3376 3478 ι
3397 3427 3589 3498 Neque
3603 3431 3849 3490 mors,ne-

497 3513 663 3573 eritis
693 3537 722 3567 «
754 3515 1064 3585 benedicti,
1103 3538 1130 3564 ››
1163 3515 1220 3570 id
1253 3520 1342 3573 est
1381 3517 1752 3590 multiplicati
1805 3520 1864 3574 in
1912 3519 2142 3577 virtuti-
2252 3537 2364 3591 que
2383 3519 2519 3588 vita,
2537 3536 2726 3592 neque
2746 3522 3013 3574 creatura
3035 3517 3148 3574 alia
3189 3522 3390 3589 potest
3426 3533 3530 3572 nos
3568 3522 3798 3585 separare
3821 3520 3847 3558 ι

421 3679 426 3684 η
497 3604 658 3684 bus:
710 3609 768 3662 et
813 3604 924 3662 hoc
975 3627 1002 3656 «
1035 3623 1068 3661 a
1117 3606 1382 3675 Domino,
1422 3629 1447 3656 »
1497 3607 1553 3661 id
1603 3613 1712 3674 est,
1745 3609 1818 3663 ad
1858 3608 2140 3666 honorem
2251 3608 2535 3664 charitate
2556 3607 3457 3678 Dei(Rom.vm).nQuaedilectio
3475 3596 3844 3684 estgrataDoot

497 3693 751 3762 Domini,
787 3713 902 3751 non
933 3695 1004 3750 ad
1037 3695 1283 3768 gloriam
1331 3697 1504 3752 vestri
1543 3714 1554 3751 :
1608 3697 1706 3769 qui
1757 3698 1903 3754 bene
1953 3704 2141 3770 potest
2250 3704 2307 3754 et
2337 3699 2445 3754 hoc
2475 3715 2685 3771 genere
2717 3697 3043 3756 dilectionis
3064 3698 3270 3768 justus
3304 3697 3404 3752 ille
3446 3695 3698 3752 turbatus
3739 3683 3850 3741 dicit

497 3784 698 3842 fideles
749 3802 888 3841 suos
938 3784 1297 3852 benedicere,
1332 3786 1472 3857 quia
1518 3786 1642 3859 ipse
1686 3792 1772 3843 est
1811 3812 1837 3837 ‹‹
1873 3788 1974 3859 qui
2007 3789 2143 3844 fecit
2249 3805 2310 3845 se
2342 3789 2525 3844 Deum
2558 3789 2834 3861 diligere:
2861 3788 2987 3843 ideo
3009 3810 3036 3837 α
3072 3786 3267 3852 dilexi,
3293 3783 3850 3858 quoniamipseexau-

497 3873 709 3931 coelum
739 3878 796 3931 et
823 3880 1062 3946 terram,
1096 3898 1124 3924 ››
1159 3876 1233 3930 ad
1262 3873 1540 3931 litteram.
2249 3877 2368 3933 dict
2397 3878 2573 3946 Deus,
2611 3899 2639 3929 «
2672 3878 2728 3932 id
2759 3881 2867 3945 est,
2901 3877 3054 3932 sicut
3082 3875 3208 3948 ipse
3242 3875 3493 3940 audivit,
3527 3873 3606 3930 sic
3635 3871 3688 3924 in
3715 3879 3848 3922 exau-

569 3985 600 4014 α
628 3962 851 4036 Caelum
882 3963 1030 4029 coeli,
1064 3986 1092 4015 »
1124 3963 1181 4019 id
1215 3968 1322 4033 est,
1357 3982 1700 4038 supremum
1733 3966 2142 4035 coelum,dedit
2249 3968 2467 4023 ditione
2497 3966 2882 4039 perseveravit
2915 3984 2927 4022 :
2963 3989 2991 4016 «
3023 3981 3222 4022 vocem
3251 3963 3538 4022 orationis
3567 3975 3712 4016 mea.
3742 3979 3766 4004 η

496 4075 525 4104 ιι
557 4050 826 4121 Domino,
846 4073 873 4100 ››
904 4051 963 4106 id
996 4057 1086 4108 est
1115 4053 1350 4121 Jesu,in
1373 4071 1486 4125 quo
1518 4055 1643 4126 ipse
1669 4060 2138 4127 regnaret;«ter-
2319 4056 2453 4112 Ideo
2486 4056 2606 4112 scio
2637 4057 2793 4128 quod
2825 4055 3114 4126 exaudiet,
3131 4078 3158 4104 «
3192 4055 3338 4126 quia
3361 4050 3653 4110 inclinavit
3677 4046 3848 4116 «jam»

493 4155 620 4195 ram
652 4143 849 4197 autem
882 4139 1039 4195 dedit
1071 4139 1205 4195 ﬁliis
1237 4140 1610 4212 hominum,»
1633 4143 1691 4198 in
1725 4161 1840 4216 qua
1861 4147 1976 4201 Deo
1995 4145 2141 4202 mili-
2249 4163 2448 4202 aurem
2481 4163 2650 4202 suam
2683 4145 2848 4212 mihi,
2884 4168 2911 4194 »
2944 4145 3002 4200 id
3035 4149 3141 4211 est,
3168 4139 3679 4201 condescendendo
3706 4139 3753 4190 et
3768 4131 3847 4186 hu-

493 4231 703 4296 tarent,
747 4224 812 4286 et
857 4227 984 4284 coeli
1029 4228 1449 4305 habitationem
1497 4239 1985 4303 promercrentur.
2033 4237 2140 4292 Per
2247 4235 2528 4292 miliando
2561 4251 2730 4291 suam
2756 4232 3127 4289 clementiam
3158 4236 3215 4287 ct
3245 4230 3590 4304 potentiam,
3621 4241 3705 4280 me
3737 4219 3847 4305 lihe-

495 4339 523 4369 α
543 4316 754 4373 caelum
784 4316 914 4374 οωΙὶ
934 4339 961 4366 υ
992 4303 1320 4389 possumus
1341 4320 2133 4398 iirmamentumintelligere,
2247 4324 2395 4380 ravit
2428 4341 2440 4380 :
2477 4346 2504 4375 «
2539 4327 2596 4378 et
2628 4345 2654 4371 »
2687 4321 2824 4394 quia
2857 4321 2940 4377 sic
2971 4303 3296 4386 inclinavit,
3324 4319 3410 4375 sic
3442 4303 3848 4377 exaudivit,ideo

493 4406 650 4479 quod
681 4407 940 4464 continet
968 4405 1113 4463 alios
1143 4406 1573 4473 coelos,scilicet
1595 4410 1858 4481 regiones
1875 4411 2135 4483 planeta-
2247 4436 2275 4464 «
2307 4413 2586 4470 invocabo
2617 4434 2645 4461 ››
2677 4427 2832 4482 cum,
2851 4415 2914 4465 ut
2942 4425 3036 4464 me
3064 4425 3440 4482 perseverare
3469 4405 3638 4462 faciat
3664 4400 3714 4455 in
3742 4409 3850 4450 cus-

493 4496 733 4574 rum,de
753 4513 868 4571 quo
893 4497 1152 4570 dejectus
1174 4495 1284 4552 fuit
1305 4496 1594 4554 diabolus.
1613 4497 1715 4553 Vel
1737 4516 1840 4571 per
1870 4523 1898 4550 «
1924 4501 2134 4557 coelum
2247 4503 2408 4558 todia
2439 4519 2472 4557 a
2501 4500 2753 4572 peccatis
2788 4517 2800 4556 :
2836 4504 2894 4554 et
2920 4499 3030 4554 hoc
3059 4522 3086 4550 ‹‹
3120 4499 3181 4552 in
3213 4497 3426 4554 diebus
3458 4493 3619 4559 meis,
3641 4514 3664 4541 «
3695 4483 3849 4574 idest,

493 4572 621 4641 cccli
650 4609 679 4635 ››
711 4603 1030 4660 possumus
1055 4586 1378 4660 intelligere
1409 4586 1566 4642 aliud
1600 4587 1810 4643 oculum
1842 4607 2021 4662 supra
2038 4592 2132 4646 ﬁr-
2165 4597 2212 4662 Ι)
2246 4593 2302 4646 in
2335 4591 2444 4646 hac
2476 4589 2667 4662 fragili
2699 4588 2836 4658 vita,
2863 4587 2962 4643 ubi
2995 4603 3227 4660 semper
3253 4587 3313 4642 in
3348 4587 3561 4642 timore
3589 4590 3790 4640 sumus,
3809 4572 3853 4623 et

493 4679 879 4745 mamentum,
916 4677 988 4732 ad
1019 4677 1196 4748 quod,
1222 4681 1286 4731 ut
1305 4677 1448 4731 dicit
1474 4677 2134 4751 Hieronymus,anhela-
2247 4681 2413 4753 proni
2447 4680 2518 4734 ad
2550 4679 2806 4751 lapsum.

493 4763 593 4846 bat
621 4763 984 4835 diabolus,et
1013 4745 1142 4820 ideo
1175 4765 1284 4820 fuit
1301 4766 1561 4836 dejectus
1587 4784 1598 4821 :
1625 4745 1780 4839 quod
1803 4745 2013 4825 coelum
2033 4773 2137 4827 Do—
2247 4745 2267 4753 -
2318 4770 2448 4826 Ideo
2478 4745 2668 4824 ἀίω-α
2700 4767 2989 4833 exaudiet,
3007 4766 3306 4834 invocabo,
3326 4789 3355 4816 ››
3381 4763 3525 4838 quia
3546 4755 3714 4817 habui
3730 4745 3852 4846 mill:

492 4841 692 4928 minus
719 4853 879 4908 dedit
908 4853 1158 4909 Christo.
1178 4853 1468 4927 Allegoria
1493 4873 1504 4910 :
1531 4857 1636 4912 Per
1657 4881 1683 4907 ‹‹
1710 4857 1920 4914 coelum
1946 4860 2071 4916 cceli
2106 4885 2134 4912 ››
2246 4864 2336 4914 tas
2369 4857 2801 4924 tribulationes,
2837 4856 2897 4912 in
2924 4855 3140 4928 quibus
3168 4854 3416 4910 clamavi
3454 4871 3468 4908 :
3500 4853 3581 4907 ita
3608 4861 3742 4920 opus
3767 4839 3854 4928 fuit

489 4959 808 5015 possumus
839 4942 1162 5016 intelligere
1195 4943 1428 5000 altiores
1459 4945 1518 5000 in
1549 4946 1825 5018 Ecclesia,
1858 4951 1957 5021 qui
1991 4951 2135 5007 alios
2245 4947 2390 5003 mihi
2418 4951 2482 5002 ut
2512 4963 2605 5002 me
2635 4927 2967 5014 exaudiret;
3001 4950 3057 5001 et
3103 4944 3212 5000 hoc
3263 4948 3353 5000 est
3393 4961 3406 4998 :
3445 4966 3474 4993 α
3505 4927 3856 4997 circumdede‘

489 5032 792 5089 continent
820 5036 876 5089 et
905 5036 1117 5105 regunt
1150 5049 1162 5087 :
1199 5033 1301 5106 qui
1334 5039 1475 5090 sunt
1524 5035 1645 5090 dati
1695 5037 1961 5110 Domino,
1999 5039 2136 5112 quia
2245 5041 2382 5092 runt
2416 5053 2508 5091 me
2537 5035 2767 5091 dolores
2799 5036 3029 5103 mortis,
3064 5057 3090 5084 «
3125 5033 3182 5089 id
3215 5037 3303 5090 est
3333 5032 3545 5088 animae
3577 5021 3854 5114 anxietates

487 5122 546 5193 in
576 5121 660 5178 eis
706 5122 1038 5195 specialiter
1067 5122 1353 5179 Dominus
1385 5123 1632 5180 habitat.
1659 5126 1763 5180 Per
1793 5131 2007 5183 terram
2047 5147 2136 5186 ac-
2244 5123 2641 5199 gravissima;
2675 5130 2730 5180 et
2773 5122 3033 5196 pericula
3080 5121 3314 5189 inferni,
3352 5144 3381 5171 ››
3425 5121 3486 5176 id
3534 5121 3641 5182 est,
3671 5119 3856 5203 grain?

485 5209 738 5282 cipimus
768 5211 1025 5267 minores
1057 5211 1115 5265 in
1147 5212 1425 5280 Ecclesia,
1455 5214 1554 5285 qui
1589 5231 1702 5269 non
1734 5220 1965 5273 tantum
2000 5219 2134 5273 sub-
2241 5214 2392 5271 sima
2421 5212 2681 5286 pericula
2728 5218 2784 5268 et
2825 5211 3236 5268 tribulationcs
3283 5210 3568 5281 corporis,
3599 5199 3784 5276 quales
3808 5199 3856 5286 in

486 5299 595 5355 diti
625 5303 766 5356 sunt
795 5301 1062 5370 Domino,
1098 5302 1199 5357 sed
1231 5303 1410 5358 etiam
1439 5283 1577 5359 filiis
1608 5305 1937 5360 hominum.
2239 5283 2466 5361 inferno
2498 5302 2639 5358 mali
2665 5304 2962 5358 sustinent
2992 5318 3006 5357 :
3041 5325 3066 5352 «
3093 5301 3448 5358 invenerunt
3476 5313 3590 5365 me,
3629 5316 3655 5343 »
3685 5289 3740 5345 id
3767 5283 3858 5376 θθίτ

550 5389 637 5445 Ad
689 5388 798 5446 hoc
846 5407 1050 5463 precor
1099 5394 1163 5445 ut
1211 5391 1474 5462 adjicias,
1530 5397 1595 5447 ut
1661 5410 1767 5449 nos
1819 5395 2130 5464 justilicati
2238 5395 2522 5451 venerunt
2553 5391 2698 5447 mihi
2732 5409 2743 5447 :
2779 5391 2880 5448 sed
2932 5391 3060 5446 ideo
3109 5389 3479 5454 invenerunt,
3533 5382 3670 5457 quia
3717 5384 3860 5447 ραδει

483 5475 659 5548 digne
687 5478 982 5550 possimus
1012 5478 1254 5535 laudare
1280 5484 1356 5548 te,
1393 5480 1530 5551 quia
1560 5480 1619 5535 in
1650 5483 1901 5553 peccatis
1925 5507 1950 5532 ‹‹
1977 5501 2131 5540 mor-
2239 5483 2538 5556 expositus
2568 5482 2697 5538 sine
2727 5482 2994 5554 adjutore
3014 5481 3243 5552 jacens,
3269 5483 3322 5534 et
3352 5477 3652 5549 projectus
3682 5468 3737 5522 in
3757 5474 3862 5536 Ροε-

482 5564 572 5620 tui
603 5581 719 5620 non
749 5567 1074 5624 laudabunt
1105 5568 1464 5637 te,Domine,
1488 5592 1514 5618 ››
1547 5569 1964 5641 plaeitalaude,
1981 5573 2134 5629 sicut
2240 5575 2405 5641 eatis,
2439 5588 2544 5628 nec
2579 5589 2698 5626 sua:
2730 5570 2906 5626 saluti
2939 5570 3272 5643 providens.
3784 5644 3789 5646 _
3827 5635 3836 5646 ο

487 5653 704 5714 dicitur
736 5673 748 5717 :
783 5680 810 5708 ‹‹
844 5657 970 5715 Non
1000 5662 1089 5714 est
1119 5657 1382 5730 speciosa
1411 5657 1540 5715 laus
1571 5658 1631 5714 in
1663 5676 1760 5716 ore
1807 5665 2131 5735 peccatoris
2312 5663 2441 5720 Hmc
2470 5678 2562 5719 me
2593 5661 2939 5719 invenerunt
2969 5665 3025 5718 et
3055 5660 3454 5734 arripuerunt,
3489 5658 3545 5711 et
3575 5665 3678 5724 ego
3721 5668 3747 5696 α
3776 5644 3861 5698 tri-
