4060 6180
253 332 374 398 893

1439 333 1944 399 EXPLANATIO
1987 338 2066 400 IN
2108 336 2486 403 PSALMOS.

3548 352 3668 416 591!

130 513 143 532 .
251 466 619 527 bulationem
651 486 680 518 »
707 464 987 541 corporis,
1024 489 1053 519 ‹‹
1081 470 1140 525 et
1183 466 1442 527 dolorem
1476 492 1504 521 »
1537 469 1719 527 animi
1747 492 1777 522 «
1808 469 1905 526 in-
1932 463 1990 539 Α
2018 472 2116 542 sit,
2149 472 2265 531 nisi
2290 474 2523 533 vanitas
2553 478 2612 533 et
2659 476 3054 549 mendacium,
3089 497 3151 537 se
3181 498 3216 537 a
3242 480 3495 539 Domino
3537 486 3669 542 tm!-

247 557 462 625 veni,»
491 556 552 613 id
582 561 692 625 est,
724 557 969 634 cognovi
1000 557 1122 613 haec
1153 558 1299 614 mihi
1324 575 1359 614 a
1379 559 1627 616 Domino
1659 559 1812 615 mitti
1836 561 1909 616 ad

247 647 691 705 correctionem.
728 646 992 703 Invenire
1020 646 1176 703 enim
1207 648 1647 705 tribulationem
1671 654 1761 706 est
1779 666 1909 706 eam

244 737 363 794 Sibi
394 753 428 791 a
457 736 573 793 Deo
599 736 839 791 immitti
872 752 977 808 pro
1008 741 1382 809 peccatorum
1424 737 1784 794 correctione
1815 755 1908 795 co-

243 840 529 901 gnoscere
552 842 566 881 :
593 848 623 875 «
655 829 714 881 et
743 846 771 876 »
807 838 943 881 cum
973 824 1189 893 inveni,
1220 827 1484 883 monitus
1515 826 1636 883 illis
1668 821 1911 883 tribula-

244 915 535 980 tionibus,
569 934 599 963 «ι
628 910 891 970 invocavi
925 929 1138 970 nomen
1172 914 1423 970 Domini.
1462 937 1489 965 ››

322 1030 348 1055 ‹‹
383 1005 428 1060 0
459 1002 727 1061 Domine.
752 1025 782 1053 »
803 1004 943 1059 Pars
974 1004 1253 1059 secunda.
1276 1003 1651 1061 Continuatio
1677 1023 1690 1060 :
1716 1008 1909 1071 Quan-

246 1095 566 1168 doquidem
598 1109 704 1167 per
731 1091 1171 1148 tribulationem
1190 1109 1282 1148 me
1306 1094 1611 1160 monuisti,
1627 1093 1803 1149 etiam
1828 1094 1911 1149 in-

243 1188 555 1240 vocantem
586 1199 680 1238 me
710 1181 1001 1238 exaudisti
1032 1182 1105 1237 de
1134 1180 1410 1254 peccatis,
1447 1183 1536 1238 fac
1575 1183 1732 1255 quod
1765 1184 1907 1241 resi-

245 1275 434 1330 duum
465 1275 574 1333 est.
609 1270 833 1327 scilicet
860 1293 886 1320 ‹‹
920 1269 1107 1326 libera
1139 1269 1399 1325 animam
1427 1287 1617 1327 meam
1645 1293 1671 1319 »
1696 1272 1768 1327 de
1788 1289 1911 1329 om-

246 1364 309 1419 ni
339 1360 762 1434 impedimento
793 1359 1012 1425 seaculi,
1045 1358 1271 1415 scilicet
1302 1360 1522 1432 perduc
1542 1359 1603 1414 in
1624 1363 1906 1417 aeternum

243 1451 534 1525 mquiem,
559 1442 731 1522 juxta
759 1448 1105 1522 Apostolum
1131 1466 1145 1504 :
1171 1471 1203 1498 «
1233 1448 1374 1515 Quis
1406 1465 1498 1504 me
1530 1448 1806 1527 liberabit
1836 1452 1907 1507 de

240 1547 489 1613 corpore
518 1536 725 1595 m'ortis
755 1538 935 1610 hujus
967 1538 1142 1607 (Rom.
1174 1538 1321 1607 vn)?
1353 1560 1382 1587 ››
1414 1537 1552 1593 Dico
1583 1561 1612 1589 ‹‹
1646 1538 1850 1605 libera,
1876 1560 1904 1588 ι)

241 1622 457 1687 et-s'cio
486 1628 627 1701 quia
653 1626 930 1683 liberabit
957 1629 1016 1682 et
1044 1626 1183 1683 facit
1212 1627 1604 1699 apostrophen
1635 1627 1708 1682 ad
1738 1628 1905 1684 audi-

241 1725 408 1776 tores
439 1736 452 1773 :
482 1717 623 1790 quia
653 1739 684 1767 «
714 1715 999 1773 Dominus
1032 1737 1061 1765 ››
1090 1719 1180 1771 est
1209 1738 1239 1766 «
1270 1715 1606 1772 misericors
1636 1738 1664 1766 »
1698 1717 1757 1771 in
1802 1733 1903 1771 na-

2018 566 2148 619 tum
2172 566 2392 622 donum
2422 565 2730 639 recepisse,
2764 571 2832 623 ut
2864 568 3110 624 Domino
3162 586 3278 626 non
3322 571 3531 630 timeat
3575 574 3673 630 r'e-

2019 669 2418 727 compensare,
2452 657 2607 727 quod
2648 657 2773 728 ipse
2824 656 3089 714 Christus
3139 658 3287 714 mori
3334 661 3520 719 voluit
3565 666 3670 735 pro

2019 747 2220 798 nostra
2266 741 2475 800 salute.
2510 746 2572 799 In
2602 747 2860 802 secunda
2890 750 3074 818 parte,
3106 765 3235 819 qum
3278 749 3531 822 incipit:
3562 772 3591 801 ‹‹
3623 752 3669 808 Θ

2019 831 2281 899 Domine,
2316 833 2457 905 quia
2485 849 2590 907 ego
2622 851 2824 890 servus
2864 839 3023 903 tuus,
3060 857 3088 885 ››
3121 837 3378 893 ostendit
3406 854 3470 895 se
3499 837 3669 895 Chri-

2019 921 2093 976 sti
2126 938 2357 977 servum
2390 939 2537 991 esse,
2567 928 2625 979 et
2654 924 2711 978 in
2747 926 2859 981 fide
2889 924 3177 982 catholica
3216 928 3583 999 permanere,
3611 933 3669 986 et

2017 1009 2147 1065 ideo
2178 1012 2442 1083 martyrii
2473 1013 2563 1068 sui
2596 1012 2909 1069 utilitatem
2943 1014 3056 1070 sibi
3087 1014 3668 1087 provenireJntentio

2016 1102 2125 1164 est,
2158 1104 2225 1155 ut
2252 1099 2564 1156 laudemus
2588 1102 2773 1157 Deum
2796 1119 2899 1174 per
2917 1102 3040 1158 hmo
3065 1104 3383 1160 beneficia:
3412 1109 3470 1161 et
3488 1105 3666 1163 talem

2016 1187 2188 1243 nobis
2217 1188 2610 1245 constantiam
2658 1191 2780 1258 dat,
2814 1194 2880 1245 ut
2928 1194 3116 1248 morte
3163 1194 3364 1248 nostra
3417 1198 3666 1251 mortem

2016 1277 2247 1333 Domini
2281 1293 2727 1351 reeompensare
2754 1278 3024 1336 velimus.

2089 1366 2241 1422 Dicit
2268 1370 2493 1439 martyr
2522 1367 2622 1439 qui
2658 1368 2938 1440 loquitur,
2960 1369 3149 1442 gratia
3178 1370 3279 1426 Dei
3301 1369 3625 1443 inspiratus
3649 1388 3664 1428 :

2017 1476 2045 1505 «
2077 1455 2308 1511 Credidi
2343 1477 2371 1504 »
2401 1458 2604 1524 corde;
2641 1457 2805 1512 Unde
2834 1458 3184 1530 Apostolus:
3220 1481 3249 1509 «
3281 1459 3670 1517 Cordum-edi-

2013 1548 2111 1601 tur
2150 1545 2221 1599 ad
2267 1544 2567 1615 justitiam
2617 1545 2789 1618 (Rom.
2822 1547 2902 1619 x.)
2936 1568 2963 1595 ι)
2991 1548 3142 1603 Bene
3187 1548 3459 1621 incipit'a
3483 1572 3514 1600 ‹‹
3546 1554 3668 1606 (εἱ-θι-

2013 1633 2155 1702 didi,
2184 1656 2211 1682 ››
2242 1633 2383 1706 quia
2411 1633 2554 1689 nihil
2588 1634 2724 1690 boni
2756 1640 3075 1707 possumus
3107 1636 3439 1708 facercmisi
3459 1637 3662 1696 creda-

2013 1736 2179 1791 mus;
2210 1722 2366 1778 unde
2394 1722 2738 1795 Apostolus:
2761 1748 2787 1773 ‹‹
2809 1724 2993 1779 Omne
3015 1725 3169 1797 quod
3194 1741 3308 1781 non
3331 1725 3417 1781 est
3439 1725 3511 1782 ex
3528 1728 3667 1799 fide,

246 1799 406 1893 tera,
437 1829 467 1856 α
499 1811 557 1863 θῐ
594 1807 818 1906 justus.
854 1826 883 1854 »
915 1804 1257 1904 corrigendo
1306 1808 1545 1876 peccata
1576 1821 1590 1859 ε
1628 1826 1657 1911 (ξ
1687 1808 1744 1861 et
1780 1804 1905 1911 i286
1935 1837 1984 1911 Β
2013 1815 2318 1885 peccatum
2347 1815 2438 1867 est
2469 1810 2764 1885 (Remum)
2789 1829 2801 1869 :
2828 1832 2856 1863 »
2893 1836 2921 1863 ‹‹
2954 1817 3191 1886 propter
3214 1814 3391 1886 quod,
3418 1814 3447 1864 ί)
3474 1814 3539 1871 id
3554 1820 3665 1885 est;

242 1886 407 1955 Deus
436 1899 636 1951 noster
665 1894 1000 1960 miseretur,
1030 1914 1058 1941 ι)
1080 1893 1221 1965 quia
1249 1897 1541 1949 correctos
1573 1893 1780 1961 salvat,
1814 1894 1903 1950 fa-

242 1984 413 2043 ciens
441 1995 540 2042 eos
569 1983 956 2040 immortales.
979 1982 1107 2038 Alia
1153 1981 1458 2038 translatio
1506 1983 1702 2050 habet,
1730 2006 1760 2033 ‹‹
1793 1983 1902 2039 mi-

243 2075 558 2133 serebitur.
595 2095 623 2123 υ

318 2165 391 2220 Et
417 2179 550 2220 vere
569 2163 775 2234 justus
805 2166 861 2218 et
889 2160 1246 2226 misericors,
1280 2158 1420 2232 quia
1462 2160 1589 2233 ipse
1619 2164 1711 2217 est
1739 2183 1768 2212 «
1804 2177 1904 2217 cu-

238 2252 510 2310 stodiens
541 2250 815 2325 parvulos
845 2249 1132 2306 Dominus
1164 2271 1192 2300 »
1227 2267 1261 2306 a
1289 2249 1641 2322 peccatis,id
1663 2254 1772 2317 est,
1796 2251 1905 2306 hu-

237 2341 421 2399 miles
447 2341 549 2415 qui
580 2354 643 2397 se
672 2356 881 2413 parvos
909 2336 1135 2395 faciunt
1167 2357 1181 2407 ;
1213 2341 1271 2395 et
1296 2339 1436 2394 inde
1465 2338 1524 2394 in
1557 2337 1782 2412 meipso
1814 2357 1905 2395 ar-

242 2435 602 2506 gumentum
632 2424 901 2497 ostendo,
933 2428 1069 2502 quia
1103 2449 1131 2479 ‹‹
1163 2444 1269 2501 ego
1318 2445 1452 2484 sum
1500 2427 1847 2485 humiliatus
1879 2451 1906 2479 ››

244 2516 532 2595 parvulus
590 2520 815 2587 factus;
850 2541 878 2569 «
931 2522 989 2575 et
1038 2540 1066 2568 »
1117 2518 1243 2591 ipse
1273 2541 1301 2569 ‹‹
1333 2517 1601 2574 liberavit
1645 2535 1739 2575 me
1774 2540 1802 2568 »
1835 2521 1906 2576 ab

241 2620 430 2667 onere
458 2613 851 2683 peccatorum.

327 2689 401 2756 Et
425 2692 567 2771 quia
589 2692 674 2755 sic
704 2711 799 2753 me
828 2697 1116 2765 liberavit,
1150 2713 1183 2753 o
1215 2720 1244 2747 «
1277 2697 1477 2753 anima
1505 2712 1654 2767 mea,
1679 2710 1911 2754 conver-

244 2794 376 2846 tiere
412 2810 439 2837 »ι
470 2789 543 2860 ab
591 2789 751 2844 omni
802 2787 1189 2844 delectatione
1236 2791 1623 2853 terrenorum,
1655 2810 1684 2837 ‹‹
1718 2786 1777 2842 in
1820 2804 1908 2843 re-

244 2877 455 2952 quiem
484 2881 670 2944 tuam,
696 2897 724 2925 »
745 2875 803 2932 id
825 2880 916 2932 est
945 2877 1017 2932 ad
1048 2876 1255 2942 Deum,
1279 2874 1382 2947 qui
1410 2879 1500 2931 est
1525 2891 1657 2932 vere
1681 2875 1911 2948 requies

249 2972 385 3033 tua,
420 2984 453 3022 a
474 2980 591 3039 quo
621 2967 879 3039 profecta
907 2981 970 3021 es
1000 2969 1198 3021 creata
1224 2964 1284 3019 in
1324 2963 1675 3037 perfectione
1703 2981 1717 3019 :
1751 2968 1809 3020 et
1837 2965 1911 3021 ad

249 3071 395 3114 eum
424 3056 602 3111 debes
630 3054 912 3120 reverti,'«
947 3053 1087 3126 quia
1114 3052 1401 3109 Dominus
1431 3052 1718 3109 benefecit
1747 3053 1912 3120 tibi,»

2014 1900 2116 1974 qui
2146 1899 2365 1957 credidi
2398 1924 2427 1951 «
2460 1900 2692 1958 locutus
2722 1917 2926 1968 sum,»
2959 1901 3117 1975 quia,
3153 1902 3203 1958 si
3234 1918 3382 1975 opus
3408 1900 3538 1974 fuit,
3571 1903 3667 1961 ve-

2013 1990 2245 2047 ritatem
2294 1990 2411 2047 non
2457 1991 2615 2046 tacui
2650 2007 2663 2046 :
2698 2007 2825 2063 quae
2881 1990 3170 2048 confessio
3210 1991 3383 2061 valet,
3413 1995 3668 2050 testante

2012 2078 2307 2153 Apostolo,
2342 2079 2451 2152 qui
2487 2080 2571 2135 ait
2601 2095 2614 2134 :
2648 2101 2676 2130 «
2710 2080 2820 2136 Ore
2867 2080 3156 2137 confessio
3199 2078 3268 2136 fit
3296 2081 3368 2137 ad
3412 2079 3667 2139 saiutem

2014 2170 2189 2241 (Rom.
2222 2170 2306 2239 χ.)
2338 2190 2367 2218 ››
2398 2170 2657 2225 Locutus
2686 2186 2840 2238 sum,
2866 2192 2895 2219 ‹‹
2920 2185 3026 2243 ego
3059 2174 3254 2226 autem
3278 2191 3306 2220 ››
3330 2186 3446 2228 11οΠ
3468 2170 3673 2245 praedi-

2014 2259 2167 2315 catio
2219 2258 2393 2315 mea:
2430 2282 2459 2308 «
2494 2258 2842 2314 humiliatus
2891 2276 3045 2328 sum,
3084 2282 3110 2309 »
3152 2276 3267 2315 non
3318 2256 3669 2328 mente,sed

2015 2347 2394 2404 tribulatione
2423 2347 2729 2421 corporali,
2762 2351 2819 2403 et
2849 2348 2960 2403 hoc
2991 2372 3017 2398 «
3054 2348 3231 2405 nimis
3264 2371 3293 2398 ››
3322 2344 3666 2421 ἰωρὸιδιᾱὴίι

2014 2436 2166 2507 liter,
2198 2437 2285 2492 vel
2313 2436 2482 2493 valde
2516 2453 2528 2492 :
2564 2436 2700 2494 licet
2730 2452 2920 2493 essem
2956 2437 3160 2494 multis
3190 2434 3445 2493 miseriis
3489 2434 3672 2495 afﬂict-

2014 2529 2134 2595 tus,
2169 2543 2285 2583 non
2335 2526 2555 2582 cessavi
2603 2530 2801 2583 tamen
2831 2542 2865 2581 a
2897 2526 3306 2598 praedicatione
3350 2526 3474 2583 Dei.
3509 2523 3673 2585 Unde

2014 2614 2328 2687 Apostolus
2360 2630 2373 2669 :
2409 2637 2437 2665 «
2473 2617 2698 2670 Teneor
2726 2616 2786 2669 in
2817 2615 3087 2684 vinculis,
3124 2615 3226 2672 sed
3274 2616 3521 2673 verbum
3570 2611 3673 2673 Dei

2018 2704 2134 2759 no'n
2165 2706 2358 2775 potest
2388 2702 2615 2776 alligari
2645 2702 2720 2772 (II
2754 2705 2888 2759 Tim.
2925 2706 3014 2773 ιι.)
3046 2725 3072 2753 ››

2093 2813 2121 2843 ‹‹
2150 2791 2402 2864 Credidi,
2436 2791 2665 2848 loeutus
2697 2809 2851 2861 sum,
2885 2789 3433 2862 humiliatussdm,
3453 2793 3673 2851 )i'et'ita

2017 2881 2216 2937 videor
2244 2897 2338 2937 me
2370 2881 2562 2937 dicere
2593 2882 2821 2949 fortem,
2845 2882 2945 2938 sed
2969 2885 3167 2937 tamen
3199 2880 3673 2956 quandocun'q'o'e

2019 2968 2370 3043 prudentius
2398 2970 2514 3026 vidi
2548 2974 2819 3026 naturam
2851 2985 3065 3037 meam,
3098 2966 3366 3026 intellexi‘
3402 2962 3673 3044 me'nilﬁl

2019 3074 2168 3127 esse,
2199 3058 2323 3114 nihi
2369 3058 2723 3125 vanitatem;
2760 3062 2818 3115 et
2845 3059 2954 3114 hoc
3000 3062 3090 3115 est
3121 3074 3134 3114 :
3169 3080 3198 3109 «
3230 3074 3353 3131 ego
3378 3054 3516 3128 dixi,
3552 3080 3581 3110 ››
3611 3059 3673 3116 id

248 3145 318 3201 id
349 3148 461 3209 est,
492 3143 721 3200 dimisit
750 3147 1010 3215 peccata,
1044 3141 1179 3199 fecit
1208 3138 1448 3216 dignam
1478 3141 1665 3215 gloria
1694 3159 1824 3210 sua,
1858 3147 1916 3199 et
1952 3209 1986 3220 _
2023 3151 2132 3214 est,
2165 3148 2320 3220 apud
2351 3163 2444 3203 me
2476 3148 2636 3203 intus
2668 3147 2910 3203 tractavi
2935 3165 2949 3203 :
2974 3162 3163 3220 neque
3192 3147 3303 3203 hoc
3331 3143 3674 3220 imprudent-

248 3234 498 3291 tandem
522 3233 695 3289 faciet
722 3224 1138 3300 immortalem,
1168 3229 1616 3305 impassibilem.

326 3314 518 3378 Vertit
546 3327 612 3377 s'e
642 3322 713 3377 ad
746 3320 1079 3377 auditores:
1105 3335 1240 3376 vere
1271 3319 1595 3376 benefaciet
1623 3320 1769 3375 mihi
1803 3321 1913 3377 Do-

250 3412 545 3476 minus,-«
580 3408 721 3481 quia
749 3409 984 3481 eripuit,
1022 3429 1050 3458 »
1083 3409 1142 3465 id
1173 3411 1282 3477 est,
1316 3408 1522 3481 eripiet
1552 3426 1655 3481 per
1697 3409 1916 3465 violen-

248 3501 404 3557 tiam
437 3522 467 3550 «
501 3498 763 3555 animam
795 3514 987 3554 meam
1015 3498 1088 3553 de
1115 3501 1324 3563 morte,
1359 3519 1386 3547 ››
1417 3497 1476 3552 id
1517 3500 1624 3565 est,
1657 3499 1730 3554 de
1757 3497 1918 3553 omni

252 3578 475 3646 timore
507 3587 735 3656 mortis,
768 3591 825 3643 et
852 3598 957 3660 per
985 3586 1097 3643 hoc
1127 3609 1157 3637 «
1189 3586 1393 3643 oculos
1437 3603 1619 3657 meos,
1657 3610 1685 3636 »
1718 3587 1776 3642 id
1807 3590 1916 3655 est,

250 3677 624 3744 aﬁ'ectiones,
651 3698 681 3727 «
714 3693 750 3732 a
776 3674 1073 3749 lacrymis,
1110 3698 1137 3725 »
1165 3675 1306 3748 quia
1335 3693 1453 3732 non
1500 3676 1709 3731 faciam
1763 3672 1920 3731 unde

250 3767 338 3824 ibi
368 3766 454 3823 sit
486 3764 631 3821 mihi
664 3765 1129 3838 lacrymandum.
1165 3764 1328 3821 Unde
1358 3764 1609 3820 dicitur:
1634 3786 1661 3814 «
1685 3764 1921 3820 Abster-

252 3860 354 3931 g‘et
385 3856 551 3912 Deus
579 3854 815 3910 omnem
846 3852 1168 3926 lacrymam
1199 3853 1272 3909 ab
1298 3852 1485 3909 oculis
1512 3869 1715 3910 eorum
1738 3852 1919 3925 (Apoc.

252 3946 413 4015 xxi);
451 3965 481 3993 »
513 3946 577 4000 et
599 3956 627 3991 τι
662 3943 838 4015 pedes
868 3942 1050 4009 meos,
1090 3964 1117 3992 »
1145 3940 1206 3996 id
1236 3944 1327 3998 est
1355 3940 1689 3998 affectiones
1738 3956 1921 4011 meas,

255 4056 285 4087 ‹‹
318 4052 356 4090 a
387 4033 569 4105 lapsu
602 4054 631 4081 »
662 4031 900 4103 eripiet:
922 4029 1060 4104 quia
1087 4030 1168 4086 ibi
1201 4030 1285 4086 sic
1316 4031 1504 4086 securi
1536 4029 1926 4101 erimus,quia

256 4123 431 4180 nullo
466 4124 707 4195 peceate
734 4118 1117 4176 movebimur.
1152 4119 1216 4175 In
1248 4119 1357 4175 hac
1395 4119 1515 4175 vita
1563 4118 1924 4174 contrarium

255 4211 438 4269 nobis
460 4208 731 4281 est,quia
751 4209 847 4264 hic
867 4224 1099 4280 semper
1128 4207 1189 4262 in
1219 4208 1429 4264 timore
1459 4207 1665 4263 mortis
1692 4223 1922 4275 sumus,

257 4307 315 4359 et
334 4315 453 4374 pro
485 4296 743 4371 peccatis
772 4296 1061 4370 lacrymas
1091 4296 1416 4365 fundimus,
1432 4299 1489 4352 et
1508 4306 1740 4369 semper
1759 4295 1926 4368 proni

262 4391 332 4447 ad
365 4378 617 4461 lapsum
644 4399 874 4443 sumus.

328 4480 411 4536 Et
441 4481 588 4532 tunc
619 4497 647 4525 ‹‹
679 4475 920 4549 placebo
953 4473 1223 4541 Domino,
1261 4497 1289 4524 »
1317 4475 1463 4547 quia‘
1502 4473 1726 4529 nullam
1758 4473 1839 4529 ibi
1866 4473 1928 4529 in

1943 3209 1987 3278 α
2025 3238 2114 3292 ter
2144 3235 2382 3303 faciens,
2408 3236 2509 3291 sed
2541 3257 2570 3285 «
2601 3234 2662 3290 in
2691 3251 2932 3292 excessu
2963 3209 3117 3303 meo,
3142 3258 3169 3286 ››
3191 3209 3678 3305 id'est',humhnos

2025 3325 2271 3380 affectus
2301 3325 2583 3380 excedens
2612 3325 2837 3380 ratione
2870 3342 2883 3380 :
2915 3324 3033 3380 dixi
3063 3325 3193 3394 hoc,
3225 3320 3453 3382 scilicet
3482 3336 3515 3376 (ξ
3546 3319 3677 3382 dm:-

2026 3412 2119 3469 nis
2150 3414 2325 3469 homo
2355 3413 2626 3481 mendax,
2656 3435 2683 3461 n
2714 3410 2937 3469 scilicet
2962 3414 3061 3486 qui
3092 3410 3268 3470 homo
3298 3410 3675 3471 tantum’est.

2099 3502 2248 3570 Dixi,
2282 3524 2312 3551 ‹‹
2346 3501 2586 3569 credidi,
2617 3500 2853 3557 locutus
2884 3518 3041 3570 sum,
3074 3501 3437 3558 humiliatus
3457 3497 3612 3570 sum,
3648 3523 3677 3552 »

2028 3595 2086 3647 et
2107 3588 2582 3664 quaiiquuidem
2616 3590 2900 3645 Dominus
2922 3592 3045 3646 haec
3066 3592 3223 3647 bona
3239 3584 3393 3646 mihi’
3409 3583 3678 3661 centulit,

2028 3697 2166 3754 ergo
2188 3703 2217 3730 «
2241 3680 2382 3752 quid
2414 3680 2734 3734 retribuam
2766 3680 3012 3735 Domino
3034 3696 3138 3752 pro
3159 3676 3437 3736 omnibus
3460 3676 3681 3735 ahene-

2030 3768 2180 3825 flciis
2210 3790 2238 3818 «
2272 3785 2398 3840 quae
2432 3790 2459 3816 ››
2491 3767 2615 3839 ipse
2641 3789 2670 3817 ‹‹
2703 3767 2978 3822 retribuit
3005 3767 3194 3822 mihi?
3226 3788 3255 3817 ››
3286 3764 3404 3822 non
3433 3762 3679 3839 pro'bol-

2031 3856 2124 3913 nis
2155 3857 2404 3922 meritis,
2435 3857 2536 3911 sed
2567 3871 2671 3927 pro
2703 3852 2876 3911 malis
2906 3855 3054 3910 dans
3086 3855 3257 3910 bona.

2018 3955 2025 3963 ‘
2102 3943 2241 4001 Dico
2272 3968 2300 3995 «
2330 3944 2472 4017 quid
2520 3944 2865 4011 retribuam,
2900 3966 2926 3992 »
2958 3966 2986 3992 «
3028 3939 3277 3999 calicem
3314 3938 3679 4011 Salutari's,'»

2032 4035 2091 4090 id
2121 4036 2229 4101 est,
2249 4035 2435 4088 morte
2463 4048 2593 4088 mea
2614 4034 2863 4086 mortem
2896 4026 3137 4086 Domini
3160 4024 3437 4086 imitabor
3457 4046 3470 4086 :
3494 4024 3552 4087 et
3569 4028 3682 4087 hoc

2033 4139 2151 4179 non
2183 4122 2269 4178 sic
2313 4121 2524 4176 faciam
2571 4124 2638 4175 ut
2682 4136 2798 4176 non
2857 4119 3047 4175 libens
3098 4120 3287 4176 facere
3328 4114 3547 4187 videar,
3579 4116 3683 4176 seu

2037 4234 2065 4262 ‹‹
2098 4209 2405 4283 accipiam,
2432 4232 2461 4259 »
2480 4209 2538 4265 id
2562 4211 2670 4277 est,
2697 4223 2911 4282 magno
2932 4204 3684 4282 desiderioappetam,chll-

2036 4298 2163 4357 cem
2209 4299 2341 4355 dico
2393 4296 2689 4366 salutaris,
2720 4298 2780 4353 id
2828 4302 2919 4354 est
2966 4296 3306 4365 Salvatorl‘s,
3336 4306 3525 4370 quem’
3559 4296 3687 4371 ipse

2036 4402 2142 4462 pro
2173 4392 2376 4445 nostra
2399 4386 2800 4460 redemptione
2831 4386 3120 4443 sustinuit
3148 4403 3162 4443 :
3197 4400 3331 4442 eum
3362 4385 3578 4453 dicit,-«
3601 4395 3690 4442 sa-

2037 4477 2266 4546 lutaris,
2302 4500 2330 4527 ››
2364 4476 2563 4533 innuit
2593 4476 2746 4548 quod
2778 4479 2836 4531 et
2854 4475 2980 4548 ipse
3010 4491 3114 4547 per
3141 4475 3300 4530 hunc
3328 4468 3571 4530 calicem
3602 4482 3692 4530 sa-

265 4582 356 4623 me
387 4563 782 4622 oﬂ‘ensionem
812 4563 1102 4620 inveniet:
1135 4561 1405 4619 sublatus
1435 4562 1506 4618 de
1526 4562 1761 4635 regione
1783 4578 1931 4617 mor-
1959 4576 2008 4641 ι)
2038 4567 2222 4623 lutem
2254 4569 2604 4639 assequatur
2635 4581 2648 4620 :
2680 4564 2809 4619 dico
2840 4586 2869 4612 ‹‹
2903 4562 3207 4633 accipiam,
3235 4583 3263 4611 »
3286 4582 3315 4611 ‹‹
3336 4564 3395 4616 et
3415 4582 3445 4611 »
3467 4564 3536 4616 ut
3553 4554 3688 4632 pod—

262 4659 537 4721 tuorum,
570 4657 630 4708 et
657 4651 888 4724 positus
921 4673 950 4703 ‹‹
981 4651 1041 4707 in
1092 4651 1327 4725 regione
1374 4651 1660 4718 vivorum,
1692 4674 1720 4701 »
1752 4651 1810 4707 id
1844 4654 1935 4706 est

263 4745 619 4799 sanctorum
646 4759 658 4797 :
685 4757 788 4813 per
817 4738 1218 4796 excellentiam
1250 4740 1395 4796 dicit
1426 4757 1486 4797 se
1516 4740 1745 4813 placere
1793 4742 1931 4808 Deo,

265 4832 414 4904 quia
444 4845 585 4887 cum
612 4830 707 4885 hic
739 4829 937 4885 nullus
954 4831 1155 4901 justus
1186 4831 1313 4885 sine
1354 4833 1588 4901 peccato
1637 4846 1765 4887 esse
1794 4847 1933 4902 pos-

269 4923 369 4988 sit,
402 4921 527 4976 Deo
558 4919 787 4992 placere
819 4934 922 4990 per
950 4919 1151 4974 omnia
1183 4934 1299 4975 non
1330 4923 1540 4990 potest.

775 5063 846 5118 IN
887 5061 1237 5119 PSALMUM
1285 5060 1443 5117 CXV.

827 5153 1101 5208 Trruws.
1134 5151 1391 5207 Alleluia.

350 5300 377 5327 ‹‹
410 5273 649 5331 Credidi
683 5278 937 5347 propter.
974 5298 1007 5325 »ν
1032 5276 1156 5332 Vox
1184 5279 1276 5332 est
1306 5278 1630 5347 martyrum
1683 5274 1936 5341 Domini,

273 5369 340 5422 et
366 5362 636 5436 loquitur
663 5364 834 5435 quasi
864 5363 925 5419 in
957 5381 1076 5420 una
1104 5381 1375 5438 persona,
1405 5363 1671 5419 omnium
1718 5368 1941 5437 marty-

276 5460 413 5510 rum
444 5464 765 5526 personam
797 5452 1071 5521 induens,
1100 5457 1158 5510 et
1176 5453 1288 5525 ipsi
1313 5453 1490 5508 iidem
1513 5455 1653 5507 sunt
1673 5452 1940 5520 materia,

277 5539 569 5615 martyrio
601 5557 709 5597 suo
741 5546 989 5598 mortem
1023 5542 1254 5599 Domini
1306 5541 1626 5597 imitantes.
1662 5541 1725 5597 In
1754 5541 1945 5615 prima

279 5632 449 5705 parte
481 5630 742 5727 ostendit
772 5636 996 5706 martyr
1026 5632 1127 5704 qui
1158 5632 1440 5705 loquitur,
1464 5646 1599 5687 cum
1621 5647 1691 5688 ex
1711 5647 1772 5689 se
1797 5632 1945 5689 nihil

2043 4656 2155 4713 sim
2199 4656 2545 4727 persolvere,
2578 4677 2605 4704 ‹‹
2640 4668 2853 4708 nomen
2900 4651 3132 4707 Domini
3176 4650 3476 4706 invocabo.
3511 4671 3540 4699 »
3586 4649 3692 4706 Per

2044 4742 2283 4798 calicem
2319 4742 2447 4797 ideo
2478 4739 2863 4811 intelligimus
2894 4742 3165 4807 mortem,
3199 4738 3340 4811 quia
3381 4754 3516 4794 cum
3547 4753 3691 4810 qua-

2044 4834 2180 4888 dam
2210 4829 2594 4887 delectatione
2638 4828 2936 4901 accipiunt
2981 4845 3109 4884 eam
3161 4828 3374 4900 sancti,
3405 4830 3463 4885 et
3489 4830 3581 4884 est
3607 4826 3693 4882 eis

2045 4921 2299 4994 perfecta
2330 4918 2582 4975 refectio.

2118 5009 2422 5076 Invocabo,
2455 5023 2668 5064 nomen
2698 5006 2954 5075 Domini,
2987 5030 3015 5057 ‹‹
3049 5008 3293 5063 reddam
3321 5004 3455 5062 vota
3479 5019 3630 5083 mea,
3666 5025 3693 5055 »

2047 5100 2104 5155 id
2134 5103 2243 5167 est,
2277 5088 2582 5170 complebo
2613 5113 2785 5169 opere
2814 5097 2970 5168 quod
3003 5091 3553 5158 desideraveram,id
3584 5094 3697 5161 est,

2047 5188 2524 5261 meipsum,sicut
2554 5186 3041 5253 desideraveram,
3068 5184 3341 5255 passione
3369 5181 3575 5237 ﬁniam
3600 5197 3613 5236 :
3637 5184 3701 5237 ot

2048 5279 2158 5334 hoc
2178 5302 2205 5329 ‹‹
2224 5288 2420 5334 coram
2452 5276 2610 5332 omni
2640 5273 2855 5346 populo
2886 5274 3038 5343 ejus,
3058 5295 3086 5321 »
3111 5274 3175 5325 ut
3197 5271 3297 5325 alii
3318 5270 3378 5325 in
3400 5284 3495 5326 me
3516 5262 3704 5327 citem-

2053 5368 2218 5441 plum
2250 5366 2503 5438 capiant.
2530 5365 2662 5419 Ideo
2692 5362 2776 5417 sic
2808 5361 3048 5416 reddam
3080 5363 3232 5430 vota,
3257 5358 3396 5432 quia
3419 5383 3440 5411 ι
3466 5359 3535 5414 in'
3558 5366 3705 5415 oon-

2052 5461 2254 5529 spectu
2286 5453 2517 5511 Domini
2542 5468 2699 5506 mors
2720 5453 3059 5505 sanctorum
3083 5449 3233 5520 ejus,
3258 5470 3283 5498 »
3309 5465 3437 5520 qua
3465 5451 3553 5506 est
3572 5462 3706 5505 con.

2051 5540 2399 5614 temptibilis
2416 5540 2487 5595 ad
2507 5540 2885 5609 conspectum
2901 5535 3231 5605 hominum,
3246 5540 3336 5592 est
3348 5558 3375 5587 «
3391 5536 3704 5609 pretiosa,»

2054 5634 2114 5692 id
2145 5635 2236 5690 est
2282 5629 2539 5702 placens.
2571 5625 2675 5684 Vel
2724 5641 2881 5683 mors
2934 5629 3294 5697 sanctorum,
3329 5643 3457 5699 qua:
3507 5627 3605 5685 est’
3644 5625 3706 5684 in
