4060 6180
419 320 536 384 595

789 319 1199 382 HAYMONIS
1245 313 1784 376 HALBERSTAT.
1832 311 2087 375 EPISC.
2129 310 2303 372 OPP.
2349 311 2550 373 PARS
2594 313 2642 374 Ῑ.
2695 347 2766 359 --
2811 314 3214 376 COMMENT.
3260 315 3458 376 BIBL.

3700 317 3817 380 596

411 455 738 527 conspectu
767 450 1020 518 Domini,
1051 449 1109 504 id
1143 451 1233 503 est
1279 446 1512 519 placens
1560 445 1630 515 ei,
1665 447 1756 502 est
1785 445 2058 518 pretiosa,
2089 441 2149 512 Α
2176 443 2346 516 pulos
2365 443 2798 520 intelligamus.
2835 446 3002 503 Ponit
3030 446 3306 504 materias
3333 446 3548 516 laudis,
3581 449 3820 507 dicens:

411 543 481 598 id
511 546 602 600 est
629 539 913 614 sanguine
940 536 1158 593 Christi
1191 539 1406 608 empta.
1448 537 1533 590 Ad
1565 535 1674 591 hoc
1703 536 1862 592 enim
1910 553 2064 591 mor-

417 635 558 689 tuus
587 633 694 699 est,
728 632 794 684 ut
820 631 878 684 et
906 644 1033 694 nos,
1067 625 1116 682 si
1157 641 1393 681 necesse
1442 629 1551 698 est,
1580 643 1683 699 pro
1730 641 1796 681 eo
1848 625 2066 681 moria-

416 735 556 774 mur.
585 735 596 774 :
632 717 788 790 quod
817 719 1013 772 autem
1047 731 1261 788 magno
1292 715 1476 787 pretio
1505 719 1768 788 emptum
1796 719 1906 786 est,
1929 732 2056 788 prc-

414 806 632 865 tiosum
663 809 774 863 est.

417 907 452 923 ’τ
487 920 516 946 ‹‹
548 896 594 952 Ο
623 894 889 951 Domine.
916 917 944 943 »
967 894 1108 951 Pars
1138 895 1561 950 secunda.Hzec
1585 899 1639 952 te
1661 896 1954 951 tribuente
1975 914 2068 952 su-

412 982 620 1052 stinui,
661 984 784 1040 haec
831 982 1026 1056 passio
1075 1001 1228 1054 mea,
1263 1007 1288 1032 ‹‹
1323 1000 1356 1038 o
1388 985 1656 1052 Domine,
1691 1007 1720 1033 υ
1752 985 1914 1041 utilis
1960 985 2068 1044 erit

415 1073 584 1142 mihi,
609 1073 750 1146 quia
776 1089 882 1146 ego
913 1071 1162 1144 persiste
1194 1071 1254 1127 in
1277 1073 1390 1128 ﬁde
1411 1077 1468 1128 et
1489 1073 1726 1128 servitio
1748 1075 1944 1130 tuo.Et
1963 1091 2064 1130 an-

414 1155 654 1236 tequam
679 1162 953 1218 ostendat
981 1160 1320 1228 utilitatem,
1345 1161 1602 1216 ostendit
1624 1179 1687 1218 se
1717 1161 1775 1217 in
1807 1163 1906 1218 Dei
1940 1181 2066 1220 ser-

411 1251 553 1308 vitio
583 1267 944 1324 permanere,
971 1267 1107 1306 cum
1129 1249 1295 1320 dicit,
1314 1275 1340 1300 ‹‹
1361 1251 1503 1322 quia
1521 1268 1626 1324 ego
1649 1269 1853 1308 servus
1873 1255 2012 1308 tuus
2038 1276 2064 1302 »

412 1357 570 1408 sum,
588 1340 648 1395 id
669 1343 782 1406 est,
798 1339 941 1412 quia
969 1341 1174 1412 reputo
1206 1343 1260 1395 te
1291 1339 1646 1396 altissimum
1673 1345 1730 1396 et
1749 1341 2064 1397 Dominum

413 1445 648 1497 meum;
679 1431 737 1484 et
755 1431 822 1484 ut
846 1429 1130 1500 majorem
1167 1429 1438 1484 ostendat
1461 1429 2064 1503 humilitatem,repli-

411 1520 508 1575 cat
537 1535 550 1574 :
585 1539 614 1568 ‹‹
645 1532 752 1590 ego
782 1533 986 1572 servus
1016 1519 1156 1572 tuus
1186 1520 1243 1572 et
1271 1517 1430 1573 filius
1459 1517 1685 1573 ancilla:
1725 1523 1860 1589 tuae,
1897 1543 1924 1570 ››
1956 1521 2066 1576 Ec-

410 1605 602 1663 clesiae
631 1605 877 1673 Scilicet,
909 1605 1174 1661 imitator
1202 1605 1580 1678 antiquorum
1612 1612 1871 1680 patrum.

408 1749 414 1756 _
481 1693 632 1762 Quia
677 1693 760 1751 ita
805 1711 936 1750 sum
985 1711 1208 1761 servus,
1259 1695 1389 1751 ideo
1430 1718 1460 1746 ‹‹
1511 1696 1786 1768 dirupisti
1835 1698 2068 1754 vincula

409 1799 563 1852 mea,
585 1806 613 1835 »
629 1783 692 1840 id
711 1786 820 1850 est,
844 1799 948 1856 per
968 1784 1315 1857 martyrium
1347 1784 1670 1842 dissolvisti
1695 1803 1786 1842 me
1809 1787 1880 1843 ab
1905 1788 2064 1844 omni
2095 1813 2142 1880 Β

404 1873 640 1930 vinculo
669 1877 1061 1946 peccatorum.
1087 1873 1324 1929 Certum
1357 1876 1552 1930 autem
1589 1875 1759 1931 nobis
1790 1879 1878 1931 est
1908 1879 2062 1950 quod

407 1979 613 2019 omnes
640 1961 702 2018 hi
733 1961 834 2034 qui
865 1961 924 2016 in
966 1962 1081 2018 fide
1129 1961 1418 2018 catholica
1467 1981 1571 2036 pro
1621 1964 1853 2022 Christo
1903 1985 2062 2023 mar—

406 2051 625 2124 tyrium
663 2050 980 2118 sustinent,
1008 2049 1185 2106 etiam
1235 2051 1284 2105 si
1337 2051 1745 2109 criminalibus
1795 2055 2060 2127 impediti

405 2139 549 2207 sint,
583 2137 782 2194 omnia
808 2140 1004 2192 tamen
1027 2137 1085 2192 in
1109 2137 1370 2210 martyrii
1395 2141 1680 2212 sanguine
1713 2143 2058 2200 diluuntur:

406 2236 546 2283 cum
575 2225 720 2282 dicit
745 2223 978 2281 vincula
1007 2243 1116 2282 sua
1145 2225 1457 2298 disrumpi,
1491 2229 1632 2300 quia
1678 2231 1895 2288 Christi
1935 2250 2060 2290 ser-

406 2331 516 2373 ms
547 2313 678 2380 fuit,
711 2313 812 2370 dat
857 2313 1029 2369 nobis
1078 2315 1406 2387 intelligere
1436 2319 1592 2390 quod
1625 2318 1673 2374 si
1706 2320 1806 2392 qui
1837 2326 2060 2397 marty-

401 2403 566 2460 rium
597 2401 916 2476 patiantur,
944 2402 1042 2475 qui
1076 2419 1193 2458 non
1242 2403 1362 2460 sint
1409 2406 1526 2462 veri
1575 2408 1869 2478 catholici,
1899 2429 2060 2468 mar-

399 2491 630 2565 tyrium
659 2507 862 2548 eorum
895 2509 1014 2548 non
1029 2491 1364 2566 .disrumpit
1390 2493 1626 2551 vincula
1647 2502 2016 2570 peccatorum
2041 2519 2056 2557 :

403 2578 566 2638 sicut
604 2578 802 2654 plures
849 2595 952 2654 pro
999 2579 1323 2638 haeresibus
1371 2583 1496 2640 suis
1547 2586 1762 2641 mortui
1815 2593 1976 2656 sunt,
2005 2594 2062 2646 et

409 2667 555 2726 nihil
607 2668 830 2743 profuit
858 2668 964 2726 eis.
996 2669 1068 2726 Et
1098 2669 1238 2742 quia
1286 2671 1408 2728 scio
1456 2674 1612 2744 quod
1657 2674 1893 2733 vincula
1938 2679 2058 2734 dis-

403 2775 671 2832 rumpes,
697 2757 828 2816 ideo
859 2782 888 2811 «
923 2759 1265 2816 sacrificabo
1294 2760 1401 2816 tibi
1439 2761 1716 2833 hostiam,
1747 2788 1774 2815 ››
1805 2783 1922 2822 non
1955 2785 2058 2840 pc-

405 2849 646 2918 cudum,
677 2848 780 2906 sed
811 2872 841 2899 «
873 2847 1090 2916 laudis,
1125 2871 1152 2900 ››
1185 2849 1242 2904 id
1273 2854 1382 2906 est.
1415 2851 1710 2926 meipsum
1739 2857 2062 2928 acceptabi-

401 2933 522 2994 lem
553 2937 830 3008 hostiam,
854 2937 1264 2995 mortificando
1295 2939 1355 2994 in
1387 2956 1480 2996 me
1509 2943 1710 2998 omnia
1735 2942 1921 3011 vitia“
1947 2947 2005 3001 et
2027 2968 2056 2996 ››

401 3028 472 3086 ut
502 3026 746 3098 possim,
779 3049 809 3078 «
839 3043 1054 3083 nomen
1103 3027 1334 3084 Domini
1384 3029 1684 3087 invocabo.
1723 3055 1749 3080 »
1782 3033 1898 3090 Hoc
1938 3053 2052 3090 non

401 3117 494 3170 est
521 3115 594 3169 de
622 3114 905 3170 Hebraica
931 3114 1194 3182 veritate,
1229 3117 1331 3172 sed
1365 3119 1740 3176 translatores
1768 3139 2052 3196 apposue-

404 3204 572 3268 runt;
603 3205 662 3258 et
691 3201 821 3256 ideo
852 3199 1241 3274 Hieronymus
1270 3203 1329 3258 in
1361 3204 1471 3260 hoc
1517 3206 1643 3264 loco
1691 3213 1748 3264 et
1789 3176 1862 3265 in‘
1899 3211 2050 3279 aliis,
2083 3176 2128 3242 C

391 3287 504 3344 .ubi
536 3287 678 3360 quid
701 3305 816 3344 non
838 3292 929 3344 est
947 3290 1019 3346 de
1047 3291 1328 3348 Hebraica
1355 3293 1806 3370 veritate,ponit
1826 3301 2058 3356 asteris-

393 3389 561 3444 ,cum,
593 3375 650 3432 id
684 3379 776 3433 est
813 3376 1050 3451 signum
1103 3381 1547 3453 prohibitionis;
1581 3385 1815 3442 obelum
1866 3389 2052 3459 ponit,

391 3463 502 3521 .ubi
520 3481 639 3537 per
665 3465 1024 3522 contrarium
1056 3467 1266 3537 evenit,
1299 3470 1522 3527 scilicet
1552 3473 1652 3529 ubi
1703 3475 1926 3548 aliquid
1961 3477 2054 3533 in-

399 3552 559 3610 venit
587 3552 876 3622 ablatum,
907 3556 1062 3627 quod
1088 3556 1300 3612 retinet
1329 3558 1612 3616 Hebraica
1639 3561 1873 3618 veritas.

407 3693 410 3696 .
471 3643 702 3699 Laudes
733 3643 980 3700 devoveo
1011 3645 1147 3712 Deo,
1171 3649 1230 3702 et
1249 3645 1380 3702 illas
1400 3647 1604 3704 laudes
1628 3672 1654 3698 «
1682 3651 1919 3706 reddam
1943 3653 2054 3708 Do-

387 3731 582 3801 .mi‘no,
615 3731 839 3790 scilicet
869 3757 898 3786 ‹‹
928 3739 1061 3791 vota
1092 3751 1226 3792 mea
1259 3751 1274 3792 :
1311 3758 1340 3786 »
1369 3740 1426 3792 et
1455 3737 1565 3792 hoc
1595 3737 1653 3792 in
1688 3761 1717 3790 ‹‹
1738 3745 2053 3813 conspectu

399 3820 593 3878 omnis
623 3821 820 3895 populi
845 3823 995 3893 ejus,
1020 3846 1048 3874 »
1070 3827 1136 3880 ut
1155 3823 1288 3879 aliis
1311 3825 1642 3897 exemplum
1675 3827 1868 3885 laudis
1887 3829 2056 3885 exhi-

398 3910 570 3972 beam
593 3925 606 3965 :
629 3915 689 3966 et
715 3911 826 3968 hoc
857 3912 1066 3968 faciam
1091 3937 1118 3962 «
1145 3913 1202 3969 in
1237 3913 1405 3970 atriis
1432 3916 1644 3972 domus
1676 3918 1972 3985 Domini,»
1994 3919 2052 3976 id

383 4001 508 4064 est,
527 3997 586 4052 in
611 3999 882 4069 praesenti
914 4000 1191 4068 Ecclesia,
1213 4019 1342 4074 qum
1371 4008 1612 4061 vocatur
1643 4007 1860 4062 atrium
1880 4025 2052 4081 prop-

384 4087 488 4140 ‘ter
516 4083 968 4156 amplitudinem
1006 4088 1239 4158 domus,
1275 4091 1414 4162 quia
1462 4093 1522 4148 in
1567 4110 1636 4150 ea
1683 4097 1834 4152 Deus
1881 4096 2054 4153 habi—

380 4175 505 4230 λοι.
536 4171 638 4232 Vel
670 4189 774 4243 per
802 4174 1041 4230 domum
1075 4177 1400 4248 accipimus
1430 4181 1724 4238 cmlestem
1757 4185 1998 4240 domum
2035 4202 2048 4239 ε

378 4270 504 4332 ~per
523 4259 764 4328 atrium,
797 4267 1142 4333 praesentem
1169 4265 1510 4335 Ecclesiam,
1537 4286 1663 4339 quae
1693 4275 1784 4326 est
1811 4271 2050 4339 atrium,

397 4345 457 4402 id
487 4349 578 4403 est
601 4344 879 4404 introitus
902 4349 982 4404 ad
1013 4349 1307 4406 cmlestem
1359 4353 1609 4424 patriam
1645 4373 1658 4411 :
1691 4361 1750 4412 et
1781 4357 1881 4412 illa
1919 4363 2053 4415 vota

351 4450 532 4491 --mea
559 4435 802 4492 reddam
833 4452 940 4510 ego
963 4437 1090 4508 jam
1123 4455 1226 4512 spe
1254 4463 1282 4490 «
1318 4440 1376 4496 in
1411 4441 1602 4498 medio
1633 4444 1740 4510 tui,
1776 4444 2050 4504 llierusa-

396 4521 534 4592 lem,
571 4546 599 4574 ››
631 4523 870 4582 scelesti.

876 4667 949 4722 IN
991 4668 1339 4726 PSALMUM
1379 4670 1564 4728 CXVI.

933 4758 1211 4815 TITULUS.
1255 4759 1512 4815 Alleluia.

468 4899 496 4926 «
531 4876 790 4932 Laudate
821 4877 1157 4950 Dominum,
1189 4898 1395 4938 omnes
1426 4889 1648 4956 gentes.
1673 4908 1700 4934 η
1721 4887 1904 4943 Habet
1927 4907 2052 4961 pro-

323 4995 329 4998 »
395 4964 574 5037 pheta
603 4964 932 5035 materiam,
969 4967 1431 5028 misericordiam
1478 4977 1536 5028 et
1581 4975 1886 5032 veritatem
1933 4979 2045 5035 Do-

393 5052 626 5125 mini“,et
639 5051 915 5111 admonet
927 5057 996 5110 ad
1014 5060 1371 5115 cantandum
1387 5061 1717 5118 alleluia.Et
1731 5065 2046 5123 indedieit:

395 5157 664 5198 «omnes
693 5148 916 5216 gentes,
941 5168 966 5193 υ
991 5144 1181 5212 idest,
1213 5167 1419 5205 omnes
1451 5151 1738 5218 nationes,
1764 5175 1790 5202 ‹‹
1816 5153 2047 5211 laudate

394 5226 710 5285 Dominum
734 5249 747 5287 :
784 5255 812 5280 ››
843 5236 903 5288 et
931 5250 1054 5300 vos,
1073 5258 1100 5283 ‹‹
1127 5252 1332 5292 omnes
1365 5238 1586 5309 populi,
1611 5261 1638 5286 »
1659 5239 1715 5293 id
1737 5245 1826 5294 est
1847 5243 2045 5313 populi

393 5316 658 5372 omnium
689 5320 973 5390 gentium,
998 5323 1167 5394 quasi
1192 5341 1397 5380 omnes
1429 5326 1800 5395 Romani,ch
1829 5329 2040 5398 Latini,

388 5401 477 5458 vel
513 5404 692 5462 αι’ωοί
718 5430 746 5457 ‹‹
776 5407 1010 5465 laudate
1031 5428 1188 5466 eum.
1208 5435 1234 5462 ››
1252 5413 1638 5486 Vel,populos
1661 5417 2039 5488 accipiamus,

389 5487 727 5565 quicunque
739 5497 850 5552 sub
864 5497 1116 5570 unalege
1127 5499 1346 5568 vivunt;
1363 5487 2041 5573 gentes,hominesunius

350 5575 642 5650 _.‘civitatis
667 5597 678 5634 :
702 5583 791 5638 vel
826 5601 929 5656 per
956 5589 1160 5656 gentes
1188 5593 1784 5663 conversos,gentiles
1805 5610 1907 5665 per
1937 5613 2038 5668 po-

2175 553 2204 580 «
2237 531 2516 602 quoniam
2548 531 2950 589 misericordia
2972 534 3120 606 ejus,
3148 556 3176 584 ››
3200 535 3260 589 id
3289 539 3379 590 est
3404 535 3674 593 remissio
3696 554 3826 610 pec-

2175 621 2460 687 catorum,
2494 625 2552 676 et
2581 619 2706 677 alia)
2737 622 2936 694 gratiae
2960 623 3382 693 justiﬁcantes,
3415 647 3442 674 ‹‹
3478 627 3569 680 est
3609 626 3828 681 conﬁr—

2176 711 2337 764 mata
2366 726 2544 780 super
2572 726 2698 776 nos,
2727 733 2753 760 »
2785 710 2841 765 id
2875 703 2982 780 est,
3006 710 3090 766 ita
3119 711 3367 768 firmiter
3397 712 3567 768 nobis
3597 715 3832 781 data,ut

2167 796 2295 868 jam
2325 797 2450 870 ipse
2481 798 2752 855 diabolus
2784 799 3095 856 insidiator
3125 816 3241 855 non
3275 801 3462 872 possit
3491 801 3665 858 nobis
3695 803 3832 859 diri-

2176 901 2330 958 pere.
2367 909 2394 936 α
2424 887 2494 941 Et
2521 887 2733 944 veritas
2767 887 3018 956 Domini,
3047 913 3068 941 »
3097 888 3157 943 id
3177 893 3266 944 est
3294 889 3556 962 impletio
3584 893 3834 963 promis-

2176 974 2434 1040 sionum,
2472 995 2494 1023 α
2527 981 2728 1032 manet
2751 975 2809 1032 in
2841 981 3122 1033 internum
3157 1000 3178 1026 ο
3215 978 3357 1050 quia
3385 982 3443 1034 et
3472 979 3568 1035 hic
3599 979 3826 1054 incipit,

2176 1067 2234 1118 et
2262 1062 2321 1118 in
2355 1067 2637 1120 aeternum
2671 1065 2934 1121 manebit
2963 1070 3019 1122 et
3051 1065 3226 1122 ultra.

2639 1208 2710 1264 ΙΝ
2753 1208 3101 1264 PSALMUM
3142 1209 3357 1265 CXVII.

2708 1298 2984 1354 TlTULUS.
3034 1297 3290 1354 Alleluia.

2252 1442 2272 1468 ι
2310 1419 2680 1478 Conﬁtemini
2710 1423 2958 1480 Domino
2987 1422 3338 1496 quoniam.»
3373 1423 3435 1479 In
3468 1423 3580 1480 hoc
3601 1423 3835 1497 psalmo

2175 1507 2350 1566 habet
2381 1511 2662 1582 propheta
2683 1511 2988 1568 materiam
3011 1511 3329 1568 bonitatem
3351 1513 3454 1569 Dei
3479 1529 3492 1568 :
3517 1513 3591 1570 de
3611 1513 3724 1570 hac
3750 1515 3837 1572 sic

2175 1597 2332 1670 agit:
2360 1599 2423 1654 In
2454 1599 2641 1670 prima
2689 1603 2852 1672 parte
2900 1601 3159 1658 ostendit
3187 1607 3372 1658 Deum
3420 1601 3506 1660 sic
3551 1603 3842 1676 adjuvare

2175 1704 2335 1754 suos,
2371 1691 2579 1744 utnon
2625 1689 2874 1746 timeant
2921 1691 3062 1763 quid
3115 1691 3292 1748 faciat
3337 1690 3534 1759 homo,
3565 1696 3627 1749 et
3654 1691 3842 1750 etiam

2176 1776 2460 1848 despiciat
2489 1777 2782 1835 inimicos.
2817 1779 2880 1836 In
2913 1779 3171 1836 secunda
3201 1782 3389 1853 parte,
3423 1796 3552 1853 quas
3582 1781 3839 1854 incipit:

2180 1888 2202 1913 ιι
2239 1867 2466 1922 Bonum
2497 1872 2588 1922 est
2617 1868 2964 1936 confidere,-
2999 1869 3254 1926 ostendit
3284 1870 3440 1942 quod
3482 1870 3845 1926 conﬁdenti-

2173 1953 2284 2009 bus
2316 1959 2374 2010 et
2393 1956 2766 2027 sperantibus
2787 1956 2846 2012 in
2872 1958 3114 2014 Domino
3136 1958 3312 2014 faciat
3333 1959 3668 2032 Deus,quod
3693 1959 3842 2016 nul-

2173 2043 2240 2098 lm
2274 2044 2680 2101 tribulationes
2711 2047 2943 2119 possint
2973 2051 3060 2105 eis
3093 2065 3319 2118 nocere,
3343 2049 3443 2104 sed
3476 2048 3654 2104 etiam
3681 2049 3840 2106 ulei-

2171 2137 2414 2190 scantur
2442 2135 2513 2190 de
2540 2135 2798 2192 inimicis
2828 2136 3046 2202 suis,et
3075 2136 3249 2193 etiam
3281 2141 3580 2194 convertat
3609 2155 3712 2194 eos
3735 2156 3762 2194 :
3785 2142 3842 2195 et

2171 2221 2221 2277 si
2251 2221 2566 2294 aliquando
2598 2225 2836 2294 cadunt,
2859 2225 3014 2282 Deus
3045 2225 3258 2284 relevet
3285 2227 3478 2284 eos.ln
3501 2227 3676 2283 tertia
3693 2245 3841 2300 par-

2171 2313 2246 2378 te,
2261 2327 2388 2383 quae
2406 2312 2610 2385 incipit
2635 2330 2647 2368 :
2680 2333 2702 2362 α
2725 2314 2956 2386 Aperite
2981 2314 3127 2370 mihi
3143 2319 3398 2388 portas,-
3417 2315 3624 2372 videns
3647 2333 3840 2390 quas-

2169 2399 2306 2456 dam
2337 2405 2536 2472 portas
2565 2420 2668 2475 per
2697 2420 2843 2476 quas
2873 2403 3110 2460 ducitur
3139 2405 3212 2461 ad
3241 2403 3565 2473 Christum,
3599 2405 3710 2478 qui
3741 2411 3839 2463 est

2170 2492 2337 2560 porta
2367 2489 2588 2546 ducens
2619 2493 2690 2548 ad
2731 2495 3008 2548 aeternam
3037 2485 3303 2566 gloriam
3354 2493 3530 2564 (Joan.
3561 2497 3644 2564 ι),
3685 2495 3838 2568 petit

2169 2579 2235 2631 ut
2265 2577 2673 2635 introducatur
2700 2579 2760 2636 in
2791 2579 2924 2637 illas
2945 2585 3165 2654 portas.
3181 2581 3245 2638 In
3267 2586 3478 2654 quarta
3497 2587 3834 2658 partequa

2167 2665 2411 2738 incipit:
2447 2689 2469 2718 α
2504 2667 2855 2726 Benedictus
2885 2670 2987 2744 qui
3006 2671 3166 2727 venit
3183 2669 3244 2726 in
3270 2671 3506 2729 nomine
3528 2671 3831 2740 Domini,-

2166 2754 2371 2812 videns
2403 2757 2721 2828 quemdam
2754 2759 3128 2816 benedictum
3160 2761 3389 2816 venisse
3420 2761 3479 2817 in
3503 2761 3834 2832 mundum,

2167 2859 2202 2898 a
2231 2859 2346 2916 quo
2377 2843 2475 2900 alii
2511 2846 2950 2915 benedicentur,
2982 2853 3181 2904 monet
3205 2848 3354 2904 alios
3385 2848 3588 2906 ﬁdeles
3621 2853 3696 2905 ut
3731 2850 3836 2907 be-

2166 2931 2378 2988 nedicti
2411 2951 2514 3006 per
2541 2934 2698 2991 hunc
2729 2937 3042 2992 Dominum
3074 2938 3439 2994 constituant
3467 2937 3518 2993 ei
3548 2937 3717 2994 diem
3742 2955 3834 2996 so-

2166 3020 2443 3076 lemnem.
2478 3023 2730 3080 lntendit
2761 3043 2865 3082 nos
2897 3027 3212 3083 admonere
3243 3030 3309 3082 ut
3341 3043 3448 3098 pro
3477 3026 3835 3099 hujusmodi

2165 3111 2464 3167 beneficiis
2495 3111 2696 3170 laudes
2728 3114 2956 3172 debitas
2985 3115 3232 3171 Domino
3268 3115 3614 3180 referamus,
3645 3121 3718 3172 et
3745 3121 3836 3172 est

2166 3215 2271 3253 vox
2302 3200 2596 3272 prophetae
2627 3201 2714 3258 vel
2745 3201 2998 3275 alicujus
3018 3203 3192 3275 justi,
3208 3219 3326 3260 non
3348 3219 3452 3276 pro
3475 3219 3537 3260 se
3560 3202 3832 3274 solo,sed

2166 3287 2226 3342 in
2257 3304 2505 3358 persona
2535 3291 2798 3346 omnium
2823 3292 3123 3362 justorum
3157 3291 3446 3365 loquentis
3471 3310 3484 3348 :
3515 3315 3535 3341 ι
3560 3292 3834 3350 Conﬁte-

2167 3375 2310 3431 mini
2342 3377 2610 3446 Domino,
2645 3399 2670 3428 »
2706 3379 2763 3435 id
2795 3384 2904 3448 est,
2935 3381 3172 3438 laudate
3210 3380 3527 3437 Dominum
3561 3397 3576 3436 :
3611 3385 3677 3438 et
3731 3383 3831 3438 de-

2167 3463 2337 3533 betis,
2377 3487 2398 3515 ι
2432 3466 2730 3538 quoniam,
2769 3491 2790 3520 ι
2830 3468 2954 3541 ipse
2984 3469 3363 3542 singulariter
3388 3490 3410 3519 ι
3435 3469 3628 3526 bonus
3655 3491 3681 3520 ι
3727 3488 3832 3544 per

2165 3569 2228 3608 se
2252 3569 2266 3608 :
2301 3557 2358 3609 et
2386 3555 2724 3628 quicunque
2753 3557 2889 3613 boni
2922 3561 3080 3625 sunt,
3103 3574 3172 3614 ex
3200 3573 3269 3614 eo
3299 3558 3437 3614 boni
3459 3560 3633 3613 sunt:
3664 3561 3834 3616 unde

2164 3641 2433 3698 Christus
2464 3643 2698 3699 cuidam
2731 3645 3108 3712 adolescenti,
3137 3645 3368 3702 vocanti
3400 3661 3535 3702 eum
3565 3647 3830 3714 bonum,

2165 3733 2222 3785 et
2249 3747 2364 3785 non
2396 3731 2742 3806 intelligenti
2773 3751 2909 3790 cum
2927 3752 3054 3792 esse
3075 3732 3467 3804 Deum,dixit:
3501 3755 3524 3784 ι
3545 3734 3706 3800 Quid
3737 3753 3834 3793 me

2162 3835 2334 3875 vocas
2365 3819 2629 3877 bonum?
2660 3823 2840 3880 Nemo
2871 3825 3081 3892 bonus,
3115 3825 3228 3880 nisi
3263 3824 3425 3882 solus
3471 3824 3634 3881 Deus
3663 3827 3830 3892 (Luc.

2163 3913 2344 3976 xvm).
2379 3933 2401 3961 ι
2439 3910 2630 3966 Etiam
2663 3911 2840 3968 nolite
2871 3913 3235 3986 negligentes
3261 3929 3390 3970 esse
3419 3913 3492 3969 ad
3523 3913 3833 3970 confiten-

2163 3997 2331 4065 dum,
2358 4021 2379 4046 α
2407 3999 2684 4070 quoniam
2711 4000 3112 4058 misericordia
3141 4003 3271 4073 ejus
3298 4025 3319 4051 ι
3341 4006 3570 4058 tantum
3590 4008 3692 4058 est
3721 4025 3745 4055 ι
3771 4003 3831 4058 in

2163 4085 2394 4155 saecula,
2428 4110 2448 4138 ο
2474 4087 2529 4144 id
2554 4094 2664 4156 est,
2685 4090 2946 4161 quandiu
2969 4091 3079 4147 hoc
3101 4090 3386 4148 saeculum
3407 4091 3834 4166 durabit,quia

2162 4179 2296 4246 post
2325 4175 2476 4232 hanc
2505 4177 2686 4232 vitam
2716 4179 2886 4235 tarda
2916 4184 3006 4236 est
3033 4180 3345 4237 confessio.
3661 4197 3666 4205 '

2142 4243 2180 4282 "
2233 4265 2302 4318 Et
2331 4265 2440 4320 hoc
2470 4267 2624 4338 quod
2655 4283 2761 4340 ego
2793 4283 3022 4336 moneo,
3046 4268 3270 4326 scilicet
3298 4269 3582 4336 confiteri,
3609 4289 3633 4318 α
3655 4243 3832 4327 dicat

2162 4369 2338 4424 nunc,
2380 4377 2400 4402 ιι
2435 4353 2491 4409 id
2519 4358 2626 4419 est,
2661 4355 2719 4410 in
2750 4357 3020 4428 prazscnti
3055 4357 3288 4426 szeculo,
3319 4379 3342 4406 ε
3368 4357 3608 4428 Israel,»
3635 4357 3703 4415 id
3735 4363 3832 4416 est

2160 4455 2364 4497 omnes
2382 4441 2604 4497 sudditi
2632 4442 2950 4500 Christiani
2963 4449 3357 4517 proponentes
3374 4445 3484 4503 sibi
3506 4445 3662 4500 hanc
3689 4463 3834 4502 cau-

2077 4541 2126 4604 ι)
2159 4546 2286 4584 sam
2315 4529 2532 4599 laudis,
2570 4551 2592 4580 ι
2626 4531 2905 4603 quoniam
2937 4553 2964 4584 ι)
2999 4533 3286 4590 Dominus
3315 4538 3406 4590 est
3438 4557 3460 4584 α
3485 4533 3685 4590 bonus
3717 4558 3741 4584 ι
3770 4539 3831 4591 et

2165 4639 2187 4666 σι
2223 4618 2503 4688 quoniam
2533 4619 2592 4675 in
2625 4620 2906 4676 saeculum
2941 4622 3346 4679 misericordia
3371 4624 3520 4695 ejus.
3553 4645 3576 4672 ι

2229 4705 2300 4760 Et
2329 4724 2443 4762 non
2478 4712 2707 4764 tantum
2739 4709 2958 4765 subditi
2986 4709 3365 4766 exhortentur
3393 4729 3455 4768 se
3477 4711 3548 4766 ad
3572 4710 3828 4768 laudem

2159 4795 2282 4864 Dei,
2315 4797 2416 4851 sed
2449 4797 2624 4852 etiam
2663 4821 2684 4847 ι
2719 4797 2931 4853 domus
2960 4799 3172 4867 Aaron,
3201 4821 3222 4850 ιν
3247 4800 3305 4854 id
3337 4803 3427 4856 cst
3453 4803 3577 4854 tota
3607 4799 3828 4856 electio

2159 4885 2530 4940 sacerdotum
2560 4891 2618 4942 et
2647 4885 2897 4942 aliorum
2929 4887 3325 4959 pradatorum,
3363 4909 3383 4938 ι
3409 4888 3564 4944 dicat
3592 4906 3822 4955 nunc,-

2158 4971 2472 5026 exhortans
2499 4973 2568 5028 ad
2602 4972 2834 5029 laudem
2875 4975 2997 5042 Dei,
3037 4994 3063 5028 α
3093 4977 3371 5047 quoniam
3425 4975 3480 5031 in
3525 4975 3825 5032 saeculum

2160 5059 2562 5116 misericordia
2589 5063 2737 5132 ejus.
2775 5087 2796 5112 υ
2889 5136 2891 5139 ι

2228 5151 2340 5219 th
2353 5148 2448 5202 uid
2463 5151 2846 5224 persingula?
2862 5176 2882 5204 ι
2901 5154 3275 5210 Dicantnunc
3292 5177 3312 5203 ι
3331 5153 3507 5209 etiam
3526 5177 3548 5202 α
3565 5171 3820 5210 omnes»

2156 5239 2226 5292 de
2256 5255 2606 5311 quacunque
2636 5246 2828 5314 gente,
2859 5243 3213 5309 conditione,
3248 5242 3504 5309 natione,
3541 5267 3562 5294 ι
3599 5245 3702 5316 qui
3748 5245 3822 5299 ti-

2154 5331 2316 5383 ment
2345 5328 2712 5398 Dominum,»
2737 5330 2846 5388 hoc
2866 5331 3120 5396 dicant,«
3140 5332 3417 5404 quoniam
3443 5331 3498 5386 in
3523 5331 3822 5387 saeculum

2153 5417 2552 5474 misericordia
2581 5422 2730 5490 ejus.
2761 5443 2780 5470 ι
2809 5423 2959 5477 Bene
2991 5422 3120 5477 dico
3151 5422 3308 5494 quod
3338 5421 3418 5478 sit
3446 5421 3826 5491 bonus,quia

2150 5508 2208 5562 in
2235 5525 2327 5564 me
2355 5513 2534 5581 patet,
2565 5509 2704 5580 quia
2737 5531 2758 5556 α
2793 5511 3047 5567 invocavi
3101 5511 3414 5568 Dominum
3446 5510 3518 5565 de
3547 5508 3825 5566 tribula-

2147 5599 2324 5666 tione,
2357 5617 2382 5648 ιι
2421 5597 2478 5654 id
2505 5602 2612 5666 est,
2646 5599 2906 5655 monitus
2939 5601 3018 5655 fui
3053 5601 3318 5656 invocare
3348 5598 3661 5655 Dominum
3700 5615 3824 5670 per
