4060 6180
264 361 386 424 609

1448 357 1951 422 EXPLANATIO'
1977 356 2068 420 ΙΝ
2112 359 2369 425 PSALM
2382 364 2499 426 OS.

3559 375 3678 433 ϐω

263 509 637 566 quacunque
664 496 729 548 tu
754 492 1025 567 disponis
1053 491 1280 549 occulto
1323 493 1551 564 judicio
1586 496 1688 549 tuo
1724 515 1745 543 ι
1780 496 1921 548 sunt
1946 487 2013 559 Α,
2102 493 2262 562 Dico,
2282 518 2312 546 «
2336 513 2409 552 ne
2431 498 2720 565 auferas,«
2740 500 2799 554 et
2825 522 2853 549 »
2877 503 3112 572 accepto
3134 500 3262 574 ipso
3284 464 3512 559 Christo
3533 504 3679 560 mihi

252 582 598 655 jucunda,n
629 581 688 637 id
721 584 828 647 est,
853 599 1082 638 ammna
1106 585 1246 638 sunt
1271 582 1416 637 mibi
1447 582 1678 655 ﬂagella
1698 600 1825 654 quae
1856 585 1920 637 tu

261 671 415 727 mihi
448 671 521 727 ad
551 671 970 727 correctionem
1001 671 1297 727 immittis.

338 760 471 815 Dixi
499 784 520 810 α
549 764 795 833 amputa
824 760 1225 833 opprobrium,
1250 786 1273 814 ι
1311 762 1518 826 deduc,
1552 765 1610 817 et
1641 778 1922 832 quaecun-

261 867 383 922 que
411 849 587 923 petivi
615 849 708 905 fac
741 867 756 905 :
790 853 847 906 et
877 866 1009 906 ecce
1040 850 1329 923 quidquid
1373 850 1547 924 petivi
1597 850 1783 905 habeo
1817 867 1830 904 :
1864 854 1924 905 et

257 938 380 995 hoc
411 942 503 995 est
523 957 573 996 τί(
598 956 730 995 ecce
750 939 1055 1012 concupivi
1079 941 1359 996 mandata
1376 945 1480 996 tua
1501 961 1529 990 »
1563 939 1882 1011 adimplere
1905 956 1919 995 :

259 1033 324 1084 et
359 1028 463 1101 qui
491 1029 577 1084 sic
603 1029 769 1101 cupit
799 1046 1043 1085 securus
1068 1046 1197 1086 esse
1235 1034 1446 1103 potest,
1470 1030 1610 1102 quia
1637 1028 1927 1092 obtinebit

258 1119 428 1191 quod
460 1117 640 1191 petit:
664 1118 795 1173 dico
826 1118 1155 1192 concupivi,
1189 1123 1246 1174 ct
1274 1120 1346 1174 de
1378 1119 1624 1192 reliquo,
1659 1118 1922 1185 Domine,

259 1230 291 1258 α
319 1207 559 1263 γὶνὶἰίοο,
587 1225 737 1277 me,»
758 1207 817 1263 id
838 1212 949 1275 est,
977 1208 1065 1263 fac
1087 1225 1181 1264 me
1200 1224 1571 1281 perseverare
1599 1208 1659 1263 in
1687 1208 1926 1263 manda-

260 1296 343 1352 tis
377 1296 502 1353 tuis
525 1312 540 1351 :
564 1313 659 1353 me
678 1295 809 1353 dico
830 1296 1089 1369 positum
1116 1320 1139 1347 α
1164 1297 1224 1353 in
1250 1298 1523 1370 aequitate
1542 1301 1697 1364 tua,»
1722 1296 1781 1352 id
1814 1300 1922 1366 est,

257 1389 540 1457 agentem
571 1386 898 1442 secundum
927 1386 1208 1443 mandata
1229 1390 1351 1458 tua,
1376 1404 1504 1459 quae
1529 1386 1721 1443 solum
1754 1386 1930 1457 aequi-

255 1477 454 1530 tatem
486 1473 855 1548 precipiunt.

1031 1565 1163 1617 Van.

337 1676 364 1704 ι
404 1654 482 1710 Et
505 1652 721 1710 veniat.
741 1673 771 1707 ο
800 1653 863 1710 In
894 1653 1005 1710 hac
1034 1657 1199 1727 parte
1216 1654 1363 1726 petit
1382 1653 1574 1710 fidelis
1603 1654 1704 1726 qui
1737 1652 1925 1726 loqui-

254 1742 510 1816 ειη-,εἶμί
528 1744 657 1816 jam
686 1742 747 1798 in
774 1743 1029 1800 adventu
1050 1742 1262 1799 Christi
1294 1743 1482 1817 ipsius
1512 1743 1701 1816 legem
1735 1760 1929 1800 susce-

2031 582 2088 636 in
2122 584 2479 654 praesidium,
2505 610 2531 637 ‹‹
2560 588 2886 643 custodiam
2917 588 3103 659 legem
3143 594 3305 645 tuam
3339 609 3587 664 semper,
3616 593 3680 650 id

2031 676 2138 738 est,
2165 696 2191 722 ‹‹
2228 674 2285 727 in
2318 675 2595 730 saeculum
2637 681 2693 731 et
2735 677 2794 732 in
2839 677 3119 733 saeculum
3163 680 3380 734 saeculi.
3406 702 3430 732 ι
3467 683 3679 755 Legem

2032 760 2132 815 Dei
2167 762 2227 817 in
2268 762 2377 818 hac
2405 764 2524 819 vita
2562 767 2837 832 custodit,
2870 767 2967 838 qui
3010 767 3339 839 proximum
3381 769 3591 842 diligit,
3622 775 3681 825 et

2032 866 2135 921 pro
2168 850 2425 908 inimicis
2456 857 2601 918 orat,
2631 858 2688 909 et
2718 854 2951 910 similia.
2984 857 3046 910 In
3086 856 3199 911 alio
3241 858 3453 913 saeculo
3484 864 3679 914 custo-

2033 938 2263 995 diemus
2293 940 2500 1013 legem,
2521 959 2697 1014 quam
2720 961 2877 998 nunc
2900 944 3118 999 habent
3138 945 3497 1018 angeli,quia
3515 952 3677 1013 tunc,

2032 1029 2099 1080 ut
2128 1028 2301 1083 modo
2334 1029 2549 1100 angeli,
2575 1031 2966 1085 communiter
2994 1031 3365 1088 laudabimus
3394 1035 3600 1100 Deum,
3624 1040 3681 1092 el.

2033 1115 2212 1170 etiam
2242 1116 2450 1172 fratres
2473 1121 2703 1174 nostros
2726 1119 3061 1191 diligemus,
3086 1120 3241 1176 sicut
3261 1122 3479 1177 dicitur
3501 1141 3513 1179 :
3539 1124 3682 1179 Cha-

2036 1204 2178 1260 ritas
2210 1222 2515 1277 nunquam
2546 1208 2773 1262 excidet
2802 1209 2852 1277 (I
2885 1212 3012 1264 Cor.
3043 1209 3221 1282 vm)..

2104 1291 2224 1362 Ego
2255 1291 2383 1349 dico
2407 1315 2430 1343 ι
2457 1294 2805 1363 custodiam,
2830 1298 2887 1352 et
2908 1296 3083 1351 etiam
3098 1297 3226 1368 jam
3246 1300 3555 1355 custodivi.
3580 1301 3683 1357 Hic

2034 1383 2199 1435 notat
2227 1397 2291 1435 sc
2320 1382 2616 1454 accepisse
2642 1383 2788 1439 illud
2819 1386 2976 1456 quod
3006 1386 3240 1458 petebat
3264 1388 3558 1461 superius,
3579 1390 3687 1446 sci-

2034 1467 2172 1524 licet
2192 1469 2506 1526 adventum
2525 1471 2739 1528 Cbristi
2760 1474 3087 1530 custodiam
3107 1492 3157 1531 »:
3181 1480 3240 1531 et
3260 1476 3369 1532 hoc
3387 1482 3479 1533 est
3496 1495 3544 1533 ει
3564 1495 3689 1534 am-

2033 1556 2313 1614 bulabam
2347 1583 2375 1609 »
2398 1560 2468 1615 de
2496 1560 2708 1617 virtute
2748 1561 2808 1616 in
2848 1562 3145 1636 virtutem,
3177 1570 3417 1638 accepto
3454 1566 3686 1624 Christo

2035 1646 2286 1720 hospite,
2321 1648 2578 1705 existens
2605 1673 2633 1701 ‹‹
2668 1650 2727 1708 in
2757 1650 3137 1722 latitudine,»
3159 1653 3219 1709 id
3246 1658 3354 1724 est,
3378 1655 3437 1710 in
3478 1656 3685 1712 multi-

2035 1735 2293 1809 plicitate
2323 1738 2626 1795 cbaritatis
2646 1744 2703 1795 et
2732 1740 2988 1796 scientiae
3013 1759 3026 1797 :
3050 1741 3359 1799 latitudine
3380 1744 3530 1812 dico,
3556 1745 3686 1801 ideo

256 1834 372 1906 pit,
409 1837 479 1889 ut
506 1832 631 1907 ipse
660 1831 929 1891 Christus
960 1832 1038 1888 sit
1078 1832 1130 1888 ei
1175 1836 1377 1889 contra
1404 1832 1725 1902 haereticos,
1751 1836 1926 1904 atque
1954 1865 2003 1931 Β
2038 1825 2212 1931 mihi“
2213 1827 2369 1896 data,
2466 1828 2604 1931 quia
2635 1830 2913 1885 mandata
2944 1833 3046 1885 tua
3073 1831 3376 1903 exquisivi.
3402 1855 3431 1882 ν

254 1926 476 1977 contra
506 1925 907 1994 persecutores
944 1920 1307 1993 praesidium,
1341 1922 1441 1995 qui
1470 1922 1671 1977 statim
1702 1921 1761 1976 in
1794 1921 1925 1977 illos

253 2011 727 2084 insurgunt,qui
754 2010 941 2084 legem
963 2010 1176 2066 Christi
1206 2010 1498 2084 recipiunt
1523 2028 1536 2066 :
1560 2014 1618 2066 et
1638 2010 1767 2066 ideo
1790 2010 1927 2066 huic

251 2098 569 2156 octonario
597 2100 746 2156 bene
776 2099 1176 2172 praescribitur
1202 2099 1349 2168 Vau,
1384 2100 1540 2172 quod
1578 2099 1927 2171 interpretav

253 2194 363 2245 tur
394 2190 537 2260 ipse,
566 2205 672 2261 per
712 2189 865 2261 quod
897 2188 1194 2244 Christum
1235 2188 1534 2261 egregium
1569 2188 1926 2259 adjutorium

249 2278 681 2352 intelligimus,
715 2294 888 2350 quem
920 2276 1032 2333 iste
1060 2276 1122 2333 in
1162 2277 1274 2333 hoc
1321 2278 1620 2333 octonario
1671 2276 1929 2349 postulat

253 2369 331 2423 ad
329 2369 631 2438 jutorem.

330 2455 724 2512 Continuatio
760 2472 772 2511 :
803 2454 1047 2511 Vivilica
1076 2472 1169 2511 me
1207 2455 1358 2527 dico,
1381 2478 1410 2505 ‹‹
1442 2459 1499 2511 et
1526 2455 1721 2511 veniat
1753 2472 1932 2527 super

254 2562 387 2615 me,
417 2569 442 2598 ι
470 2546 532 2600 id
562 2549 671 2613 est,
695 2543 780 2600 ita
807 2548 874 2599 ut
910 2545 988 2600 sit
1027 2548 1223 2617 caput.
1245 2544 1368 2616 Vel,
1401 2562 1578 2617 super
1607 2563 1719 2615 me,
1753 2546 1812 2601 id
1843 2550 1933 2601 est

256 2636 333 2691 de
360 2633 709 2691 caelestibus
726 2634 985 2702 veniens,
1006 2658 1033 2683 ‹‹
1059 2634 1461 2691 misericordia
1482 2640 1604 2703 tua,
1634 2635 1929 2701 Domine,»

254 2729 316 2783 et
352 2739 546 2796 quam
578 2722 834 2795 postulet
865 2722 1350 2790 misericordiam,
1377 2723 1749 2791 determinat,
1775 2722 1931 2779 scili~

257 2817 382 2879 cet,
408 2835 439 2864 ‹‹
463 2811 723 2868 salutare
742 2815 971 2879 tuum,»
989 2811 1047 2868 id
1068 2816 1177 2878 est,
1197 2811 1378 2869 Filius
1400 2816 1538 2868 tuus
1555 2812 1655 2885 qui
1682 2813 1933 2871 salutem

260 2901 423 2957 facit.
466 2900 768 2967 omnibus,
791 2901 890 2972 qui
922 2900 1000 2961 sit
1044 2899 1190 2956 mihi
1242 2905 1447 2956 contra
1491 2901 1935 2974 impugnatores

263 2989 651 3063 praesidium.
672 2988 842 3059 Vel,«
870 2990 1196 3047 secundum
1244 2989 1545 3063 eloquium
1582 2993 1752 3046 tuum
1780 3014 1809 3039 »
1835 3007 1933 3045 ve-

260 3079 428 3150 niat,
459 3078 521 3134 id
551 3082 662 3146 est,
688 3078 945 3135 instruat
973 3095 1066 3135 me
1091 3079 1164 3136 de
1194 3079 1320 3155 lege
1348 3084 1470 3136 tua.

338 3191 373 3219 α
405 3168 480 3223 Et
505 3190 535 3218 »
556 3167 607 3224 si
636 3168 721 3225 ita
744 3168 958 3235 veniet,
985 3172 1128 3224 tunc
1160 3191 1189 3219 ‹‹
1223 3169 1587 3241 respondebo
1616 3169 1880 3241 verbum,
1909 3192 1931 3218 ι

259 3256 509 3313 scilicet
535 3255 723 3312 ﬁlium
742 3260 933 3325 tuum,
954 3278 983 3307 α
1007 3237 1494 3329 exprobrantibus
1516 3257 1658 3313 mihi
1684 3280 1713 3307 »
1738 3237 1934 3330 ipsum
1965 3237 2008 3303 (ἶ

260 3345 495 3414 ﬁlium,
519 3343 742 3402 scilicet
772 3344 822 3400 si
862 3344 1081 3418 aliquis
1118 3346 1553 3419 exprobraverit
1583 3346 1749 3413 mihi,
1772 3345 1935 3401 Chri-

261 3440 444 3493 stum
476 3451 595 3491 non
628 3433 843 3492 Filium
877 3434 995 3506 Dei,
1030 3436 1132 3491 sed
1173 3434 1367 3493 solum
1407 3435 1707 3492 hominem
1747 3436 1936 3517 cruci-

260 3526 487 3593 ﬁxum,
515 3524 981 3593 etc.,ostendam
1028 3523 1080 3581 ei
1133 3520 1525 3597 per'rationes
1575 3524 1787 3581 Filium
1840 3525 1938 3581 Dei

254 3600 415 3670 eum
444 3613 653 3681 fuisse,
686 3617 744 3669 et
772 3616 1125 3669 ceteternum
1154 3631 1168 3668 :
1194 3617 1251 3669 et
1278 3613 1409 3670 ideo
1439 3614 1524 3670 sic
1551 3615 1936 3688 respondebo,

261 3721 392 3760 non
417 3702 583 3775 quod
606 3702 895 3759 conﬁdam
926 3702 986 3756 in
1015 3700 1242 3757 viribus
1269 3702 1438 3768 meis,
1462 3702 1564 3759 sed
1586 3726 1615 3754 ι(
1639 3704 1780 3776 quia
1808 3721 1937 3776 spe-

262 3792 395 3849 ravi
434 3791 498 3846 in
532 3791 906 3847 sermonibus
930 3790 1103 3859 tuis,-
1131 3789 1232 3862 qui
1251 3796 1391 3846 sunt
1410 3791 1556 3846 mihi
1577 3792 1730 3849 bona
1752 3810 1937 3858 arma,

259 3882 375 3955 qui
396 3879 621 3936 dixisti
643 3898 694 3937 zu
718 3880 865 3937 Cum
890 3879 1173 3935 steteritis
1201 3884 1336 3937 ante
1358 3896 1522 3952 reges
1551 3885 1609 3935 et
1639 3882 1936 3953 praesides,

262 3971 465 4027 nolite
490 3968 883 4042 praemeditari
904 3969 1045 4041 quid
1069 3967 1502 4041 respondeatis:
1526 3970 1763 4025 dabitur
1781 3970 1938 4034 enim

258 4059 449 4117 vobis
479 4057 543 4113 in
575 4056 677 4113 illa
706 4057 851 4114 hora
879 4058 1022 4130 quid
1054 4056 1377 4130 loquamini
1400 4058 1602 4131 (Matth.
1628 4061 1743 4133 x),»
1767 4064 1823 4115 et
1844 4060 1942 4115 ite-

263 4166 413 4205 rum
447 4164 461 4205 :
486 4171 517 4200 α
543 4147 702 4205 Dabo
731 4146 896 4204 vobis
926 4164 990 4204 os
1019 4152 1077 4204 et
1107 4146 1456 4220 sapientiam
1487 4150 1639 4218 (Luc.
1666 4150 1804 4221 xx».

342 4238 577 4307 Contra
632 4236 935 4294 haereticos
993 4237 1357 4309 respondebo
1410 4255 1423 4293 :
1476 4240 1551 4306 et,
1593 4254 1626 4293 ο
1676 4237 1940 4310 Domine,

262 4326 528 4401 provide
550 4342 624 4381 ne
648 4341 752 4398 per
774 4324 1184 4382 tribulationes
1207 4326 1506 4382 auferatur
1535 4326 1679 4382 mihi
1701 4327 1942 4384 verbum

266 4424 481 4482 tuum,
506 4419 570 4479 et
595 4414 707 4472 hoc
736 4420 827 4472 est
857 4433 870 4471 :
898 4438 920 4466 ι
955 4419 1013 4471 et
1041 4431 1114 4471 ne
1143 4414 1375 4472 auferas
1405 4415 1477 4471 de
1502 4432 1601 4472 ore
1649 4433 1798 4488 meo,
1825 4440 1853 4466 »
1883 4416 1941 4473 id

263 4511 389 4579 est,
414 4522 495 4560 ne
524 4504 836 4577 permittas
866 4504 1084 4560 auferri
1126 4520 1228 4577 per
1270 4503 1697 4573 tribulationes,
1722 4506 1808 4561 vel
1843 4524 1945 4579 per

2109 1938 2137 1965 α
2172 1916 2556 1988 Respondebo
2585 1918 3072 1990 exprobrantibus
3111 1920 3256 1975 mihi
3297 1922 3595 1989 verbum,»
3628 1926 3687 1978 et

2035 2004 2212 2060 etiam
2244 2005 2548 2077 respondi;
2580 2010 2639 2061 et
2682 2006 2790 2062 hoc
2838 2011 2929 2062 est
2961 2029 2989 2059 ς(
3014 2012 3075 2063 et
3119 2007 3419 2081 loquebar,
3449 2033 3470 2060 υ
3509 2010 3566 2067 id
3597 2014 3689 2067 est

2037 2092 2268 2149 locutus
2299 2111 2453 2161 sum,
2485 2095 2712 2166 positus
2742 2096 2852 2150 «in
2896 2097 3251 2153 testimoniis
3279 2099 3419 2165 tuis,
3447 2122 3477 2148 »
3508 2100 3563 2154 id
3597 2104 3688 2156 est

2036 2182 2341 2254 praeceptis
2364 2183 2515 2238 tuis:
2546 2200 2651 2240 nec
2674 2188 2901 2239 tantum
2924 2185 2983 2239 in
3006 2189 3319 2257 conspectu
3341 2187 3562 2259 populi,
3585 2188 3686 2243 sed

2040 2295 2065 2319 α
2100 2271 2159 2326 in
2191 2276 2505 2343 conspectu
2556 2288 2783 2345 regum,
2809 2296 2836 2322 »
2864 2273 2923 2327 id
2953 2278 3044 2329 est
3075 2273 3406 2346 principum
3439 2276 3687 2331 munda-

2039 2375 2271 2427 norum,
2306 2360 2634 2431 praedicans
2661 2361 2900 2416 verbum
2933 2359 3063 2429 Dei;
3085 2384 3111 2411 ‹‹
3136 2365 3195 2417 et
3226 2378 3339 2417 non
3369 2362 3688 2417 confunde-

2039 2448 2165 2517 bar,
2197 2447 2257 2502 id
2288 2452 2396 2516 est,
2431 2465 2545 2503 non
2576 2450 2991 2505 erubescebam
3033 2466 3137 2521 pro
3169 2451 3446 2507 seandalo
3475 2451 3686 2508 crucis.

2037 2536 2162 2606 Vel,
2203 2561 2222 2587 ι
2258 2554 2374 2592 non
2415 2539 2834 2605 confundebar,
2872 2562 2900 2587 »
2933 2540 3086 2611 quod
3135 2556 3242 2612 ego
3287 2541 3552 2596 cederem
3582 2539 3688 2612 eis,

2039 2627 2127 2681 vel
2160 2627 2334 2681 etiam
2369 2631 2620 2683 tacerem
2655 2645 2757 2699 pro
2789 2627 2897 2683 eis.

2113 2740 2139 2766 ι(
2179 2717 2486 2787 Loquebar
2513 2720 2571 2771 et
2609 2716 2936 2771 meditabar
2971 2716 3032 2771 in
3074 2717 3370 2772 mandatis
3402 2718 3546 2788 tuis,
3570 2739 3599 2767 »
3629 2717 3689 2773 id

2041 2809 2149 2873 est,
2174 2804 2501 2877 cogitabam
2532 2807 2864 2876 frequenter
2894 2806 3187 2876 quomodo
3216 2821 3284 2861 ea
3312 2805 3687 2878 complerem,

2041 2894 2101 2949 in
2134 2912 2247 2966 quo
2281 2897 2516 2949 notatur
2543 2892 2996 2965 contemplatio:
3030 2899 3089 2950 et
3118 2894 3227 2949 hoc
3259 2911 3374 2949 non
3405 2893 3689 2950 faciebam

2043 2986 2300 3052 coactus,
2334 2984 2435 3039 sed
2467 2982 2608 3054 quia
2635 3005 2663 3033 ‹‹
2697 2982 2870 3038 dilexi
2906 3004 2933 3032 »
2964 2999 3033 3039 ea
3062 2983 3361 3051 mandata,
3384 2983 3515 3039 ideo
3536 2999 3692 3040 com-

2044 3072 2217 3145 plcvi.

2116 3162 2185 3216 Et
2214 3178 2329 3217 non
2360 3165 2592 3217 tantum
2624 3161 2970 3229 meditabar,
2991 3162 3092 3217 sed
3124 3161 3300 3218 etiam
3330 3177 3502 3235 opere
3532 3177 3689 3217 com-

2046 3251 2227 3324 plevi;
2260 3255 2317 3307 et
2348 3251 2457 3307 hoc
2477 3250 2619 3307 dicit
2640 3268 2692 3307 zu
2713 3255 2771 3307 et
2798 3250 2978 3307 levavi
3010 3268 3223 3309 manus
3250 3268 3468 3320 meas,»
3490 3250 3550 3306 id
3579 3256 3690 3320 est,
3738 3282 3743 3283 ί

2047 3341 2413 3413 operationes
2455 3358 2618 3397 meas
2649 3340 2827 3396 extuli
2858 3363 2887 3391 «
2920 3341 2992 3396 ad
3032 3341 3311 3396 mandata
3341 3344 3442 3397 tua
3470 3363 3499 3392 »
3532 3357 3691 3396 com-

2046 3429 2314 3503 plenda,«
2340 3449 2466 3503 quae
2483 3430 2716 3497 dilexi,»
2738 3429 2908 3502 quasi
2929 3430 3083 3503 quod
3103 3430 3279 3486 verbo
3308 3429 3502 3500 docui,
3523 3445 3696 3502 opere

2048 3520 2331 3593 complevi
2365 3537 2377 3577 :
2412 3524 2471 3576 et
2504 3518 2601 3576 hic
2638 3522 2878 3575 notatur
2918 3519 3039 3575 vita
3081 3517 3285 3575 activa.
3318 3518 3458 3575 Dico
3491 3541 3519 3570 ‹‹
3549 3519 3698 3576 leva-

2044 3610 2122 3678 vi,
2146 3632 2174 3659 »
2208 3613 2267 3665 et
2302 3609 2453 3665 hanc
2501 3608 2900 3681 Operationem
2944 3611 3382 3680 perseveranter
3421 3607 3692 3679 implevi;

2047 3704 2106 3754 et
2136 3699 2244 3755 hoc
2276 3698 2417 3753 dicit
2449 3715 2501 3753 :«
2531 3698 2841 3753 exercebor
2868 3696 2928 3750 in
2953 3696 3480 3767 justiﬁcationibus
3508 3696 3694 3763 tuis,»

2046 3788 2105 3843 id
2137 3792 2246 3856 est,
2281 3786 2528 3843 studebo
2559 3790 2626 3841 ut
2655 3802 2754 3841 eas
2784 3785 2911 3840 sine
2955 3784 3113 3839 omni
3161 3783 3440 3841 dilatione
3470 3784 3695 3855 possim

2048 3876 2312 3948 implere.

2806 3962 2953 4011 Zain.

2123 4077 2151 4106 ι(
2183 4054 2406 4109 Memor
2434 4054 2622 4108 esto.»
2644 4050 2852 4106 Justus
2884 4049 2983 4122 qui
3024 4048 3212 4121 legem
3254 4049 3476 4105 Caeristi
3507 4065 3699 4105 susce-

2051 4143 2154 4216 pit,
2186 4145 2245 4198 et
2295 4140 2470 4196 etiam
2527 4139 2723 4212 ipsum
2754 4138 3052 4194 Christum
3111 4139 3441 4210 adjutorem
3497 4143 3700 4195 contra

2050 4232 2352 4289 haereticos
2379 4234 2436 4285 et
2465 4232 2889 4301 persecutores,
2915 4228 3043 4299 jam
3071 4244 3175 4300 per
3202 4228 3311 4284 hoc
3333 4244 3498 4301 spem
3526 4228 3703 4285 habet

2051 4321 2252 4380 aeterni
2283 4319 2441 4377 boni.
2475 4318 2615 4375 Orat
2644 4318 2705 4373 in
2750 4317 2859 4373 hoc
2890 4317 3186 4374 octonario
3219 4318 3290 4374 de
3319 4317 3702 4391 completione

2050 4411 2213 4467 illius
2243 4409 2388 4483 spei,
2407 4412 2464 4465 et
2492 4408 2621 4464 ideo
2641 4407 2787 4463 bene
2814 4406 3212 4479 praescribitur
3239 4406 3375 4461 huic
3403 4407 3701 4479 particulis

2052 4501 2211 4569 Zain,
2244 4498 2398 4572 quod
2440 4498 2859 4569 interpretatur
2894 4494 3096 4561 ductae,
3124 4493 3211 4549 vel
3253 4494 3377 4563 huc,
3422 4495 3561 4566 quia
3600 4512 3704 4566 per

267 4593 665 4661 blanditias,u
688 4592 932 4649 verbum
955 4591 1273 4661 veritatis,»
1300 4592 1358 4647 id
1381 4596 1469 4648 est
1488 4594 1940 4666 praedicationis,
1975 4606 2021 4671 ι)
2055 4590 2162 4647 boc
2192 4594 2511 4659 utrumque
2566 4583 2972 4655 intelligimus,
3007 4600 3113 4638 nos
3170 4600 3284 4638 non
3340 4582 3553 4639 habere
3607 4584 3702 4639 hic

269 4688 345 4740 ut
366 4699 485 4757 ego
507 4697 816 4753 nunquam
834 4680 1038 4737 sileam
1055 4681 1210 4753 apud
1228 4680 1463 4753 quosvis
1483 4683 1953 4753 praedicationem

268 4771 470 4829 divini
499 4770 664 4827 verbi
698 4788 712 4828 :
748 4787 854 4827 nec
884 4772 956 4827 ad
989 4770 1196 4827 horam
1225 4770 1531 4843 permittas
1560 4772 1773 4829 auferri
1808 4793 1946 4847 pro-

268 4868 415 4936 pter
444 4859 890 4917 tribulationem
919 4860 1074 4916 sicut
1095 4859 1281 4915 fecisti
1315 4860 1620 4932 Petro,qui
1654 4864 1725 4918 ad
1747 4881 1945 4922 vocem

269 4950 517 5009 ancilla:
576 4948 880 5005 veritatem
930 4948 1163 5022 negavit
1210 4947 1413 5021 (Matth.
1444 4951 1798 5019 xxv1;ll!arc.
1832 4973 1946 5028 XIV,

271 5043 413 5097 Luc.
448 5055 603 5106 xm;
634 5037 792 5094 Joan.
823 5042 1023 5108 xvm):
1068 5054 1174 5094 nec
1214 5038 1522 5110 permittas
1559 5061 1579 5088 α
1616 5057 1949 5116 usquequa-

271 5147 463 5203 que,»
484 5129 546 5184 id
581 5131 688 5196 est,
714 5127 875 5183 omni
907 5127 1102 5196 modo,
1127 5126 1285 5183 omni
1317 5130 1579 5199 tempore
1603 5146 1615 5185 :
1644 5147 1748 5186 nec
1776 5133 1953 5189 debes

271 5219 578 5288 auferre,-
607 5217 748 5288 quia
769 5239 799 5267 ››
821 5232 928 5290 ego
953 5239 981 5267 α
1005 5216 1066 5271 in
1088 5215 1333 5288 judiciis
1364 5216 1542 5285 tuis,»
1566 5217 1623 5272 id
1654 5224 1743 5276 est
1768 5221 1826 5277 in
1850 5221 1952 5277 tri-

276 5306 700 5369 bulationibus
725 5322 873 5378 quas
904 5304 1049 5360 mihi
1081 5321 1185 5378 per
1206 5304 1435 5378 judicia
1462 5308 1564 5363 tua
1592 5306 1829 5380 infers,«
1854 5328 1952 5366 su-

273 5394 684 5471 pet-speravi,»
710 5393 770 5451 id
792 5398 902 5463 est,
927 5395 1212 5467 majorem
1234 5394 1491 5450 fructum
1520 5398 1953 5470 speravi,quam

273 5486 483 5560 possit
500 5483 703 5556 aliqua
724 5483 1065 5558 temporalis
1083 5483 1385 5541 tribulatio
1415 5486 1733 5557 promereri
1753 5503 1766 5542 :
1793 5486 1954 5544 Unde

272 5573 613 5648 Apostolus
643 5591 658 5630 :
686 5597 717 5626 »
747 5574 875 5635 Non
919 5578 1060 5631 sunt
1096 5574 1400 5648 condignae
1440 5573 1746 5647 passiones
1776 5575 1955 5650 hujus

268 5663 589 5741 temporis
613 5664 687 5727 ad
712 5664 974 5724 futuram
1004 5663 1251 5740 gloriam
1281 5665 1455 5739 (Rom.
1483 5663 1628 5742 vni).
1653 5687 1682 5718 »

2064 4684 2399 4737 manentem
2430 4676 2741 4733 civitatem.

2126 4766 2539 4826 Continuatio:
2585 4762 2922 4831 Exercebar,
2972 4762 3111 4834 quia
3169 4766 3229 4817 tu
3290 4763 3502 4819 dedisti
3559 4763 3705 4820 mihi

2057 4877 2221 4932 spem
2254 4858 2313 4911 in
2342 4855 2516 4912 verbo
2548 4858 2670 4923 tuo,
2702 4854 2760 4908 id
2800 4857 2909 4922 est,
2943 4853 3000 4906 in
3032 4852 3421 4924 promissione
3453 4857 3573 4919 tua,
3603 4852 3703 4925 qui

2057 4946 2256 5004 dixisti
2282 4962 2333 5001 ια
2352 4943 2457 5011 Qui
2476 4943 2737 5015 sequit»r
2765 4959 2877 5011 me,
2898 4959 3013 4997 non
3045 4942 3311 4998 ambulat
3334 4941 3395 4996 in
3426 4941 3703 5009 tenebris,

2059 5038 2162 5095 sed
2193 5034 2432 5090 habebit
2460 5032 2661 5088 lumen
2680 5032 2810 5089 vitae
2834 5032 3009 5105 (Joan.
3032 5031 3306 5100 vm).»-Et
3336 5029 3495 5084 illius
3521 5051 3549 5079 «
3576 5046 3704 5084 ver-

2060 5127 2118 5183 bi
2150 5125 2236 5181 tui
2267 5127 2391 5180 esto
2422 5139 2649 5179 memor
2686 5138 2849 5177 servo
2888 5125 3056 5187 tuo,»
3089 5118 3148 5174 id
3179 5122 3287 5185 est,
3322 5118 3392 5173 ad
3425 5117 3705 5173 honorem

2063 5216 2212 5274 servi
2264 5214 2370 5284 tui,
2403 5213 2749 5286 complenda
2788 5228 2913 5283 quae
2972 5205 3313 5280 promisisti,
3337 5206 3437 5279 qui
3487 5206 3706 5264 oblitus

2061 5304 2276 5362 videris
2307 5303 2571 5376 quandiu
2603 5299 2882 5357 distulisti
2900 5323 2926 5349 ‹‹
2946 5297 3004 5352 in
3039 5314 3152 5368 quo
3178 5320 3205 5345 »
3226 5297 3401 5353 verbo
3431 5320 3457 5347 ‹‹
3494 5295 3707 5352 dedisti

2062 5395 2209 5451 mihi
2240 5408 2405 5466 spem
2437 5414 2466 5440 »
2500 5389 2700 5446 aeterni
2731 5388 2888 5443 boni.

2134 5483 2296 5553 Quod
2326 5504 2352 5529 ‹‹
2387 5480 2508 5534 haec
2538 5500 2565 5527 »
2596 5494 2729 5549 spes
2759 5500 2787 5527 ‹‹
2820 5474 3117 5532 consolata
3146 5478 3235 5531 est
3263 5493 3356 5531 me
3386 5475 3445 5531 in
3477 5474 3712 5531 humili-

2062 5578 2184 5632 tate
2212 5587 2397 5639 mea,»
2420 5568 2480 5623 id
2501 5571 2611 5637 est,
2637 5565 2695 5619 in
2717 5564 3039 5636 dejectione
3059 5564 3233 5636 primi
3262 5563 3540 5638 parentis.
3564 5565 3709 5637 Spes

2065 5663 2323 5743 quidem,
2349 5659 2419 5718 de
2449 5673 2567 5736 qua
2596 5654 2691 5715 hic
2721 5654 2861 5731 agit,
2891 5659 3166 5731 operatur
3191 5654 3251 5713 in
3281 5654 3453 5715 nobis
3476 5654 3708 5731 patienv
