4018 6176
441 356 555 416 6H

839 349 1240 413 numerus
1285 333 1826 408 HALBERSTAT.
1860 339 2112 418 arise.
2138 335 2322 414 om).
2347 342 2576 404 PARS.
2612 342 2659 402 1.
2696 377 2772 386 —
2803 341 3211 404 COMMENT.
3243 341 3431 406 BIBL.
3676 350 3772 410 ειη

443 487 590 544 tiam
621 491 824 544 contra
867 485 1128 550 adversa,
1160 486 1218 537 et
1255 479 1659 554 probationem
1703 477 1764 533 in
1809 474 2088 533 adversis.
2115 473 2180 547 ι
2203 473 2300 530 hic
2330 473 2522 532 ﬁdelis
2550 474 2653 547 qui
2680 473 2944 546 loquitur
2971 474 3226 531 ostendit
3243 491 3509 549 magnum
3536 494 3685 534 suum
3702 495 3780 552 pa-

443 576 547 632 Vel
579 577 637 631 in
667 576 776 631 hoc
807 597 834 624 «
869 569 1170 627 consolata
1196 572 1285 624 est
1314 585 1408 623 me
1439 567 1498 622 in
1531 565 1863 622 humilitate
1894 581 2045 632 mea,
2064 585 2091 612 »

444 665 502 720 id
535 669 645 731 est,
677 663 735 716 in
767 657 1264 726 tribulationibus,
1293 657 1433 729 quia
1461 661 1700 730 propter
1729 671 1894 727 spem
1928 652 2090 708 illam

443 749 852 808 tribulationes
881 747 1073 802 illatas
1095 745 1371 802 sustinui.
1392 771 1418 796 ‹‹
1445 745 1757 801 Consolata
1776 747 1866 798 est
1888 766 1914 791 »
1938 742 2089 809 dico,

444 864 472 890 (ι
505 839 645 912 quia
675 836 975 909 eloquium
1007 841 1201 908 tuum,
1228 859 1254 885 »
1277 835 1335 890 id
1367 839 1458 892 est
1505 835 1851 890 maudatum
1898 837 2090 898 tuum,

444 952 471 978 ‹‹
496 927 804 983 vivificavit
849 944 1010 994 me,»
1031 925 1092 982 id
1123 930 1231 994 cst,
1252 925 1414 981 dedit
1462 923 1608 979 mihi
1649 922 1828 978 vitam
1859 921 2090 977 animas.

443 1017 551 1084 Qui
572 1017 729 1072 enim
750 1015 1077 1072 viviticatur
1097 1013 1396 1086 implendo
1419 1014 1696 1068 mandata
1713 1011 1835 1082 Dei,
1849 1025 2093 1065 securus

443 1123 547 1178 per
577 1106 686 1162 hoc
717 1107 787 1161 de
816 1109 1030 1160 aeterno
1087 1103 1262 1171 bono,
1275 1103 1542 1175 jucunde
1589 1099 1858 1156 miserias
1914 1098 2094 1170 hujus

444 1193 642 1251 saeculi
670 1194 942 1250 sustinet.

518 1284 671 1338 Bene
713 1282 843 1337 dico
888 1281 1044 1354 quod
1075 1305 1102 1330 ‹‹
1139 1279 1442 1352 eloquium
1491 1283 1662 1336 tuum
1709 1274 2038 1343 vivificavit,
2065 1296 2092 1322 »

447 1371 587 1444 quia
615 1387 751 1427 cum
780 1369 1006 1425 inimici
1036 1369 1341 1438 instarent,
1365 1386 1472 1443 ego
1517 1385 1634 1424 non
1665 1365 1874 1434 defeci;
1898 1368 1956 1420 et
1985 1363 2095 1418 hoc

447 1465 538 1516 est
567 1476 581 1516 :
607 1482 634 1510 «
661 1458 900 1531 superbi
932 1458 1132 1528 inique
1173 1458 1442 1530 agebant,
1466 1479 1494 1507 »
1515 1455 1757 1523 scilicet,
1791 1452 1934 1509 mihi
1969 1451 2095 1506 sine

448 1566 628 1604 causa
647 1547 803 1602 mala
823 1547 1180 1614 infercndo,«
1208 1561 1686 1618 usquequaque,»
1703 1543 1761 1598 id
1782 1545 1894 1610 est,
1913 1538 2099 1595 omni-

447 1637 560 1692 bus
583 1635 773 1691 modis
794 1634 1010 1706 quibus
1042 1638 1338 1706 poterant;
1362 1650 1468 1706 ego
1491 1657 1518 1683 ‹‹
1553 1638 1750 1689 autem
1781 1648 1894 1686 non
1926 1627 2098 1685 decli-

449 1724 578 1782 navi
612 1741 647 1778 a
673 1723 802 1796 lege
831 1726 992 1789 tua,»
1013 1721 1073 1776 id
1101 1727 1211 1791 est,
1233 1722 1395 1777 nullo
1418 1723 1590 1778 modo
1621 1739 1726 1794 pro
1745 1720 1830 1776 eis
1850 1716 2094 1774 cessavi.

518 1813 588 1868 Et
607 1829 787 1885 quare
809 1827 923 1865 non
947 1809 1269 1866 declinavi?
1290 1811 1456 1883 Quia,
1475 1828 1508 1866 ο
1530 1833 1558 1861 ‹‹
1583 1809 1848 1876 Domine,
1873 1823 2099 1862 memor

446 1901 529 1958 fui
552 1900 914 1974 judiciorum
948 1902 1184 1954 tuorum
1209 1921 1238 1948 ››
1255 1899 1542 1955 factorum
1563 1921 1590 1949 «
1613 1916 1648 1954 a
1677 1896 1908 1966 szeculo,
1927 1919 1954 1945 »
1975 1893 2094 1952 sci-

447 1991 608 2061 licet,
631 1987 994 2046 consideravi
1016 1987 1172 2059 quod
1194 1988 1350 2044 Deus
1369 2005 1404 2044 a
1432 1987 1622 2060 primo
1645 1987 1810 2059 justo
1830 1985 2100 2042 obedien-

447 2083 537 2136 tes
555 2080 908 2144 remunerat,
922 2073 1283 2148 negligentes
1300 2075 1666 2133 damnat.Vel
1678 2100 1723 2144 ,«
1735 2073 2096 2146 judiciorum

448 2185 483 2224 a
504 2165 736 2239 sazculo,
755 2189 782 2216 »
803 2165 1026 2222 scilicet
1045 2167 1200 2238 quod
1221 2183 1255 2220 a
1277 2165 1508 2234 saeculo,
1526 2165 1585 2220 id
1615 2169 1706 2221 est
1724 2163 1878 2236 quod
1910 2180 1945 2218 a
1972 2162 2094 2234 pri-

449 2272 545 2312 mo
562 2256 748 2327 justo,
764 2254 903 2327 quia
918 2273 952 2310 a
966 2255 1140 2310 domo
1156 2253 1256 2310 Dei
1271 2253 1566 2324 judicium
1585 2253 1812 2325 incipit,
1826 2253 1990 2324 juste
2003 2251 2098 2322 ju-

449 2345 610 2400 dicas
639 2343 772 2400 illos
791 2343 1076 2412 laborare,
1100 2359 1249 2415 quos
1269 2341 1329 2397 in
1350 2343 1464 2399 alio
1485 2341 1696 2398 saaculo
1717 2342 1804 2397 vis
1825 2355 2095 2396 remune-

448 2449 598 2489 rare.
621 2431 785 2488 Unde
814 2432 1031 2488 dicitur
1055 2448 1113 2487 ει(
1139 2431 1419 2504 Flagellat
1455 2432 1609 2488 Deus
1639 2446 1872 2486 omnem
1907 2427 2095 2483 filium

449 2538 625 2594 quem
657 2520 862 2594 recipit
893 2520 1044 2591 (Ileb.
1065 2521 1188 2593 xu).
1215 2543 1242 2569 »
1264 2521 1334 2576 Et
1363 2520 1637 2576 Salomon
1663 2536 1676 2576 :
1702 2518 1808 2584 Qui
1843 2535 1956 2574 non
1987 2516 2098 2572 erit

449 2610 508 2665 in
538 2627 781 2666 numero
821 2609 1268 2683 flagellatorum,
1290 2609 1608 2682 excipietur
1635 2609 1706 2664 de
1735 2609 1908 2664 domo
1941 2606 2094 2662 ﬁlio-

450 2716 582 2756 rum
616 2715 630 2754 :
660 2721 688 2750 «
718 2703 775 2754 et
805 2721 834 2749 »
865 2699 1007 2772 quia
1054 2699 1196 2756 talia
1238 2697 1480 2772 cognovi
1526 2703 1629 2754 tua
1677 2715 1805 2754 esse
1844 2696 2092 2770 judicia,

449 2789 578 2845 ideo
601 2812 628 2838 ‹‹
661 2787 997 2845 consolatus
1025 2805 1158 2844 sum
1193 2812 1222 2839 »
1253 2788 1310 2844 in
1344 2787 1823 2845 tribulationibus
1855 2785 2022 2842 meis.

521 2901 550 2928 ‹‹
581 2876 930 2934 Consolatus
969 2895 1102 2934 sum
1128 2900 1156 2930 »
1191 2879 1262 2934 de
1293 2895 1405 2947 me,
1437 2878 1539 2934 sed
1581 2879 1652 2934 de
1690 2875 2096 2950 peccatoribus

449 2967 638 3038 dolui;
672 2974 730 3024 et
757 2968 866 3024 hoc
894 2972 985 3024 est
1016 2985 1029 3024 :
1055 2991 1082 3018 «
1108 2969 1373 3038 defectio,
1399 2991 1428 3018 »
1451 2968 1509 3023 id
1538 2971 1646 3035 est,
1672 2966 1930 3033 afﬂictio,
1954 2989 1982 3016 ‹‹
2017 2970 2098 3021 te-

449 3057 579 3114 nuit
609 3075 760 3126 me,»
781 3057 1022 3113 afflictio
1051 3061 1109 3112 et
1135 3057 1301 3113 dolor
1328 3057 1479 3125 dico,
1503 3056 1703 3113 habita
1723 3079 1748 3106 ‹‹
1776 3073 1880 3128 pro
1901 3071 2098 3127 pecca-

2198 580 2396 620 vorem
2426 568 2483 619 et
2510 563 2988 630 sollicitudinem,
3017 562 3236 620 scilicet
3262 581 3324 620 se
3351 563 3585 621 multum
3611 565 3783 624 solliei-

2201 657 2328 707 tum
2357 651 2652 725 inquirere
2684 657 2740 708 et
2769 651 3035 708 laborare
3066 653 3354 724 quomodo
3382 653 3452 709 ad
3479 671 3590 709 rem
3615 671 3782 726 spera-

2201 745 2322 795 tam
2353 741 2541 812 possit
2567 741 2887 814 pervenire.
2913 742 3064 798 Nota
3109 741 3248 813 quia
3296 757 3466 812 pavor
3505 747 3588 798 est
3628 744 3783 798 cordis

2201 830 2532 902 trepidatio,
2567 847 2682 886 non
2718 830 3064 902 proveniens
3093 846 3163 885 ex
3191 829 3536 885 fortitudine.

2270 919 2684 976 Continuatio:
2719 919 2853 975 Ideo
2890 917 3173 991 exquisivi
3208 917 3638 990 justiﬁcationes
3662 923 3786 989 tuas,

2201 1008 2357 1081 quia,
2381 1025 2414 1064 o
2443 1029 2464 1058 ι
2489 1009 2734 1064 Domine
2757 1031 2784 1058 »
2807 1012 2870 1064 tu
2892 1025 2955 1064 es
2978 1031 3006 1058 «
3033 1008 3218 1080 portio
3241 1024 3390 1075 mea,
3415 1029 3442 1058 »
3461 1006 3680 1080 scilicet,
3696 1027 3784 1065 non

2199 1096 2347 1170 elegi
2372 1096 2516 1152 mihi
2536 1096 2594 1152 in
2619 1101 2844 1170 partem
2865 1095 3190 1164 aurum,ve1
3212 1095 3433 1168 aliquid
3452 1097 3785 1167 mundanum,

2201 1186 2303 1241 sed
2335 1189 2391 1241 te
2421 1185 2635 1254 solum,
2657 1185 2758 1258 qui
2787 1203 2850 1242 es
2877 1203 3014 1242 vera
3041 1185 3136 1241 via
3177 1185 3250 1242 ad
3291 1184 3682 1242 beatitudinem
3709 1203 3722 1241 :
3745 1191 3788 1242 et

2201 1273 2343 1346 quia
2369 1278 2426 1330 te
2453 1275 2514 1330 in
2545 1279 2770 1347 partem
2799 1275 2969 1347 elegi,
2990 1273 3120 1330 ideo
3141 1296 3169 1324 ‹‹
3203 1273 3380 1343 dixi,»
3399 1272 3456 1329 id
3485 1279 3588 1344 est,
3613 1274 3786 1331 delibe-

2202 1363 2320 1418 ravi
2354 1365 2509 1436 apud
2541 1381 2633 1419 me
2665 1363 2883 1436 ipsum,
2905 1387 2933 1414 «
2968 1363 3264 1420 custodire
3301 1362 3484 1435 legem
3511 1367 3676 1433 tuam,
3699 1387 3721 1412 »
3743 1363 3787 1419 id

2201 1455 2310 1519 est,
2343 1452 2500 1524 quod
2531 1469 2636 1526 ego
2666 1452 2998 1508 custodiam
3030 1450 3220 1524 legem
3253 1455 3414 1508 tuam
3442 1450 3762 1524 complenda.

2273 1541 2389 1596 Nec
2417 1545 2650 1598 tantum
2679 1541 2822 1613 dixi,
2845 1542 2946 1597 sed
2976 1541 3154 1598 etiam
3177 1564 3206 1591 ‹‹
3235 1541 3569 1614 deprecatus
3595 1557 3708 1597 sum
3733 1542 3792 1597 fa-

2203 1630 2351 1686 ciem
2375 1635 2537 1686 tuam
2558 1653 2586 1680 »
2603 1631 2729 1687 dari
2750 1629 2997 1696 mibi,ut
3017 1633 3363 1703 praesentem
3383 1634 3437 1686 te
3455 1629 3663 1686 videam
3680 1628 3790 1685 facie

2203 1719 2277 1775 ad
2308 1719 2516 1775 faciem
2536 1724 2586 1790 (l
2612 1719 2739 1775 Cor.
2763 1719 2908 1792 xm),
2931 1723 2989 1775 et
3016 1735 3369 1792 cognoscam
3400 1717 3546 1774 sicut
3571 1719 3791 1792 cognitus

2204 1826 2338 1865 sum
2364 1825 2376 1864 :
2405 1813 2462 1864 et
2491 1808 2600 1864 hoc
2639 1826 2754 1864 non
2794 1825 3003 1880 parum
3043 1825 3181 1864 sum
3211 1809 3570 1882 deprecatus,
3590 1808 3677 1863 sed
3700 1831 3722 1858 κ
3745 1806 3790 1862 in

2204 1901 2325 1954 toto
2357 1899 2529 1953 corde
2559 1914 2748 1966 meo,»
2771 1897 2829 1953 id
2850 1901 2959 1966 est,
2984 1897 3044 1953 in
3076 1901 3310 1954 tantum
3341 1897 3493 1971 quod
3522 1913 3615 1953 cor
3637 1911 3790 1952 meum

2203 1991 2435 2042 vacaret
2473 1987 2546 2042 ab
2576 1987 2853 2043 omnibus
2882 1986 3035 2054 aliis,
3058 1991 3116 2043 et
3143 1991 3310 2043 tuam
3349 1985 3549 2043 faciem
3583 1985 3792 2041 obtinere

2204 2080 2488 2147 quaereret
2513 2092 2528 2132 :
2552 2081 2609 2132 et
2629 2081 2693 2132 ut
2725 2093 2832 2149 ego
2863 2077 2934 2132 ad
2968 2075 3128 2132 illam
3155 2077 3366 2132 faciem
3398 2075 3607 2148 possim
3637 2091 3790 2146 perve-

2206 2163 2352 2236 nire,
2375 2189 2402 2214 ‹‹
2440 2164 2717 2221 miserere
2749 2165 2939 2233 mei,»
2979 2165 3038 2220 id
3086 2169 3198 2234 est,
3243 2182 3347 2238 per
3391 2163 3789 2220 misericordiam

2203 2256 2366 2308 tuam
2399 2255 2665 2310 condona
2693 2253 2838 2309 mihi
2885 2259 3143 2327 peccata,
3172 2258 3236 2310 et
3263 2253 3460 2327 confer
3504 2252 3634 2308 mihi
3659 2249 3790 2324 spiri-

2202 2342 2393 2398 tualos
2421 2343 2663 2416 gratias,
2683 2366 2710 2394 ‹‹
2737 2344 3062 2400 secundum
3093 2342 3400 2416 eloquium
3423 2346 3600 2410 tuum,
3621 2365 3647 2391 »
3662 2341 3792 2396 idest

2203 2431 2624 2503 promissiones
2653 2436 2810 2488 tuas.

2273 2521 2345 2576 Et
2374 2525 2441 2576 ut
2467 2521 2739 2577 ostendat
2768 2538 2830 2578 se
2850 2521 3097 2596 dignum
3119 2523 3215 2578 cui
3242 2523 3381 2594 jure
3406 2523 3506 2577 fiat
3532 2519 3794 2576 misericoe

2203 2609 2320 2678 dia,
2349 2610 2606 2666 ostendit
2653 2627 2716 2667 se
2763 2627 3108 2669 conversum
3140 2629 3176 2667 a
3205 2627 3482 2684 perversa
3506 2610 3611 2675 via,
3630 2625 3726 2664 non
3747 2623 3798 2662 ex

2203 2697 2453 2767 levitate,
2477 2699 2577 2756 sed
2622 2716 2839 2773 magna
2867 2700 3238 2773 cogitatione.
3275 2697 3793 2764 Continuatio:ldeo,

2203 2803 2427 2858 precor,
2450 2787 2744 2858 miserere,
2759 2788 2900 2860 quia
2920 2811 2948 2838 «
2972 2787 3152 2857 vias,»
3176 2787 3237 2844 id
3270 2792 3361 2846 est
3379 2805 3603 2862 opera,«
3623 2802 3794 2850 meas,»

2201 2874 2258 2930 id
2293 2882 2401 2948 est,
2424 2895 2551 2950 qua:
2581 2877 2903 2933 secundum
2936 2893 3029 2933 me
3063 2895 3192 2950 ago,
3215 2895 3357 2950 quae
3387 2893 3606 2951 semper
3624 2872 3793 2932 suntin

2204 2965 2512 3039 peccatis,«
2528 2963 2797 3038 cogitavi,
2809 2987 2828 3014 ι
2839 2965 2897 3020 id
2913 2963 3309 3038 est,diligenti
3327 2965 3540 3024 ratione
3553 2961 3791 3038 inquisivi,

2205 3059 2262 3112 et
2282 3055 2467 3112 malas
2487 3053 2752 3126 cognovi,
2775 3058 2834 3109 et
2851 3053 2979 3109 ideo
2998 3076 3026 3106 «
3049 3055 3315 3112 converti
3337 3056 3528 3129 pedes,
3551 3071 3734 3122 meos,»
3750 3049 3792 3105 id

448 3146 678 3200 toribus
709 3161 723 3200 :
749 3167 776 3193 »
809 3162 926 3200 non
975 3145 1114 3216 quia
1153 3145 1300 3200 mihi
1349 3145 1506 3201 mala
1552 3144 1960 3213 inferentibus,
1993 3143 2095 3198 sed
2136 3212 2156 3216 Δ
2205 3143 2640 3201 estaffectioues
2659 3143 2951 3210 meas,«in
2968 3144 3472 3202 testimonium“
3488 3141 3791 3216 complenda.

450 3233 590 3304 quia
619 3255 648 3282 ‹‹
679 3232 1222 3304 derelinquentibus
1250 3233 1436 3306 legem
1469 3237 1651 3288 tuam.
1671 3255 1700 3284 ι»

523 3321 630 3376 Pro
659 3319 777 3374 illis
825 3320 1191 3392 deﬁeiebam,
1223 3322 1324 3376 sed
1357 3326 1422 3377 ut
1449 3339 1484 3377 a
1511 3338 1607 3378 me
1635 3338 1809 3378 omne
1855 3321 2096 3376 tmdium

451 3408 764 3478 auferrem,
785 3409 1096 3466 cantabam
1118 3407 1366 3466 Domino
1388 3408 1651 3482 psalmos
1672 3414 1731 3466 et
1760 3409 2008 3482 hymnos
2036 3409 2096 3465 in

451 3497 624 3552 corde
657 3514 816 3567 meo;
843 3501 901 3554 et
929 3497 1040 3555 hoc
1069 3502 1194 3555 est:
1231 3499 1500 3556 existenti
1525 3521 1553 3550 ‹‹
1580 3499 1639 3554 in
1676 3498 1802 3554 loco
1841 3499 2096 3573 peregri-

451 3585 707 3644 nationis
729 3603 930 3656 meze,»
949 3587 1008 3644 in
1031 3587 1140 3644 hac
1162 3587 1299 3656 vita,
1315 3605 1433 3662 qua
1453 3605 1546 3644 me
1575 3588 1948 3662 peregrinum
1971 3606 2098 3645 esse

449 3693 812 3750 cognosco,«
845 3682 1011 3733 erant
1067 3677 1211 3732 mihi
1271 3677 1596 3734 cantabiles
1644 3678 2098 3750 justiticationcs

450 3768 588 3832 tum,
614 3789 641 3816 ››
664 3765 722 3821 id
755 3769 844 3822 est
872 3764 1087 3840 psalmi
1110 3771 1168 3822 et
1187 3765 1411 3840 hymni,
1436 3767 1536 3838 qui
1559 3766 1858 3824 hominem
1883 3766 2100 3839 justiﬁ-

449 3859 586 3911 cant
631 3871 776 3927 pure
825 3859 1180 3923 cantantem,
1205 3856 1378 3928 juxta
1434 3855 1580 3912 illud
1638 3855 1902 3929 Apostoli
1933 3872 2000 3912 ια
2035 3855 2099 3911 In

449 3942 686 4016 hymnis
705 3948 763 3999 ct
791 3943 1059 4016 psalmis,
1083 3949 1142 4000 et
1161 3944 1406 4001 canticis
1428 3943 1860 4018 spiritualibus,
1885 3944 1944 4000 in
1976 3960 2104 4018 gra-

451 4032 536 4086 tia
563 4036 868 4087 cantantes
897 4033 958 4088 in
991 4034 1266 4090 cordibus
1297 4033 1508 4092 vestris
1537 4035 1654 4094 Deo
1673 4036 1820 4104 (Col.
1844 4038 1951 4104 ιιι).
1980 4057 2008 4083 ››

525 4118 660 4173 Ideo
700 4119 1157 4190 justiﬁcationes
1213 4124 1453 4180 fuerunt
1499 4123 1841 4194 cantabiles,
1876 4123 2036 4196 quia,
2069 4139 2102 4178 ο

454 4229 482 4256 ‹‹
507 4205 772 4274 Domine,
797 4205 858 4260 in
879 4212 1070 4276 nocte,
1097 4230 1125 4256 »
1149 4209 1207 4264 id
1227 4215 1336 4277 est,
1357 4211 1416 4265 in
1455 4215 1716 4285 tempore
1745 4211 2102 4284 persecutio-

451 4293 604 4359 nis,«
628 4293 712 4349 fui
737 4309 964 4350 memor
984 4295 1241 4352 nominis
1265 4297 1408 4364 tui,»
1431 4297 1488 4354 id
1511 4303 1617 4368 est,
1637 4301 1878 4371 cognovi
1903 4305 1956 4355 te
1975 4317 2106 4356 esse

453 4381 792 4454 Dominum,
817 4400 911 4438 me
944 4399 1198 4454 servum,
1220 4389 1278 4440 et
1298 4386 1533 4456 justum
1561 4403 1690 4442 esse
1719 4387 1876 4458 quod
1908 4387 2106 4442 Domi-

455 4488 569 4526 nus
597 4471 882 4545 corrigat;
907 4495 934 4522 «
967 4476 1024 4528 et
1057 4495 1086 4523 »
1116 4472 1247 4530 ideo
1269 4497 1296 4525 ‹‹
1329 4474 1617 4530 custodivi
1649 4474 1835 4547 legem
1865 4479 2050 4546 tuam,
2074 4497 2102 4525 »

2123 3212 2166 3279 C
2275 3235 2414 3290 Dico
2458 3257 2486 3285 ‹‹

2547 3233 2826 3300 converti,
2887 3255 2917 3283 »
2973 3232 3056 3288 sic
3115 3233 3278 3305 quod
3338 3232 3562 3290 etiamsi
3609 3230 3795 3288 veniant

2206 3323 2380 3391 mala,
2405 3347 2434 3374 «
2457 3326 2695 3396 paratus
2724 3339 2858 3378 sum
2891 3326 2956 3378 ut
2993 3321 3332 3379 custodiam
3364 3323 3624 3380 mandata
3649 3325 3751 3385 tua;
3772 3340 3788 3365 ι

2205 3412 2306 3468 sed
2327 3413 2466 3486 quia
2486 3416 2726 3485 paratus
2747 3427 2903 3479 sum,
2927 3410 3057 3468 ideo
3077 3427 3214 3467 cum
3239 3412 3403 3470 mala
3421 3411 3688 3482 veniunt,«
3706 3421 3793 3463 non

2205 3518 2337 3558 sum
2369 3501 2660 3558 turbatus.
2686 3523 2714 3550 »

2275 3591 2490 3646 Contra
2518 3590 2659 3663 quid
2705 3589 2987 3662 paratus?
3014 3593 3224 3646 Contra
3268 3595 3510 3664 peccata
3534 3589 3614 3648 vel
3657 3587 3797 3644 tribu-

2206 3679 2475 3748 lationes,
2508 3697 2636 3752 quae
2668 3695 2762 3736 me
2800 3679 3064 3752 undique
3102 3679 3624 3748 circumvallantes,
3645 3676 3800 3734 volunt

2206 3768 2559 3842 illaqueare;
2591 3773 2650 3825 et
2679 3769 2788 3825 hoc
2819 3772 2909 3825 est
2937 3769 3089 3841 quod
3113 3767 3296 3827 dicit:
3326 3794 3354 3822 «
3381 3771 3564 3827 Funes
3591 3766 3800 3842 peccato-

2210 3875 2402 3927 rum,»
2425 3859 2483 3914 id
2515 3863 2604 3914 est
2651 3862 2908 3931 peccata,
2941 3857 3165 3915 scilicet
3209 3858 3611 3933 suggestiones
3638 3850 3804 3920 θαι-πίε,

2210 3966 2337 4022 quae
2368 3951 2510 4005 sunt
2542 3947 2712 4004 funes
2745 3947 2962 4020 quibus
3002 3946 3219 4021 ligatur
3256 3952 3546 4020 peccator,
3567 3963 3631 4002 ne
3665 3939 3807 4016 possit

2209 4037 2518 4094 extendere
2560 4051 2623 4092 se
2663 4035 2736 4090 ad
2776 4035 2960 4092 bonos
3003 4040 3170 4092 actus
3195 4053 3208 4092 :
3233 4035 3324 4092 illi
3355 4037 3522 4093 funes
3542 4058 3568 4087 ‹‹
3590 4036 3712 4090 sunt
3738 4043 3806 4084 me

2212 4123 2645 4198 circumplexi,»
2670 4123 2809 4196 quia
2827 4125 3200 4181 circumdant
3229 4142 3304 4181 ex
3323 4125 3482 4183 omni
3505 4128 3673 4198 parte,
3692 4140 3712 4167 ι
3727 4120 3772 4173 ει
3787 4136 3803 4162 ο

2212 4220 2412 4271 tamen
2438 4238 2459 4266 ι
2495 4213 2685 4288 legem
2705 4217 2870 4270 tuam
2900 4231 3016 4270 non
3045 4231 3180 4270 sum
3211 4214 3494 4286 oblitus,»
3514 4213 3610 4272 sed
3627 4221 3810 4280 semper

2213 4321 2344 4360 eam
2404 4303 2464 4360 in
2524 4306 2718 4360 mente
2773 4303 2978 4359 habui.
3012 4303 3176 4361 Unde
3229 4303 3546 4378 Apostolus
3581 4319 3642 4360 :«
3670 4295 3807 4352 Video

2214 4394 2391 4450 aliam
2412 4393 2602 4466 legem
2624 4393 2682 4448 in
2704 4397 2899 4449 mente
2921 4409 3069 4463 mea,
3091 4398 3518 4466 repugnantem
3538 4390 3643 4464 legi
3659 4383 3810 4446 carnis

2215 4501 2357 4540 mea:
2383 4484 2560 4552 (Rom.
2584 4481 2707 4554 vn).
2733 4507 2756 4534 ι
2778 4480 2881 4538 Vel
2912 4482 3083 4538 funes
3113 4499 3435 4554 possumus
3465 4481 3642 4537 dicere
3666 4475 3809 4532 tribu-

454 4559 513 4615 id
544 4565 652 4630 est,
679 4561 1024 4634 patientiam
1053 4563 1216 4630 Jesu,
1239 4581 1367 4636 quae
1398 4564 1458 4618 in
1490 4563 1615 4637 lege
1645 4565 2002 4637 praecipitur.
2027 4587 2055 4614 »
2133 4579 2181 4645 D
2211 4573 2481 4638 lationes,
2513 4571 2731 4642 quibus
2770 4568 3165 4642 illaqucantur
3203 4571 3505 4640 homines;
3528 4593 3556 4620 α
3599 4567 3810 4641 peccato-

524 4650 596 4705 Et
617 4674 644 4700 ‹‹
668 4650 788 4705 hanc
814 4674 842 4700 »
861 4669 992 4720 nox,
1019 4652 1076 4710 id
1099 4656 1206 4722 cst,
1226 4653 1547 4722 tribulatio,
1564 4674 1592 4705 ι(
1614 4654 1766 4710 facta
1788 4658 1879 4710 est
1905 4653 2051 4710 mihi
2077 4677 2104 4704 ››

454 4755 569 4794 non
602 4756 705 4811 pro
735 4741 1050 4797 commisso
1077 4759 1226 4808 meo,
1251 4744 1352 4798 sed
1375 4767 1400 4793 υ
1425 4743 1564 4816 quia
1583 4743 1864 4816 exquisivi
1888 4744 2106 4816 justiti-

453 4825 714 4884 cationes
747 4831 880 4883 tuas
902 4852 929 4879 »
955 4846 1053 4884 eas
1092 4829 1335 4901 implere
1366 4831 1726 4890 desiderans.
1752 4833 1900 4889 Nota
1945 4834 2104 4906 quod

454 4941 481 4968 ‹‹
516 4917 638 4973 haec
671 4940 700 4966 »
734 4934 851 4974 non
899 4922 1090 4990 potest
1135 4919 1333 4975 referri
1365 4921 1437 4975 ad
1469 4920 1656 4993 legem
1687 4923 1797 4979 hoc
1845 4924 1905 4979 in
1954 4923 2102 4996 loco,

453 5006 612 5079 quia,
647 5011 899 5063 testante
926 5007 1275 5078 Augustino,
1298 5009 1354 5063 in
1385 5010 1581 5065 Graeca
1607 5012 1988 5069 translatione
2017 5018 2107 5070 est

452 5094 543 5152 lex
575 5095 888 5154 masculini
907 5096 1139 5170 generis
1162 5112 1176 5151 :
1201 5096 1359 5153 istud
1379 5113 1514 5153 vero
1533 5115 1852 5170 pronomen
1876 5125 1904 5151 «
1931 5102 2051 5158 base
2077 5127 2104 5153 ››

455 5183 577 5239 illic
634 5185 884 5242 habetur
928 5185 1192 5242 feminini
1227 5204 1240 5242 :
1275 5204 1456 5261 quare
1486 5205 1623 5261 ergo
1653 5191 1983 5247 necessario
2031 5194 2103 5248 ad

457 5289 673 5328 «nox»
707 5277 1032 5332 secundum
1079 5276 1187 5332 hoc
1216 5277 1372 5350 quod
1423 5277 1719 5351 signiﬁcat
1767 5281 2105 5352 peregrina-

456 5360 700 5430 tionem,
734 5365 1002 5421 refertur.

1210 5457 1366 5508 Heth.

531 5557 560 5586 α
583 5537 772 5595 Portio
802 5559 953 5609 mea,
978 5544 1243 5602 Domine.
1263 5571 1290 5597 »
1313 5547 1442 5603 Hmc
1473 5547 1668 5604 littera
1697 5549 2113 5623 interpretatur

453 5641 645 5706 pavor,
679 5642 805 5701 quis
853 5631 1000 5688 bene
1032 5635 1428 5707 prwscribitur
1452 5637 1590 5700 huic
1629 5639 1947 5719 octonario,
1973 5642 2113 5726 quia

2216 4679 2406 4730 rum,»
2431 4661 2488 4714 id
2519 4663 2626 4725 est,
2651 4676 2800 4731 quos
2829 4659 3002 4714 funes
3032 4664 3368 4731 peccatores
3399 4657 3720 4716 immittunt.

2285 4751 2424 4806 Dico
2449 4772 2470 4798 σι
2492 4765 2608 4804 non
2635 4765 2768 4804 sum
2790 4747 3030 4814 oblitus,
3045 4771 3065 4798 ι
3087 4748 3190 4803 sed
3221 4749 3420 4822 potius
3437 4772 3463 4800 ‹‹
3489 4744 3668 4803 media
3683 4739 3811 4796 nocte

2213 4840 2528 4912 surgebam
2561 4838 2634 4894 ad
2665 4838 3062 4893 confitendum
3095 4837 3262 4892 tibi.»
3283 4839 3370 4893 Ad
3401 4830 3815 4894 litteram:Sur-

2213 4933 2363 5002 gunt
2409 4928 2566 4982 enim
2625 4926 2882 4999 religiosi
2912 4925 3020 4982 viri
3053 4925 3112 4980 in
3144 4931 3314 4983 nocte
3372 4927 3447 4982 ad
3503 4917 3811 5002 laudandum

2214 5001 2508 5088 Deum,ex
2537 5015 2644 5070 hoc
2675 5015 2802 5072 loco
2824 5015 3104 5072 facientes
3134 5015 3247 5072 sibi
3271 5015 3618 5088 exemplum,
3638 5013 3689 5066 et
3705 5001 3815 5077 quia

2215 5105 2412 5162 media
2443 5107 2609 5160 nocte
2650 5103 2946 5177 percussis
2983 5105 3264 5178 Egyptis,
3287 5103 3551 5162 liberavit
3577 5093 3812 5156 Dominus

2215 5193 2500 5270 populum
2531 5211 2706 5249 suum
2737 5193 2930 5264 (Exod.
2953 5198 3100 5264 xm).
3129 5193 3446 5267 Item,quia
3473 5190 3657 5248 media
3681 5185 3813 5270 nocte

2216 5267 2631 5358 processerunt
2684 5283 2940 5356 virgines
2986 5281 3098 5340 illa:
3137 5283 3363 5341 obviam
3413 5295 3620 5355 spenso
3645 5267 3811 5366 (HM:

2217 5357 2368 5447 xxv).
2396 5373 2540 5429 Item
2572 5372 2712 5446 quia
2741 5372 2934 5429 media
2965 5377 3133 5430 nocte
3171 5373 3405 5440 dicitur,
3429 5369 3579 5443 quod
3609 5357 3816 5422 surrexit

2220 5463 2505 5520 Dominus
2563 5461 2770 5532 (Matth.
2818 5466 3040 5531 xxvm).
3092 5463 3236 5518 Item
3263 5460 3401 5536 quia
3448 5455 3632 5516 media
3683 5449 3815 5536 nocte

2218 5557 2500 5609 venturus
2520 5529 2610 5608 est
2625 5551 2913 5622 judicare,
2935 5529 3092 5623 quod
3113 5529 3310 5608 tamen
3331 5551 3590 5622 ignotum
3607 5529 3815 5623 est:

2221 5643 2397 5703 etiam
2431 5659 2502 5702 ex
2527 5619 2718 5722 verbis
2748 5619 3044 5717 Evangelii
3085 5619 3449 5718 perpendam
3473 5635 3716 5714 quidam,
3733 5619 3815 5682 ubi
