4060 6180
355 307 474 370 619

778 299 1186 365 HAYMONIS
1217 300 1320 359 HA
1334 292 1760 357 LBERSTA’I‘.
1795 281 2033 364 EPISG,

2148 283 2248 344 ΡΙ).
2280 283 2483 345 PARS
2509 283 2557 344 Ι.
2594 319 2671 327 -
2700 281 3110 345 COMMENT.
3150 280 3341 341 BIBL.

3646 277 3767 338 620

358 440 498 499 mici
522 455 537 495 :
560 438 690 495 ideo
709 435 840 492 dico
863 447 1041 505 super
1059 428 1352 497 inimicos,
1388 456 1413 480 (ι
1446 425 1629 499 quia»
1660 422 2006 479 mandatum
2034 416 2092 484 Α
2120 432 2290 488 nans.
2324 418 2552 484 Quanto
2582 414 2741 473 enim
2773 414 2971 488 potius
3003 416 3276 486 operatur
3333 408 3570 505 aliquis,
3601 409 3768 505 tanto

356 532 530 585 tuum
555 547 579 573 «ι
603 528 692 582 est
734 522 879 579 mihi
921 521 978 576 in
1021 522 1329 584 aeternum,
1362 536 1386 558 ιν
1421 516 1479 571 id
1508 518 1599 571 est
1627 512 1790 568 ducit
1821 526 1913 565 me
1943 508 2016 564 ad

361 615 768 684 aeternitatem,
800 611 957 683 quod
992 626 1107 664 non
1141 607 1278 663 facit
1306 605 1587 660 inimicis.

428 706 557 759 Non
586 704 820 757 tantum
852 715 1028 770 super
1068 696 1360 769 quoslibet
1387 694 1657 749 inimicos
1692 708 1783 746 me
1816 688 2019 744 fecisse

363 789 844 866 prudentem,sed
867 786 1045 843 etiam
1072 808 1092 836 α
1114 802 1292 857 super
1311 801 1516 839 omnes
1539 785 1813 837 docentes
1834 795 1926 833 me
1941 778 2023 831 in-

357 878 683 949 tellexi,»id
702 880 793 949 est
809 892 989 948 super
1006 873 1230 930 scribas
1247 876 1305 928 et
1322 872 1641 945 pharismos
1657 874 1714 925 et
1730 866 2024 941 quoslibet

361 968 532 1038 alios,
553 966 655 1041 qui
689 982 784 1022 me
816 968 1037 1022 sectam
1068 962 1283 1018 erroris
1312 961 1586 1016 volebant
1616 960 1820 1014 docere
1846 973 1859 1011 :
1893 956 2024 1010 ideo

364 1058 450 1115 sic
481 1054 919 1126 intellexi,quia
949 1052 1185 1108 assidue
1217 1050 1408 1123 cogito
1439 1050 1509 1104 de
1539 1046 1834 1103 mandatis
1868 1043 1983 1099 tuis
2008 1061 2020 1098 :

365 1151 425 1204 et
453 1147 565 1203 hoc
594 1148 704 1216 est,
743 1167 771 1194 «
807 1141 945 1214 quia
976 1138 1316 1197 testimonia
1372 1143 1477 1194 tua
1535 1135 1837 1192 meditatio
1897 1149 2027 1188 mea

368 1236 478 1292 est.
513 1256 542 1284 »
1743 1248 1747 1251 ’

441 1323 515 1378 Et
532 1321 690 1378 inter
709 1324 948 1377 caeteros
966 1319 1233 1374 doctores
1254 1339 1282 1365 «
1307 1313 1561 1370 intellexi
1595 1330 1770 1386 super
1789 1328 1980 1379 senes,
1994 1332 2024 1360 »

368 1411 429 1467 id
447 1413 539 1476 est
559 1426 738 1483 super
757 1407 1120 1480 antiquiores
1140 1408 1199 1460 et
1219 1403 1458 1460 altiores
1489 1402 1807 1476 sapientes,
1835 1404 1893 1456 et
1919 1399 2029 1455 hoc

369 1499 528 1568 ideo,
561 1521 591 1549 «
625 1490 765 1571 quia
793 1496 1073 1553 mandata
1100 1498 1203 1550 tua
1232 1491 1544 1566 quaesivi.»

448 1611 479 1639 ‹‹
492 1587 683 1660 Super
702 1602 872 1643 senes
894 1582 1204 1652 intellexi,»
1218 1586 1275 1637 et
1288 1579 1590 1654 «prohibui
1609 1580 1786 1652 pedes
1809 1594 2031 1647 meos,»

373 1677 434 1733 id
466 1680 559 1733 est
611 1674 952 1732 affectiones
999 1689 1185 1744 meas,
1220 1698 1245 1722 (ι
1278 1671 1350 1726 ab
1383 1669 1543 1725 omni
1572 1668 1664 1725 via
1690 1667 1848 1723 mala
1879 1689 1906 1715 »
1937 1683 2033 1722 eo-

375 1766 627 1823 rum:ad
650 1764 762 1821 hoc
785 1762 1083 1838 prohibui,
1110 1785 1139 1812 «
1157 1763 1272 1816 ut»
1299 1776 1472 1833 opere
1496 1781 1524 1809 ‹‹
1547 1758 1877 1814 custodiam
1908 1773 2031 1812 ver-

374 1857 452 1914 ba
479 1860 603 1912 tua.
637 1884 663 1910 ι)

447 1968 476 1996 ‹‹
502 1944 900 2012 Custodiam,»
930 1945 987 1997 et
1008 1966 1031 1990 «
1056 1957 1172 1996 non
1196 1938 1478 1994 declinavi
1506 1936 1799 2009 ajudiciis
1830 1935 1969 2004 tuis,
2004 1957 2032 1984 »

377 2033 519 2106 quia
546 2033 629 2088 ita
656 2032 835 2086 etiam
864 2026 1174 2095 custodivi,
1204 2027 1359 2098 quod
1393 2026 1451 2079 in
1486 2025 1647 2081 nullo
1674 2024 1966 2079 deviarem
1999 2040 2034 2078 a

376 2117 685 2194 praeceptis
708 2118 851 2174 tuis.
873 2118 1005 2173 Ideo
1038 2132 1153 2187 non
1186 2113 1492 2182 declinavi,
1526 2142 1550 2166 ι(
1578 2113 1717 2184 quia
1748 2116 1812 2167 tu
1843 2111 2032 2184 legem

377 2207 627 2280 posuisti
644 2206 790 2262 mihi
804 2227 827 2251 »
842 2222 970 2278 quae
988 2221 1081 2260 me
1101 2201 1396 2258 cohiberet
1416 2217 1785 2274 perseverare
1798 2201 1856 2255 in
1874 2217 2034 2255 man-

379 2293 532 2351 datis
562 2292 703 2350 tuis.

451 2382 593 2440 Dico
621 2374 899 2450 intellexi,
932 2383 989 2436 et
1014 2379 1270 2452 implevi,
1304 2382 1362 2434 et
1393 2377 1523 2435 aliis
1575 2378 1941 2446 annuntiavi,
1973 2379 2033 2433 in

382 2488 502 2544 quo
522 2472 758 2527 fuerunt
780 2491 808 2520 «
829 2468 1060 2541 eloquia
1081 2472 1182 2524 tua
1200 2488 1227 2521 an
1266 2467 1464 2524 dulcia
1490 2491 1517 2518 ‹‹
1540 2467 1807 2523 faucibus
1829 2466 2032 2536 meis,»

384 2564 444 2616 et
473 2582 501 2610 «
533 2574 711 2632 quam
743 2556 958 2627 dulcia,
978 2580 1005 2606 »
1035 2557 1093 2612 id
1126 2560 1238 2626 est,
1270 2555 1494 2610 inﬁnite
1524 2556 1761 2611 fuerunt
1791 2554 1986 2611 dulcia
2018 2572 2031 2610 :

385 2647 583 2705 dulcia
627 2647 758 2703 dico
782 2668 812 2698 «
833 2663 1011 2718 super
1040 2644 1153 2701 mel
1180 2645 1264 2700 ori
1299 2662 1450 2716 meo,
1483 2644 1541 2698 id
1575 2649 1663 2700 est
1693 2644 1826 2717 plus
1856 2661 2033 2717 quam

273 2769 276 2772 ~
387 2736 503 2794 mel
534 2736 613 2794 sit
640 2735 811 2792 dulce
839 2735 985 2791 mihi
1015 2734 1297 2808 gustanti.

455 2824 701 2898 Eloquia
729 2825 967 2881 fuerunt
997 2824 1142 2879 mihi
1174 2823 1390 2892 dulcia,
1413 2826 1471 2878 et
1501 2846 1523 2870 ‹‹
1556 2827 1863 2895 propterea
1879 2823 2034 2878 viam

386 2913 716 2987 iniquitatis
733 2912 923 2969 odivi»
942 2911 1104 2968 illam
1121 2929 1392 2968 «omnem
1418 2927 1482 2991 ;'»
1505 2916 1563 2967 et
1591 2915 1657 2967 ut
1684 2911 1791 2967 hoc
1814 2913 2033 2968 bonum

384 3003 816 3076 comprobatur,
849 3001 1108 3058 ostendit
1157 3002 1562 3057 auctoritatem
1613 3005 2034 3074 praeceptorum

383 3090 662 3162 Dei,cum
693 3090 871 3145 dicit:
910 3110 934 3135 ‹‹
967 3106 1001 3143 a
1030 3089 1326 3144 mandatis
1356 3088 1530 3156 tuis,»
1564 3106 1596 3143 o
1626 3089 1890 3157 Domine,
1923 3089 2032 3144 hoc

2126 504 2317 578 magis
2372 504 2743 561 illuminatur
2798 501 3124 576 cognitione
3156 501 3273 558 Dei.
3300 499 3426 568 Vel,
3454 522 3482 549 «
3514 496 3775 553 Verbum

2126 598 2316 664 tuum,
2351 616 2379 644 »
2411 593 2469 649 id
2499 597 2589 648 est
2619 592 2800 648 Filius
2825 597 2984 662 tuus,
3019 591 3205 646 factus
3250 589 3490 644 lucerna
3536 603 3640 659 per
3684 600 3779 640 as-

2128 688 2425 755 sumptam
2459 699 2713 738 carnem.
2751 682 2917 738 Sicut
2966 679 3122 736 enim
3153 678 3213 734 in
3244 678 3484 734 lucerna
3530 676 3784 732 habetur

2127 772 2329 827 lumen
2369 776 2428 827 et
2464 775 2636 843 testa,
2668 772 2749 826 ita
2778 770 2838 826 in
2871 769 3100 827 Christo
3132 767 3410 824 divinitas
3439 765 3643 821 lumen
3670 769 3780 834 est,

2129 861 2472 917 humanitas
2494 860 2663 933 quasi
2686 864 2837 916 testa
2857 859 3163 914 continens
3190 858 3388 912 lumen
3416 873 3428 913 :
3450 873 3581 927 qua:
3601 854 3784 910 lucer-

2132 968 2210 1007 na
2237 950 2535 1006 illuminat
2566 950 2743 1022 pedes
2802 966 2984 1015 meos,
3014 948 3070 1002 id
3101 949 3189 1002 est
3218 949 3519 1019 promovet
3548 944 3624 1000 ad
3651 943 3782 1010 hoc,

2133 1044 2199 1095 ut
2220 1039 2442 1111 possim
2459 1039 2585 1110 jam
2617 1038 2764 1093 bene
2788 1037 2935 1093 velle
2963 1053 2976 1092 :
3010 1040 3067 1091 et
3098 1035 3250 1090 idem
3278 1034 3520 1090 verbum
3551 1038 3646 1089 est
3674 1034 3785 1088 fac-

2133 1132 2261 1184 tum
2292 1127 2493 1183 lumen
2553 1127 2782 1183 semitis
2841 1126 3009 1192 meis,
3042 1125 3099 1179 id
3131 1127 3221 1180 est
3247 1123 3467 1180 strictis
3496 1127 3554 1179 et
3584 1122 3786 1179 arduis

2134 1215 2409 1289 operibus
2443 1233 2456 1270 :
2491 1233 2607 1272 non
2636 1215 2781 1271 dicit
2820 1214 3079 1282 lucerna,
3112 1213 3212 1269 sed
3249 1236 3269 1263 ι
3303 1211 3504 1269 lumen
3537 1230 3551 1269 ε
3583 1236 3613 1265 ))
3648 1212 3789 1286 quia

2136 1309 2357 1378 quanto
2388 1304 2623 1361 arctiori
2657 1304 2868 1360 semita
2895 1303 3012 1359 Deo
3043 1300 3242 1369 servit,
3274 1304 3437 1356 tanto
3466 1302 3666 1373 majus
3695 1299 3785 1356 lu-

2136 1410 2271 1450 men
2302 1393 2500 1461 habet,
2531 1397 2589 1449 et
2617 1392 3010 1467 cognitionem
3062 1391 3135 1446 de
3181 1388 3313 1463 ipsa
3363 1388 3666 1446 divinitate
3700 1407 3788 1446 re-

2137 1482 2297 1556 cipit.

2207 1572 2281 1628 Et
2301 1570 2440 1644 quia
2458 1569 2728 1627 voluntas
2758 1586 2862 1643 per
2890 1572 2945 1626 te
2976 1568 3368 1637 illuminatur,
3389 1571 3447 1625 et
3472 1567 3532 1624 in
3563 1566 3791 1625 semitis

2140 1660 2341 1716 lumen
2371 1659 3025 1733 przebes,scilicet,quia
3054 1675 3121 1715 ex
3151 1661 3209 1714 te
3238 1673 3473 1714 omnem
3502 1656 3793 1714 habemus

2140 1749 2652 1821 illuminationem,
2675 1748 2804 1805 ideo
2838 1770 2867 1800 «
2888 1748 3084 1821 juravi
3116 1752 3174 1804 et
3205 1747 3404 1817 statui,
3432 1770 3461 1797 »
3485 1746 3545 1803 id
3574 1750 3668 1803 est
3696 1748 3790 1803 tir-

2141 1839 2315 1895 miter
2369 1837 2681 1894 deliberavi
2743 1860 2771 1889 «
2804 1835 3099 1894 custodire
3142 1835 3371 1908 judicia
3401 1858 3431 1886 ››
3478 1853 3608 1909 qua
3656 1840 3795 1894 sunt

2132 1926 2381 2000 justitiae
2401 1927 2601 1995 tuae,id
2622 1931 2865 2000 est,quze
2887 1931 2950 1983 tu
2984 1925 3127 1981 facis
3158 1941 3262 1998 per
3289 1928 3453 1981 tuam
3472 1925 3792 1998 justitiam.

2140 2017 2409 2073 Custodit
2446 2015 2542 2072 ille
2586 2016 2834 2089 judicia,
2867 2015 3007 2088 quia
3051 2014 3102 2071 si
3147 2014 3365 2071 habeat
3415 2015 3793 2073 adversitates

2143 2122 2256 2160 non
2292 2105 2708 2178 frangitur,sed
2733 2104 2959 2176 judicio
2989 2104 3092 2161 Dei
3123 2103 3235 2160 sibi
3268 2103 3393 2159 dari
3422 2103 3718 2179 intelligit.
3734 2106 3793 2163 Si

2141 2198 2340 2249 autem
2372 2193 2818 2266 prosperitatem
2847 2193 3081 2261 habeat,
3095 2209 3212 2249 non
3241 2191 3561 2265 extollitur,
3579 2194 3682 2250 sed
3713 2211 3795 2252 se-

2141 2283 2405 2339 cundum
2435 2283 2537 2338 Dei
2566 2282 2932 2339 voluntatem
2961 2281 3297 2354 dispensat:
3318 2281 3447 2338 dico
3476 2282 3793 2353 custodire,

2135 2371 2329 2443 juravi
2376 2372 2556 2427 etiam
2606 2372 2923 2439 custodire,
2956 2370 3015 2427 id
3047 2375 3137 2428 est
3166 2371 3320 2427 sicut
3349 2370 3686 2441 deliberavi,
3718 2373 3797 2430 ita

2143 2460 2434 2516 stabiliter
2462 2460 2767 2533 complevi.

2214 2548 2361 2615 Quia
2390 2548 2569 2605 statui
2619 2549 2933 2617 custodire,
2968 2549 3097 2605 ideo
3133 2571 3161 2599 (ι
3194 2565 3326 2609 sum
3357 2548 3735 2621 humiliatus,
3766 2574 3794 2601 »

2144 2638 2201 2692 id
2224 2642 2314 2694 est
2333 2638 2588 2693 afﬂictus
2610 2661 2636 2687 ‹‹
2664 2653 3145 2711 usquequaque,»
3177 2637 3235 2693 id
3267 2641 3357 2694 est
3384 2655 3455 2694 ex
3483 2639 3646 2695 omni
3670 2657 3796 2713 par-

2142 2729 2199 2781 te
2228 2730 2285 2782 et
2313 2726 2473 2782 omni
2502 2743 2713 2799 genere
2743 2725 3245 2798 afﬂictionis,quia
3275 2726 3568 2784 stabiliter
3594 2727 3794 2785 obser-

2141 2815 2351 2871 vabam
2383 2815 2610 2887 judicia
2635 2819 2693 2871 et
2724 2814 3063 2872 testimonia
3089 2819 3213 2872 tua.
3246 2814 3604 2874 Humiliatus
3636 2833 3793 2889 sum,

2143 2905 2339 2974 sed,tu
2374 2927 2403 2955 «
2433 2904 2929 2973 Domine,viviﬁca
2958 2922 3052 2961 me
3077 2926 3105 2956 »
3140 2921 3212 2961 ne
3241 2905 3444 2961 cedam
3475 2904 3789 2978 affligenti-

2142 2993 2254 3048 bus
2280 3010 2373 3049 me
2406 3016 2433 3045 «
2464 2993 2787 3050 secundum
2816 2994 3061 3050 verbum
3092 2998 3286 3065 tuum,
3320 3016 3347 3043 »
3380 2994 3439 3049 id
3470 2999 3562 3051 est
3588 3011 3791 3052 secun-

2140 3081 2279 3136 dum
2312 3081 2780 3154 promissionem.

388 3199 418 3230 κ
449 3152 707 3234 intellexi
737 3199 765 3228 »
799 3177 952 3249 quod
983 3176 1136 3251 viam
1168 3152 1499 3247 iniquitatis
1519 3176 1679 3232 odire
1704 3152 2033 3247 debeam,ct
2060 3152 2105 3221 α
2212 3152 2351 3227 Dico
2372 3171 2722 3227 humiliatus
2735 3170 3165 3245 sum,etinipsa
3185 3171 3790 3245 humiliationeobtuli

386 3266 516 3323 ideo
543 3264 718 3322 odivi.

1139 3354 1278 3402 Nun.

463 3455 493 3486 ε(
522 3434 788 3491 Lucerna
832 3432 1103 3506 pedibus.
1130 3454 1158 3481 »
1186 3432 1249 3488 In
1281 3432 1389 3488 hoc
1419 3433 1716 3489 octonario
1746 3433 1938 3507 agitur
1965 3435 2038 3492 de

388 3522 886 3595 humilitate,quia
915 3521 1173 3578 ostendit
1203 3522 1475 3593 scjustus
1492 3522 1590 3595 qui
1605 3522 1865 3595 loquitur
1878 3542 1946 3581 ex
1976 3541 2038 3581 so

388 3612 536 3670 nihil
560 3611 798 3684 habere,
823 3612 923 3668 sed
947 3611 1145 3668 omnia
1175 3628 1209 3667 a
1237 3611 1375 3683 Deo,
1398 3612 1574 3667 etiam
1606 3611 1841 3668 initium
1873 3614 2036 3671 bona:

386 3700 727 3774 voluntatis,
776 3705 834 3757 et
880 3700 1009 3757 ideo
1059 3699 1455 3774 prmscribitur
1501 3701 1638 3757 huic
1687 3703 1837 3775 parti
1881 3703 2033 3774 Nun,

388 3791 546 3865 quod
578 3790 1000 3864 interpretatur
1017 3791 1236 3858 animus,
1258 3788 1347 3845 vel
1372 3806 1598 3863 pascua,
1631 3791 1771 3861 quia
1799 3809 1954 3848 unus
1982 3796 2040 3849 et

387 3880 549 3939 solus
570 3884 660 3937 est
680 3880 855 3951 Deus,
870 3897 904 3935 a
924 3896 1040 3951 quo
1062 3878 1268 3951 recipit
1292 3877 1579 3951 quidquid
1602 3879 1737 3935 boni
1759 3880 1957 3954 habet,
1980 3887 2039 3938 et

386 3969 513 4042 ipse
535 3968 693 4024 idem
713 3967 765 4023 ei
786 3972 877 4023 est
896 3971 1201 4039 pascua,et
1221 3965 1395 4039 plena
1426 3968 1678 4024 refectio.
1712 3968 1863 4025 Ordo
1894 3987 2037 4043 quo-

387 4074 501 4131 que
530 4057 721 4113 bonus
750 4059 860 4112 est.
894 4056 1209 4128 Postquam
1241 4056 1398 4111 enim
1447 4057 1704 4113 ostendit
1733 4076 1795 4114 se
1825 4058 2039 4116 habere

385 4160 487 4201 cor
507 4144 890 4210 servitutis,et
909 4159 1014 4215 per
1031 4144 1311 4199 intimum
1331 4161 1591 4201 amorem
1623 4152 1958 4205 assecutum
1977 4166 2040 4204 se

385 4232 534 4305 legis
566 4230 954 4300 intellectum,
976 4231 1153 4287 etiam
1182 4248 1243 4287 se
1275 4248 1309 4286 a
1330 4233 1575 4303 judiciis
1606 4234 1704 4289 Dei
1728 4252 1840 4291 non
1868 4237 2041 4293 decli-

386 4322 611 4391 nare,et
636 4318 791 4377 viam
823 4318 1155 4390 iniquitatis
1186 4318 1464 4375 habuisse
1494 4322 1653 4377 odio:
1688 4322 1809 4380 haec
1842 4324 2039 4382 omnia

388 4427 506 4468 non
533 4408 670 4482 sibi,
701 4409 803 4466 sed
834 4407 1034 4481 gratiae
1067 4407 1168 4463 Dei
1200 4407 1485 4464 attribuit.

2145 3259 2252 3316 tibi
2279 3259 2568 3316 sacrificia
2598 3282 2626 3312 «
2657 3260 2777 3317 oris
2807 3260 2946 3330 mei,
2966 3283 2994 3310 ››
3025 3260 3083 3316 id
3116 3265 3207 3317 est
3236 3259 3441 3317 laudes
3471 3278 3600 3335 quas
3629 3265 3796 3318 erant

2144 3349 2264 3405 oris
2295 3348 2410 3404 mei
2442 3366 2455 3405 :
2491 3349 2631 3421 quia
2659 3349 2815 3422 quod
2845 3347 3109 3405 dicebam
3140 3365 3258 3419 ore,
3293 3349 3578 3422 complevi
3599 3364 3793 3425 opere:

2144 3441 2202 3492 et
2230 3438 2339 3495 hoc
2369 3461 2399 3490 ‹‹
2430 3438 2777 3508 voluntarie,
2811 3460 2841 3489 »
2871 3437 2931 3494 id
2960 3443 3050 3496 est
3077 3438 3232 3496 bona
3271 3439 3617 3511 intentione,
3652 3456 3799 3514 pura

2144 3525 2441 3582 voluntate
2476 3544 2489 3582 :
2522 3530 2580 3583 et
2609 3526 2749 3599 quia
2776 3525 2837 3581 in
2867 3525 3207 3582 humilitate
3238 3525 3562 3582 sacriﬁcavi
3590 3526 3721 3594 tibi,
3743 3528 3801 3583 et

2144 3614 2490 3682 voluntarie,
2512 3615 2662 3682 ideo,
2686 3632 2718 3670 o
2741 3615 3009 3684 Domine,
3035 3636 3063 3665 «
3086 3614 3451 3688 beneplacita
3471 3616 3562 3672 fac
3594 3637 3623 3665 »
3651 3614 3800 3672 mihi

2144 3709 2278 3761 vota
2306 3721 2456 3772 mea,
2491 3728 2519 3755 «
2544 3708 2600 3760 et
2618 3703 2845 3776 judicia
2870 3707 2975 3759 tua
3002 3704 3145 3760 doce
3175 3720 3288 3771 me,
3313 3727 3341 3753 ››
3373 3703 3430 3760 id
3463 3708 3555 3761 est
3583 3705 3676 3761 fac
3706 3721 3798 3761 as-

2146 3810 2413 3850 suescere
2440 3797 2497 3850 et
2526 3810 2698 3867 opere
2727 3791 3066 3865 adimplere.

2216 3885 2288 3939 Et
2315 3884 2444 3940 ideo
2475 3900 2623 3956 opus
2656 3887 2746 3938 est
2774 3886 2842 3938 ut
2868 3881 3097 3951 doceas,
3131 3904 3159 3932 «
3193 3882 3332 3955 quia
3361 3882 3561 3939 anima
3591 3901 3745 3951 mea,
3770 3907 3799 3933 κ

2146 3973 2204 4028 id
2249 3977 2339 4029 est
2389 3971 2509 4028 vita
2555 3973 2765 4027 anima:
2814 3987 2955 4026 mea;
2984 3993 3011 4021 «
3045 3974 3135 4026 est
3166 3988 3399 4044 semper
3426 3970 3487 4027 in
3520 3973 3805 4031 manibus

2147 4062 2352 4131 meis,»
2383 4061 2439 4117 id
2468 4064 2558 4117 est
2583 4059 2858 4132 operibus
2889 4059 3069 4115 meis:
3102 4059 3240 4131 quia
3270 4059 3320 4116 si
3351 4060 3624 4117 desinam
3655 4062 3805 4119 bene

2146 4150 2393 4224 operari,
2428 4148 2711 4207 morietur
2740 4148 2937 4204 anima
2983 4165 3131 4205 mea.
3167 4151 3213 4205 A
3238 4149 3631 4208 similitudine
3662 4151 3805 4208 boni

2146 4239 2352 4295 militis
2382 4239 2603 4296 dictum
2627 4235 2843 4310 est,qui
2875 4236 2986 4293 sibi
3018 4236 3079 4291 in
3110 4236 3308 4309 praalio
3336 4237 3517 4295 vitam
3547 4240 3809 4314 propriis

2146 4327 2421 4384 manibus
2452 4327 2714 4384 defendit
2746 4343 2759 4381 :
2794 4349 2821 4377 «
2855 4330 2913 4383 et
2947 4348 2975 4376 »
3004 4330 3070 4382 ut
3098 4326 3356 4383 animam
3389 4344 3586 4386 meam
3615 4333 3811 4388 custo-

2147 4418 2270 4474 dire
2298 4417 2541 4491 possim,
2575 4439 2604 4468 ‹‹
2636 4415 2823 4488 legem
2852 4418 3017 4471 tuam
3047 4434 3164 4473 non
3196 4434 3330 4474 sum
3363 4416 3586 4475 oblitus
3606 4441 3635 4468 ››
3659 4419 3807 4491 quin

459 4496 860 4589 Continuati‘o:
881 4497 1069 4589 super
1097 4513 1268 4589 senes
1297 4496 1586 4589 intellexi,
1607 4500 1904 4589 agjudiciis
1936 4520 2038 4559 au-
2072 4525 2116 4589 ι)
2148 4510 2390 4563 tractem
2421 4522 2550 4562 eam
2584 4504 2962 4560 meditatione
2994 4510 3053 4561 et
3079 4504 3439 4579 impletione.

387 4591 508 4643 tem
524 4603 641 4643 non
659 4584 1122 4651 declinavi,viam
1142 4584 1474 4656 iniquitatis
1495 4587 1628 4642 odio
1644 4587 2040 4659 habui,ethaac

388 4674 589 4731 omnia
604 4691 719 4730 non
740 4674 965 4735 viribus
995 4673 1162 4744 meis,
1188 4674 1291 4729 sed
1313 4673 1452 4745 quia
1486 4699 1506 4724 (ι
1533 4675 1789 4732 Verbum
1810 4682 2036 4751 tuum,»

388 4762 448 4819 id
470 4765 562 4819 est
582 4761 846 4817 divinum
870 4762 1335 4831 mandatum,est
1356 4764 1574 4819 factum
1606 4765 1947 4836 «lucerna,»
1980 4770 2038 4826 id

386 4854 478 4909 est
509 4849 863 4907 illuminatio
894 4867 1013 4923 qua
1041 4867 1282 4923 possum
1317 4851 1460 4906 mihi
1482 4870 1513 4908 a
1542 4852 1771 4925 laqueis
1799 4857 2041 4913 diaboli-

386 4957 609 5008 cavere,
638 4956 787 5012 quos
818 4938 965 4994 mihi
996 4940 1250 4995 tendunt
1280 4940 1337 4994 in
1370 4942 1628 4999 tenebris
1657 4943 1837 5016 hujus
1883 4948 2035 5004 vitae.

386 5030 655 5087 Lucerna
671 5028 800 5085 dico
827 5028 1173 5101 «pedibus,»
1200 5028 1257 5083 id
1283 5033 1372 5085 est
1402 5030 2036 5093 aﬂ'ectionibus«meis»

381 5122 440 5175 et
456 5117 888 5188 voluntatibus,
913 5134 1018 5191 per
1037 5134 1187 5190 quas
1209 5120 1408 5176 anima
1429 5125 1630 5177 nostra
1650 5122 1775 5192 jam
1810 5124 2043 5182 incedat

380 5207 454 5263 ad
485 5207 638 5263 bene
667 5207 1201 5280 operandam,quia
1224 5226 1329 5264 nec
1351 5209 1496 5265 bene
1528 5210 1671 5266 velle
1701 5228 2042 5285 possumus,

384 5294 498 5352 nisi
528 5295 723 5370 gratia
752 5296 850 5352 Dei
882 5296 1307 5353 illuminemus.
1340 5298 1637 5354 Voluntati
1693 5307 1903 5357 nostra:
1951 5309 2043 5361 est

381 5384 626 5444 verbum
650 5384 912 5459 lucerna,
941 5388 1219 5445 «semitis
1251 5387 1453 5460 meis,»
1488 5390 1543 5444 id
1572 5394 1662 5446 est
1692 5391 2041 5450 arctioribus

385 5473 663 5546 operibus
694 5475 1111 5541 meis,verbum
1136 5481 1328 5546 tuum,
1352 5477 1574 5533 scilicet
1602 5477 1863 5534 divinum
1895 5498 2039 5552 prae-

390 5565 649 5638 ceptum,
676 5568 765 5621 est
794 5564 939 5623 mihi
970 5589 997 5617 ‹‹
1034 5564 1257 5640 lumen,
1276 5588 1302 5615 »
1333 5565 1391 5623 id
1426 5571 1513 5623 est
1541 5568 1792 5625 maxime
1822 5567 2039 5627 illumi-

2220 4596 2358 4651 Dico
2392 4616 2419 4646 «
2450 4611 2566 4650 non
2598 4610 2731 4650 sum
2762 4591 3001 4660 oblitus,
3036 4616 3063 4643 »
3092 4597 3149 4649 et
3179 4597 3374 4650 tamen
3407 4618 3435 4644 «
3466 4597 3807 4667 peccatores

2149 4687 2471 4758 posuerunt
2499 4682 2777 4755 laqueum
2820 4682 2967 4737 mihi
2996 4705 3024 4731 ››
3057 4698 3160 4754 per
3182 4698 3358 4754 quem
3388 4683 3681 4754 putabant
3710 4698 3808 4739 me

2147 4772 2464 4846 impellere,
2498 4777 2564 4827 ut
2591 4772 2780 4844 legem
2810 4770 2910 4826 Dei
2944 4771 3144 4826 darem
3176 4769 3472 4826 oblivioni.
3498 4772 3807 4844 Laqueum

2147 4862 2495 4929 dicit,veluti
2526 4858 3173 4928 minas,blandimenta,
3198 4877 3580 4933 quascunque
3612 4860 3806 4917 malas

2148 4950 2557 5024 persuasiones
2573 4954 2631 5005 et
2646 4948 3080 5021 persecutiones
3097 4965 3110 5003 :
3127 4953 3249 5004 «et»
3265 4948 3400 5006 licet
3420 4948 3531 5021 ipsi
3552 4948 3639 5005 ita
3652 4948 3800 5005 mihi

2145 5040 2421 5112 laqueum
2454 5038 2778 5104 tenderent,
2814 5041 3010 5093 tamen
3042 5061 3071 5087 ‹‹
3105 5037 3176 5093 de
3206 5037 3501 5093 mandatis
3529 5037 3652 5093 tuis
3686 5055 3797 5093 non

2151 5127 2333 5184 erravi
2365 5151 2391 5176 »
2439 5126 2525 5182 vel
2586 5125 2738 5183 male
2797 5125 3196 5199 intelligendo,
3254 5126 3341 5182 vel
3401 5131 3607 5183 contra
3664 5143 3795 5200 ope-

2149 5217 2353 5273 rando.

2222 5330 2249 5357 «
2265 5307 2388 5363 Non
2407 5304 2613 5372 erravi,
2642 5328 2668 5355 »
2689 5306 2789 5361 sed
2808 5304 3003 5378 potius
3023 5302 3343 5377 «acquisivi
3363 5304 3421 5359 in
3443 5307 3753 5373 aeternum,
3776 5325 3798 5351 »ι

2148 5397 2294 5453 bene
2314 5394 2633 5451 exercendo
2656 5394 2727 5448 ad
2750 5392 3128 5466 intelligenda
3148 5396 3207 5448 et
3225 5391 3571 5465 complenda
3600 5414 3629 5442 «
3646 5390 3797 5447 testi-

2150 5484 2347 5541 monia
2373 5487 2476 5540 tua
2506 5499 2520 5539 :
2558 5505 2585 5531 ››
2627 5505 2655 5533 ‹‹
2690 5480 2969 5553 acquisivi
3006 5506 3033 5531 ››
3064 5482 3194 5538 dico
3224 5506 3251 5532 «
3285 5480 3644 5547 haareditate,
3681 5504 3710 5531 »ι
3743 5479 3799 5536 id

2148 5578 2238 5633 est
2267 5573 2339 5629 ad
2367 5569 2815 5628 similitudinem
2849 5569 3227 5627 haereditaria:
3254 5568 3589 5640 rei,scilicet
3621 5575 3689 5626 ut
3712 5569 3802 5625 ﬁr-
