  <div class='ocr_page' id='page_1' title='image "/cluster/home/n/w/nwhite01/storage/ocr_20150623/116/hvd.32044054759808/316.png"; bbox 0 0 4060 6180; ppageno 0'>
   <div class='ocr_carea' id='block_1_1' title="bbox 194 381 293 440">
    <p class='ocr_par' dir='ltr' id='par_1_1' title="bbox 194 381 293 440">
     <span class='ocr_line' id='line_1_1' title="bbox 194 381 293 440; baseline -0.01 0"><span class='ocrx_word' id='word_1_1' title='bbox 194 381 293 440; x_wconf 76' lang='grc'>621</span> 
     </span>
    </p>
   </div>
   <div class='ocr_carea' id='block_1_2' title="bbox 1355 381 2407 446">
    <p class='ocr_par' dir='ltr' id='par_1_2' title="bbox 1355 381 2407 446">
     <span class='ocr_line' id='line_1_2' title="bbox 1355 381 2407 446; baseline 0.001 -3"><span class='ocrx_word' id='word_1_2' title='bbox 1355 382 1856 443; x_wconf 66' lang='lat' dir='ltr'>EKPLANATIO</span> <span class='ocrx_word' id='word_1_3' title='bbox 1900 381 1980 440; x_wconf 92' lang='lat' dir='ltr'><strong>IN</strong></span> <span class='ocrx_word' id='word_1_4' title='bbox 2025 382 2407 446; x_wconf 66' lang='lat' dir='ltr'>PSALliOS.</span> 
     </span>
    </p>
   </div>
   <div class='ocr_carea' id='block_1_3' title="bbox 3469 392 3587 449">
    <p class='ocr_par' dir='ltr' id='par_1_3' title="bbox 3469 392 3587 449">
     <span class='ocr_line' id='line_1_3' title="bbox 3469 392 3587 449; baseline 0.008 -1"><span class='ocrx_word' id='word_1_5' title='bbox 3469 392 3587 449; x_wconf 74' lang='lat'>622</span> 
     </span>
    </p>
   </div>
   <div class='ocr_carea' id='block_1_4' title="bbox 191 511 3593 590">
    <p class='ocr_par' dir='ltr' id='par_1_4' title="bbox 191 511 3593 590">
     <span class='ocr_line' id='line_1_4' title="bbox 191 511 3593 590; baseline 0.002 -21"><span class='ocrx_word' id='word_1_6' title='bbox 191 512 355 569; x_wconf 89' lang='lat' dir='ltr'>miter</span> <span class='ocrx_word' id='word_1_7' title='bbox 383 511 765 585; x_wconf 82' lang='lat' dir='ltr'>possiderem,</span> <span class='ocrx_word' id='word_1_8' title='bbox 787 517 844 569; x_wconf 88' lang='lat' dir='ltr'>et</span> <span class='ocrx_word' id='word_1_9' title='bbox 864 529 898 569; x_wconf 88' lang='lat' dir='ltr'>a</span> <span class='ocrx_word' id='word_1_10' title='bbox 918 514 1186 585; x_wconf 88' lang='lat' dir='ltr'>patribus</span> <span class='ocrx_word' id='word_1_11' title='bbox 1207 514 1353 570; x_wconf 84' lang='lat' dir='ltr'>meis</span> <span class='ocrx_word' id='word_1_12' title='bbox 1372 518 1429 569; x_wconf 88' lang='lat' dir='ltr'>et</span> <span class='ocrx_word' id='word_1_13' title='bbox 1449 514 1579 569; x_wconf 88' lang='lat' dir='ltr'>aliis</span> <span class='ocrx_word' id='word_1_14' title='bbox 1607 512 1826 569; x_wconf 80' lang='lat' dir='ltr'>talibus</span> <span class='ocrx_word' id='word_1_15' title='bbox 1853 512 1909 579; x_wconf 85' lang='grc' dir='ltr'><strong>Α</strong></span> <span class='ocrx_word' id='word_1_16' title='bbox 2009 513 2147 582; x_wconf 89' lang='lat' dir='ltr'>Vos,</span> <span class='ocrx_word' id='word_1_17' title='bbox 2176 537 2197 565; x_wconf 74' lang='grc' dir='ltr'><strong><em>α</em></strong></span> <span class='ocrx_word' id='word_1_18' title='bbox 2234 516 2500 590; x_wconf 84' lang='lat' dir='ltr'>maligni,</span> <span class='ocrx_word' id='word_1_19' title='bbox 2526 517 2832 585; x_wconf 84' lang='lat' dir='ltr'>declinato,</span> <span class='ocrx_word' id='word_1_20' title='bbox 2859 541 2881 572; x_wconf 77' lang='grc' dir='ltr'><strong><em>ι</em></strong></span> <span class='ocrx_word' id='word_1_21' title='bbox 2909 521 3011 576; x_wconf 92' lang='lat' dir='ltr'>sed</span> <span class='ocrx_word' id='word_1_22' title='bbox 3040 524 3123 589; x_wconf 92' lang='lat' dir='ltr'>tu,</span> <span class='ocrx_word' id='word_1_23' title='bbox 3148 520 3412 589; x_wconf 89' lang='lat' dir='ltr'>Domine,</span> <span class='ocrx_word' id='word_1_24' title='bbox 3436 544 3465 572; x_wconf 78' lang='grc' dir='ltr'>ι(</span> <span class='ocrx_word' id='word_1_25' title='bbox 3498 538 3593 577; x_wconf 92' lang='lat' dir='ltr'>su-</span> 
     </span>
    </p>
   </div>
   <div class='ocr_carea' id='block_1_5' title="bbox 189 599 1829 672">
    <p class='ocr_par' dir='ltr' id='par_1_5' title="bbox 189 599 1829 672">
     <span class='ocr_line' id='line_1_5' title="bbox 189 599 1829 672; baseline 0 -16"><span class='ocrx_word' id='word_1_26' title='bbox 189 599 526 672; x_wconf 89' lang='lat' dir='ltr'>reciperem;</span> <span class='ocrx_word' id='word_1_27' title='bbox 569 599 698 655; x_wconf 93' lang='lat' dir='ltr'>ideo</span> <span class='ocrx_word' id='word_1_28' title='bbox 735 599 1039 672; x_wconf 85' lang='lat' dir='ltr'>exquisivi,</span> <span class='ocrx_word' id='word_1_29' title='bbox 1068 623 1096 651; x_wconf 90' lang='grc'>‹‹</span> <span class='ocrx_word' id='word_1_30' title='bbox 1129 600 1268 672; x_wconf 83' lang='lat' dir='ltr'>quia</span> <span class='ocrx_word' id='word_1_31' title='bbox 1296 601 1606 657; x_wconf 72' lang='lat' dir='ltr'>exsultatio</span> <span class='ocrx_word' id='word_1_32' title='bbox 1636 601 1829 656; x_wconf 83' lang='lat' dir='ltr'>cordis</span> 
     </span>
    </p>
   </div>
   <div class='ocr_carea' id='block_1_6' title="bbox 190 686 1827 760">
    <p class='ocr_par' dir='ltr' id='par_1_6' title="bbox 190 686 1827 760">
     <span class='ocr_line' id='line_1_6' title="bbox 190 686 1827 760; baseline 0.001 -16"><span class='ocrx_word' id='word_1_33' title='bbox 190 687 294 744; x_wconf 92' lang='lat' dir='ltr'>mei</span> <span class='ocrx_word' id='word_1_34' title='bbox 317 691 477 757; x_wconf 90' lang='lat' dir='ltr'>sunt,</span> <span class='ocrx_word' id='word_1_35' title='bbox 505 710 526 737; x_wconf 78' lang='grc' dir='ltr'><strong>ι</strong></span> <span class='ocrx_word' id='word_1_36' title='bbox 554 686 778 744; x_wconf 85' lang='lat' dir='ltr'>scilicet</span> <span class='ocrx_word' id='word_1_37' title='bbox 796 693 1322 760; x_wconf 81' lang='lat' dir='ltr'>quantumcunque</span> <span class='ocrx_word' id='word_1_38' title='bbox 1344 689 1607 756; x_wconf 87' lang='lat' dir='ltr'>tribuler,</span> <span class='ocrx_word' id='word_1_39' title='bbox 1630 693 1827 745; x_wconf 88' lang='lat' dir='ltr'>tamen</span> 
     </span>
    </p>
   </div>
   <div class='ocr_carea' id='block_1_7' title="bbox 187 775 1828 851">
    <p class='ocr_par' dir='ltr' id='par_1_7' title="bbox 187 775 1828 851">
     <span class='ocr_line' id='line_1_7' title="bbox 187 775 1828 851; baseline 0.002 -19"><span class='ocrx_word' id='word_1_40' title='bbox 187 793 311 832; x_wconf 91' lang='lat' dir='ltr'>cum</span> <span class='ocrx_word' id='word_1_41' title='bbox 341 775 730 832; x_wconf 77' lang='lat' dir='ltr'>exsultatione</span> <span class='ocrx_word' id='word_1_42' title='bbox 760 778 1039 833; x_wconf 87' lang='lat' dir='ltr'>mandata</span> <span class='ocrx_word' id='word_1_43' title='bbox 1067 777 1169 833; x_wconf 86' lang='lat' dir='ltr'>Dei</span> <span class='ocrx_word' id='word_1_44' title='bbox 1200 777 1554 851; x_wconf 87' lang='lat' dir='ltr'>adimplebo,</span> <span class='ocrx_word' id='word_1_45' title='bbox 1583 795 1828 835; x_wconf 84' lang='lat' dir='ltr'>securus</span> 
     </span>
    </p>
   </div>
   <div class='ocr_carea' id='block_1_8' title="bbox 185 865 825 922">
    <p class='ocr_par' dir='ltr' id='par_1_8' title="bbox 185 865 825 922">
     <span class='ocr_line' id='line_1_8' title="bbox 185 865 825 922; baseline 0.003 -1"><span class='ocrx_word' id='word_1_46' title='bbox 185 865 250 921; x_wconf 89' lang='lat' dir='ltr'>de</span> <span class='ocrx_word' id='word_1_47' title='bbox 277 866 770 922; x_wconf 77' lang='lat' dir='ltr'>remuneratione.</span> <span class='ocrx_word' id='word_1_48' title='bbox 820 888 825 893; x_wconf 68' lang='lat'><em>&#39;</em></span> 
     </span>
    </p>
   </div>
   <div class='ocr_carea' id='block_1_9' title="bbox 247 953 1826 1027">
    <p class='ocr_par' dir='ltr' id='par_1_9' title="bbox 247 953 1826 1027">
     <span class='ocr_line' id='line_1_9' title="bbox 247 953 1826 1027; baseline 0.001 -18"><span class='ocrx_word' id='word_1_49' title='bbox 247 953 387 1009; x_wconf 88' lang='lat' dir='ltr'>Dico</span> <span class='ocrx_word' id='word_1_50' title='bbox 414 977 434 1004; x_wconf 80' lang='grc' dir='ltr'>ι</span> <span class='ocrx_word' id='word_1_51' title='bbox 471 953 776 1027; x_wconf 84' lang='lat' dir='ltr'>exquisivi,</span> <span class='ocrx_word' id='word_1_52' title='bbox 805 976 825 1003; x_wconf 77' lang='grc' dir='ltr'>ι</span> <span class='ocrx_word' id='word_1_53' title='bbox 853 954 962 1010; x_wconf 85' lang='lat' dir='ltr'>hoc</span> <span class='ocrx_word' id='word_1_54' title='bbox 994 956 1165 1011; x_wconf 91' lang='lat' dir='ltr'>modo</span> <span class='ocrx_word' id='word_1_55' title='bbox 1196 955 1416 1011; x_wconf 86' lang='lat' dir='ltr'>scilicet</span> <span class='ocrx_word' id='word_1_56' title='bbox 1460 955 1826 1010; x_wconf 84' lang='lat' dir='ltr'>humiliando</span> 
     </span>
    </p>
   </div>
   <div class='ocr_carea' id='block_1_10' title="bbox 184 1043 1827 1115">
    <p class='ocr_par' dir='ltr' id='par_1_10' title="bbox 184 1043 1827 1115">
     <span class='ocr_line' id='line_1_10' title="bbox 184 1043 1827 1115; baseline 0.001 -17"><span class='ocrx_word' id='word_1_57' title='bbox 184 1043 468 1114; x_wconf 88' lang='lat' dir='ltr'>meipsum</span> <span class='ocrx_word' id='word_1_58' title='bbox 503 1060 604 1115; x_wconf 88' lang='lat' dir='ltr'>per</span> <span class='ocrx_word' id='word_1_59' title='bbox 633 1043 831 1099; x_wconf 87' lang='lat' dir='ltr'>omnia</span> <span class='ocrx_word' id='word_1_60' title='bbox 857 1044 972 1099; x_wconf 83' lang='lat' dir='ltr'>Deo</span> <span class='ocrx_word' id='word_1_61' title='bbox 998 1060 1009 1098; x_wconf 91' lang='lat'><strong>:</strong></span> <span class='ocrx_word' id='word_1_62' title='bbox 1036 1044 1170 1099; x_wconf 90' lang='lat' dir='ltr'>inde</span> <span class='ocrx_word' id='word_1_63' title='bbox 1199 1049 1288 1100; x_wconf 88' lang='lat' dir='ltr'>est</span> <span class='ocrx_word' id='word_1_64' title='bbox 1317 1045 1469 1115; x_wconf 88' lang='lat' dir='ltr'>quod</span> <span class='ocrx_word' id='word_1_65' title='bbox 1495 1044 1636 1099; x_wconf 86' lang='lat' dir='ltr'>dicit</span> <span class='ocrx_word' id='word_1_66' title='bbox 1658 1061 1704 1099; x_wconf 74' lang='grc' dir='ltr'>ει</span> <span class='ocrx_word' id='word_1_67' title='bbox 1738 1045 1827 1099; x_wconf 88' lang='lat' dir='ltr'>In-</span> 
     </span>
    </p>
   </div>
   <div class='ocr_carea' id='block_1_11' title="bbox 181 1131 1828 1203">
    <p class='ocr_par' dir='ltr' id='par_1_11' title="bbox 181 1131 1828 1203">
     <span class='ocr_line' id='line_1_11' title="bbox 181 1131 1828 1203; baseline -0.001 -16"><span class='ocrx_word' id='word_1_68' title='bbox 181 1131 383 1187; x_wconf 89' lang='lat' dir='ltr'>clinavi</span> <span class='ocrx_word' id='word_1_69' title='bbox 426 1148 525 1187; x_wconf 88' lang='lat' dir='ltr'>cor</span> <span class='ocrx_word' id='word_1_70' title='bbox 565 1148 784 1200; x_wconf 87' lang='lat' dir='ltr'>meum,</span> <span class='ocrx_word' id='word_1_71' title='bbox 813 1155 834 1181; x_wconf 76' lang='grc' dir='ltr'><strong><em>ιο</em></strong></span> <span class='ocrx_word' id='word_1_72' title='bbox 862 1132 920 1187; x_wconf 88' lang='lat' dir='ltr'>id</span> <span class='ocrx_word' id='word_1_73' title='bbox 960 1137 1067 1195; x_wconf 84' lang='lat' dir='ltr'>est,</span> <span class='ocrx_word' id='word_1_74' title='bbox 1098 1131 1456 1187; x_wconf 88' lang='lat' dir='ltr'>voluntatem</span> <span class='ocrx_word' id='word_1_75' title='bbox 1497 1149 1687 1188; x_wconf 86' lang='lat' dir='ltr'>meam</span> <span class='ocrx_word' id='word_1_76' title='bbox 1724 1149 1828 1203; x_wconf 86' lang='lat' dir='ltr'>per</span> 
     </span>
    </p>
   </div>
   <div class='ocr_carea' id='block_1_12' title="bbox 181 1219 1826 1293">
    <p class='ocr_par' dir='ltr' id='par_1_12' title="bbox 181 1219 1826 1293">
     <span class='ocr_line' id='line_1_12' title="bbox 181 1219 1826 1293; baseline 0.002 -20"><span class='ocrx_word' id='word_1_77' title='bbox 181 1220 373 1274; x_wconf 84' lang='lat' dir='ltr'>omnia</span> <span class='ocrx_word' id='word_1_78' title='bbox 404 1219 729 1289; x_wconf 90' lang='lat' dir='ltr'>humiliavi,</span> <span class='ocrx_word' id='word_1_79' title='bbox 754 1241 775 1271; x_wconf 70' lang='grc' dir='ltr'>ι</span> <span class='ocrx_word' id='word_1_80' title='bbox 801 1220 874 1275; x_wconf 89' lang='lat' dir='ltr'>ad</span> <span class='ocrx_word' id='word_1_81' title='bbox 898 1221 1193 1277; x_wconf 89' lang='lat' dir='ltr'>faciendas</span> <span class='ocrx_word' id='word_1_82' title='bbox 1215 1221 1669 1293; x_wconf 80' lang='lat' dir='ltr'>jnstiﬁcationcs</span> <span class='ocrx_word' id='word_1_83' title='bbox 1695 1226 1826 1277; x_wconf 87' lang='lat' dir='ltr'>tuas</span> 
     </span>
    </p>
   </div>
   <div class='ocr_carea' id='block_1_13' title="bbox 181 1308 1818 1380">
    <p class='ocr_par' dir='ltr' id='par_1_13' title="bbox 181 1308 1818 1380">
     <span class='ocr_line' id='line_1_13' title="bbox 181 1308 1818 1380; baseline 0.001 -18"><span class='ocrx_word' id='word_1_84' title='bbox 181 1312 414 1380; x_wconf 81' lang='lat' dir='ltr'>propter</span> <span class='ocrx_word' id='word_1_85' title='bbox 433 1308 881 1365; x_wconf 83' lang='lat' dir='ltr'>retributionem</span> <span class='ocrx_word' id='word_1_86' title='bbox 904 1330 932 1358; x_wconf 84' lang='lat'>»</span> <span class='ocrx_word' id='word_1_87' title='bbox 954 1309 1297 1365; x_wconf 80' lang='lat' dir='ltr'>duraturam</span> <span class='ocrx_word' id='word_1_88' title='bbox 1323 1334 1348 1359; x_wconf 77' lang='grc' dir='ltr'>«ι</span> <span class='ocrx_word' id='word_1_89' title='bbox 1385 1310 1444 1364; x_wconf 92' lang='lat' dir='ltr'>in</span> <span class='ocrx_word' id='word_1_90' title='bbox 1475 1314 1754 1365; x_wconf 80' lang='lat' dir='ltr'>aeternum</span> <span class='ocrx_word' id='word_1_91' title='bbox 1772 1329 1818 1379; x_wconf 81' lang='grc'>;»</span> 
     </span>
    </p>
   </div>
   <div class='ocr_carea' id='block_1_14' title="bbox 179 1393 1823 1469">
    <p class='ocr_par' dir='ltr' id='par_1_14' title="bbox 179 1393 1823 1469">
     <span class='ocr_line' id='line_1_14' title="bbox 179 1393 1823 1469; baseline 0.004 -21"><span class='ocrx_word' id='word_1_92' title='bbox 179 1394 323 1449; x_wconf 85' lang='lat' dir='ltr'>sicut</span> <span class='ocrx_word' id='word_1_93' title='bbox 351 1393 499 1449; x_wconf 89' lang='lat' dir='ltr'>dicit</span> <span class='ocrx_word' id='word_1_94' title='bbox 540 1394 750 1452; x_wconf 89' lang='lat' dir='ltr'>beatus</span> <span class='ocrx_word' id='word_1_95' title='bbox 790 1396 1198 1469; x_wconf 81' lang='lat' dir='ltr'>Hieronymus,</span> <span class='ocrx_word' id='word_1_96' title='bbox 1230 1398 1564 1453; x_wconf 89' lang='lat' dir='ltr'>ordinatum</span> <span class='ocrx_word' id='word_1_97' title='bbox 1608 1415 1736 1454; x_wconf 88' lang='lat' dir='ltr'>esse</span> <span class='ocrx_word' id='word_1_98' title='bbox 1764 1399 1823 1453; x_wconf 91' lang='lat' dir='ltr'>in</span> 
     </span>
    </p>
   </div>
   <div class='ocr_carea' id='block_1_15' title="bbox 180 1482 1828 1559">
    <p class='ocr_par' dir='ltr' id='par_1_15' title="bbox 180 1482 1828 1559">
     <span class='ocr_line' id='line_1_15' title="bbox 180 1482 1828 1559; baseline 0.002 -21"><span class='ocrx_word' id='word_1_99' title='bbox 180 1482 444 1552; x_wconf 75' lang='lat' dir='ltr'>Hebraeo;</span> <span class='ocrx_word' id='word_1_100' title='bbox 467 1500 788 1556; x_wconf 88' lang='lat' dir='ltr'>possumus</span> <span class='ocrx_word' id='word_1_101' title='bbox 818 1488 1015 1541; x_wconf 88' lang='lat' dir='ltr'>tamen</span> <span class='ocrx_word' id='word_1_102' title='bbox 1037 1485 1266 1543; x_wconf 85' lang='lat' dir='ltr'>dicere:</span> <span class='ocrx_word' id='word_1_103' title='bbox 1291 1486 1630 1543; x_wconf 85' lang='lat' dir='ltr'>Custodiam</span> <span class='ocrx_word' id='word_1_104' title='bbox 1655 1487 1828 1559; x_wconf 90' lang='lat' dir='ltr'>justi-</span> 
     </span>
    </p>
   </div>
   <div class='ocr_carea' id='block_1_16' title="bbox 180 1571 1823 1647">
    <p class='ocr_par' dir='ltr' id='par_1_16' title="bbox 180 1571 1823 1647">
     <span class='ocr_line' id='line_1_16' title="bbox 180 1571 1823 1647; baseline 0.003 -21"><span class='ocrx_word' id='word_1_105' title='bbox 180 1571 478 1628; x_wconf 80' lang='lat' dir='ltr'>ﬁcationes</span> <span class='ocrx_word' id='word_1_106' title='bbox 509 1576 645 1630; x_wconf 90' lang='lat' dir='ltr'>tuas</span> <span class='ocrx_word' id='word_1_107' title='bbox 677 1572 739 1630; x_wconf 90' lang='lat' dir='ltr'>in</span> <span class='ocrx_word' id='word_1_108' title='bbox 769 1576 1073 1644; x_wconf 65' lang='lat' dir='ltr'>internum,</span> <span class='ocrx_word' id='word_1_109' title='bbox 1096 1571 1156 1629; x_wconf 88' lang='lat' dir='ltr'>id</span> <span class='ocrx_word' id='word_1_110' title='bbox 1194 1579 1302 1643; x_wconf 89' lang='lat' dir='ltr'>est,</span> <span class='ocrx_word' id='word_1_111' title='bbox 1327 1592 1429 1647; x_wconf 87' lang='lat' dir='ltr'>per</span> <span class='ocrx_word' id='word_1_112' title='bbox 1458 1578 1646 1631; x_wconf 88' lang='lat' dir='ltr'>totum</span> <span class='ocrx_word' id='word_1_113' title='bbox 1679 1579 1823 1631; x_wconf 90' lang='lat' dir='ltr'>tem-</span> 
     </span>
    </p>
   </div>
   <div class='ocr_carea' id='block_1_17' title="bbox 176 1659 639 1732">
    <p class='ocr_par' dir='ltr' id='par_1_17' title="bbox 176 1659 639 1732">
     <span class='ocr_line' id='line_1_17' title="bbox 176 1659 639 1732; baseline 0 -16"><span class='ocrx_word' id='word_1_114' title='bbox 176 1677 279 1732; x_wconf 88' lang='lat' dir='ltr'>pus</span> <span class='ocrx_word' id='word_1_115' title='bbox 308 1659 447 1717; x_wconf 80' lang='lat' dir='ltr'>vitaa</span> <span class='ocrx_word' id='word_1_116' title='bbox 475 1677 639 1719; x_wconf 66' lang='lat' dir='ltr'>meas.</span> 
     </span>
    </p>
   </div>
   <div class='ocr_carea' id='block_1_18' title="bbox 879 1751 1122 1803">
    <p class='ocr_par' dir='ltr' id='par_1_18' title="bbox 879 1751 1122 1803">
     <span class='ocr_line' id='line_1_18' title="bbox 879 1751 1122 1803; baseline -0.012 0"><span class='ocrx_word' id='word_1_117' title='bbox 879 1751 1122 1803; x_wconf 82' lang='lat' dir='ltr'>Samech.</span> 
     </span>
    </p>
   </div>
   <div class='ocr_carea' id='block_1_19' title="bbox 247 1837 1901 1948">
    <p class='ocr_par' dir='ltr' id='par_1_19' title="bbox 247 1837 1901 1948">
     <span class='ocr_line' id='line_1_19' title="bbox 247 1837 1901 1948; baseline 0.001 -55"><span class='ocrx_word' id='word_1_118' title='bbox 247 1861 268 1887; x_wconf 81' lang='grc' dir='ltr'>ι</span> <span class='ocrx_word' id='word_1_119' title='bbox 286 1837 559 1948; x_wconf 46' lang='grc' dir='ltr'>ξιιίᾳιξοε.</span> <span class='ocrx_word' id='word_1_120' title='bbox 585 1860 614 1889; x_wconf 89' lang='grc'>››</span> <span class='ocrx_word' id='word_1_121' title='bbox 638 1839 703 1895; x_wconf 92' lang='lat' dir='ltr'>In</span> <span class='ocrx_word' id='word_1_122' title='bbox 727 1839 846 1948; x_wconf 51' lang='lat' dir='ltr'>‘boc</span> <span class='ocrx_word' id='word_1_123' title='bbox 876 1840 1175 1948; x_wconf 72' lang='lat' dir='ltr'>octonarip</span> <span class='ocrx_word' id='word_1_124' title='bbox 1205 1840 1462 1948; x_wconf 67' lang='lat' dir='ltr'>ostendit</span> <span class='ocrx_word' id='word_1_125' title='bbox 1480 1842 1702 1913; x_wconf 89' lang='lat' dir='ltr'>justus,</span> <span class='ocrx_word' id='word_1_126' title='bbox 1722 1840 1823 1913; x_wconf 89' lang='lat' dir='ltr'>qui</span> <span class='ocrx_word' id='word_1_127' title='bbox 1851 1882 1901 1948; x_wconf 82' lang='lat' dir='ltr'><strong>B</strong></span> 
     </span>
    </p>
   </div>
   <div class='ocr_carea' id='block_1_20' title="bbox 174 1925 1822 2002">
    <p class='ocr_par' dir='ltr' id='par_1_20' title="bbox 174 1925 1822 2002">
     <span class='ocr_line' id='line_1_20' title="bbox 174 1925 1822 2002; baseline 0.003 -21"><span class='ocrx_word' id='word_1_128' title='bbox 174 1925 347 2000; x_wconf 81' lang='lat' dir='ltr'>paulo</span> <span class='ocrx_word' id='word_1_129' title='bbox 375 1930 513 1983; x_wconf 90' lang='lat' dir='ltr'>ante</span> <span class='ocrx_word' id='word_1_130' title='bbox 541 1929 885 1985; x_wconf 85' lang='lat' dir='ltr'>ostendebat</span> <span class='ocrx_word' id='word_1_131' title='bbox 922 1946 1093 1985; x_wconf 87' lang='lat' dir='ltr'>suam</span> <span class='ocrx_word' id='word_1_132' title='bbox 1143 1929 1561 1998; x_wconf 86' lang='lat' dir='ltr'>humilitatem,</span> <span class='ocrx_word' id='word_1_133' title='bbox 1591 1947 1654 1986; x_wconf 90' lang='lat' dir='ltr'>se</span> <span class='ocrx_word' id='word_1_134' title='bbox 1693 1931 1822 2002; x_wconf 90' lang='lat' dir='ltr'>jam</span> 
     </span>
    </p>
   </div>
   <div class='ocr_carea' id='block_1_21' title="bbox 173 2016 1826 2092">
    <p class='ocr_par' dir='ltr' id='par_1_21' title="bbox 173 2016 1826 2092">
     <span class='ocr_line' id='line_1_21' title="bbox 173 2016 1826 2092; baseline 0.004 -22"><span class='ocrx_word' id='word_1_135' title='bbox 173 2016 588 2072; x_wconf 83' lang='lat' dir='ltr'>conﬁrmatum</span> <span class='ocrx_word' id='word_1_136' title='bbox 608 2016 715 2084; x_wconf 91' lang='lat' dir='ltr'>sic,</span> <span class='ocrx_word' id='word_1_137' title='bbox 734 2019 887 2090; x_wconf 91' lang='lat' dir='ltr'>quod</span> <span class='ocrx_word' id='word_1_138' title='bbox 907 2016 1048 2074; x_wconf 87' lang='lat' dir='ltr'>velit</span> <span class='ocrx_word' id='word_1_139' title='bbox 1067 2019 1266 2092; x_wconf 85' lang='lat' dir='ltr'>fugere</span> <span class='ocrx_word' id='word_1_140' title='bbox 1288 2019 1582 2075; x_wconf 90' lang='lat' dir='ltr'>consortia</span> <span class='ocrx_word' id='word_1_141' title='bbox 1600 2018 1826 2092; x_wconf 89' lang='lat' dir='ltr'>iniquo-</span> 
     </span>
    </p>
   </div>
   <div class='ocr_carea' id='block_1_22' title="bbox 172 2104 1819 2181">
    <p class='ocr_par' dir='ltr' id='par_1_22' title="bbox 172 2104 1819 2181">
     <span class='ocr_line' id='line_1_22' title="bbox 172 2104 1819 2181; baseline 0.004 -23"><span class='ocrx_word' id='word_1_142' title='bbox 172 2120 295 2159; x_wconf 91' lang='lat' dir='ltr'>rum</span> <span class='ocrx_word' id='word_1_143' title='bbox 329 2121 344 2159; x_wconf 93' lang='lat'>:</span> <span class='ocrx_word' id='word_1_144' title='bbox 369 2108 429 2160; x_wconf 87' lang='lat' dir='ltr'>et</span> <span class='ocrx_word' id='word_1_145' title='bbox 456 2104 586 2162; x_wconf 91' lang='lat' dir='ltr'>ideo</span> <span class='ocrx_word' id='word_1_146' title='bbox 609 2105 756 2162; x_wconf 87' lang='lat' dir='ltr'>bene</span> <span class='ocrx_word' id='word_1_147' title='bbox 787 2107 1185 2180; x_wconf 65' lang='lat' dir='ltr'>praescribitur</span> <span class='ocrx_word' id='word_1_148' title='bbox 1204 2108 1341 2164; x_wconf 87' lang='lat' dir='ltr'>huic</span> <span class='ocrx_word' id='word_1_149' title='bbox 1368 2109 1519 2181; x_wconf 89' lang='lat' dir='ltr'>parti</span> <span class='ocrx_word' id='word_1_150' title='bbox 1550 2108 1819 2176; x_wconf 90' lang='lat' dir='ltr'>Samech,</span> 
     </span>
    </p>
   </div>
   <div class='ocr_carea' id='block_1_23' title="bbox 173 2192 1820 2270">
    <p class='ocr_par' dir='ltr' id='par_1_23' title="bbox 173 2192 1820 2270">
     <span class='ocr_line' id='line_1_23' title="bbox 173 2192 1820 2270; baseline 0.004 -23"><span class='ocrx_word' id='word_1_151' title='bbox 173 2193 322 2266; x_wconf 86' lang='lat' dir='ltr'>quod</span> <span class='ocrx_word' id='word_1_152' title='bbox 374 2192 795 2268; x_wconf 84' lang='lat' dir='ltr'>interpretatur</span> <span class='ocrx_word' id='word_1_153' title='bbox 845 2197 1253 2267; x_wconf 67' lang='lat' dir='ltr'>firmamentum</span> <span class='ocrx_word' id='word_1_154' title='bbox 1305 2197 1395 2253; x_wconf 88' lang='lat' dir='ltr'>vel</span> <span class='ocrx_word' id='word_1_155' title='bbox 1451 2198 1820 2270; x_wconf 80' lang='lat' dir='ltr'>adjutorium;</span> 
     </span>
    </p>
   </div>
   <div class='ocr_carea' id='block_1_24' title="bbox 172 2281 1820 2358">
    <p class='ocr_par' dir='ltr' id='par_1_24' title="bbox 172 2281 1820 2358">
     <span class='ocr_line' id='line_1_24' title="bbox 172 2281 1820 2358; baseline 0.004 -22"><span class='ocrx_word' id='word_1_156' title='bbox 172 2281 339 2353; x_wconf 88' lang='lat' dir='ltr'>quasi</span> <span class='ocrx_word' id='word_1_157' title='bbox 371 2282 625 2340; x_wconf 84' lang='lat' dir='ltr'>diceret:</span> <span class='ocrx_word' id='word_1_158' title='bbox 653 2284 754 2340; x_wconf 84' lang='lat' dir='ltr'>Hic</span> <span class='ocrx_word' id='word_1_159' title='bbox 784 2284 886 2341; x_wconf 91' lang='lat' dir='ltr'>ubi</span> <span class='ocrx_word' id='word_1_160' title='bbox 916 2284 1063 2341; x_wconf 92' lang='lat' dir='ltr'>dicis</span> <span class='ocrx_word' id='word_1_161' title='bbox 1103 2286 1258 2358; x_wconf 92' lang='lat' dir='ltr'>quod</span> <span class='ocrx_word' id='word_1_162' title='bbox 1291 2284 1524 2358; x_wconf 90' lang='lat' dir='ltr'>iniquos</span> <span class='ocrx_word' id='word_1_163' title='bbox 1554 2286 1687 2342; x_wconf 93' lang='lat' dir='ltr'>odio</span> <span class='ocrx_word' id='word_1_164' title='bbox 1716 2286 1820 2342; x_wconf 83' lang='lat' dir='ltr'>ha-</span> 
     </span>
    </p>
   </div>
   <div class='ocr_carea' id='block_1_25' title="bbox 170 2370 1822 2448">
    <p class='ocr_par' dir='ltr' id='par_1_25' title="bbox 170 2370 1822 2448">
     <span class='ocr_line' id='line_1_25' title="bbox 170 2370 1822 2448; baseline 0.002 -21"><span class='ocrx_word' id='word_1_165' title='bbox 170 2370 327 2439; x_wconf 88' lang='lat' dir='ltr'>beas,</span> <span class='ocrx_word' id='word_1_166' title='bbox 362 2375 456 2428; x_wconf 87' lang='lat' dir='ltr'>est</span> <span class='ocrx_word' id='word_1_167' title='bbox 481 2373 840 2432; x_wconf 89' lang='lat' dir='ltr'>audiendum</span> <span class='ocrx_word' id='word_1_168' title='bbox 871 2378 929 2431; x_wconf 91' lang='lat' dir='ltr'>et</span> <span class='ocrx_word' id='word_1_169' title='bbox 958 2390 1093 2430; x_wconf 91' lang='lat' dir='ltr'>cum</span> <span class='ocrx_word' id='word_1_170' title='bbox 1117 2391 1332 2448; x_wconf 88' lang='lat' dir='ltr'>magna</span> <span class='ocrx_word' id='word_1_171' title='bbox 1352 2392 1494 2431; x_wconf 91' lang='lat' dir='ltr'>cura</span> <span class='ocrx_word' id='word_1_172' title='bbox 1521 2376 1822 2431; x_wconf 85' lang='lat' dir='ltr'>attenden-</span> 
     </span>
    </p>
   </div>
   <div class='ocr_carea' id='block_1_26' title="bbox 167 2459 1821 2537">
    <p class='ocr_par' dir='ltr' id='par_1_26' title="bbox 167 2459 1821 2537">
     <span class='ocr_line' id='line_1_26' title="bbox 167 2459 1821 2537; baseline 0.004 -22"><span class='ocrx_word' id='word_1_173' title='bbox 167 2460 331 2527; x_wconf 86' lang='lat' dir='ltr'>dum,</span> <span class='ocrx_word' id='word_1_174' title='bbox 359 2459 501 2533; x_wconf 86' lang='lat' dir='ltr'>quia</span> <span class='ocrx_word' id='word_1_175' title='bbox 522 2477 739 2535; x_wconf 88' lang='lat' dir='ltr'>magna</span> <span class='ocrx_word' id='word_1_176' title='bbox 756 2467 845 2519; x_wconf 91' lang='lat' dir='ltr'>est</span> <span class='ocrx_word' id='word_1_177' title='bbox 862 2463 1091 2520; x_wconf 88' lang='lat' dir='ltr'>cautela</span> <span class='ocrx_word' id='word_1_178' title='bbox 1119 2464 1452 2520; x_wconf 88' lang='lat' dir='ltr'>adhibenda</span> <span class='ocrx_word' id='word_1_179' title='bbox 1481 2466 1552 2521; x_wconf 92' lang='lat' dir='ltr'>ad</span> <span class='ocrx_word' id='word_1_180' title='bbox 1586 2464 1821 2537; x_wconf 90' lang='lat' dir='ltr'>iniquos</span> 
     </span>
    </p>
   </div>
   <div class='ocr_carea' id='block_1_27' title="bbox 167 2549 1818 2626">
    <p class='ocr_par' dir='ltr' id='par_1_27' title="bbox 167 2549 1818 2626">
     <span class='ocr_line' id='line_1_27' title="bbox 167 2549 1818 2626; baseline 0.002 -22"><span class='ocrx_word' id='word_1_181' title='bbox 167 2549 524 2619; x_wconf 84' lang='lat' dir='ltr'>audiendos;</span> <span class='ocrx_word' id='word_1_182' title='bbox 557 2550 893 2624; x_wconf 65' lang='lat' dir='ltr'>pracipitur</span> <span class='ocrx_word' id='word_1_183' title='bbox 921 2552 1078 2608; x_wconf 90' lang='lat' dir='ltr'>enim</span> <span class='ocrx_word' id='word_1_184' title='bbox 1109 2552 1169 2608; x_wconf 91' lang='lat' dir='ltr'>in</span> <span class='ocrx_word' id='word_1_185' title='bbox 1200 2552 1532 2626; x_wconf 88' lang='lat' dir='ltr'>Evangelio,</span> <span class='ocrx_word' id='word_1_186' title='bbox 1555 2557 1620 2609; x_wconf 91' lang='lat' dir='ltr'>ut</span> <span class='ocrx_word' id='word_1_187' title='bbox 1640 2555 1818 2609; x_wconf 89' lang='lat' dir='ltr'>etiam</span> 
     </span>
    </p>
   </div>
   <div class='ocr_carea' id='block_1_28' title="bbox 168 2637 1821 2716">
    <p class='ocr_par' dir='ltr' id='par_1_28' title="bbox 168 2637 1821 2716">
     <span class='ocr_line' id='line_1_28' title="bbox 168 2637 1821 2716; baseline 0.003 -23"><span class='ocrx_word' id='word_1_188' title='bbox 168 2637 442 2694; x_wconf 90' lang='lat' dir='ltr'>inimicos</span> <span class='ocrx_word' id='word_1_189' title='bbox 463 2639 780 2713; x_wconf 85' lang='lat' dir='ltr'>diligamus</span> <span class='ocrx_word' id='word_1_190' title='bbox 801 2641 1005 2713; x_wconf 75' lang='lat' dir='ltr'>(Matth.</span> <span class='ocrx_word' id='word_1_191' title='bbox 1026 2642 1105 2715; x_wconf 93' lang='lat' dir='ltr'>v).</span> <span class='ocrx_word' id='word_1_192' title='bbox 1129 2642 1225 2698; x_wconf 91' lang='lat' dir='ltr'>Sic</span> <span class='ocrx_word' id='word_1_193' title='bbox 1254 2659 1390 2716; x_wconf 87' lang='lat' dir='ltr'>ergo</span> <span class='ocrx_word' id='word_1_194' title='bbox 1421 2648 1562 2699; x_wconf 90' lang='lat' dir='ltr'>sunt</span> <span class='ocrx_word' id='word_1_195' title='bbox 1581 2642 1821 2716; x_wconf 88' lang='lat' dir='ltr'>diligen-</span> 
     </span>
    </p>
   </div>
   <div class='ocr_carea' id='block_1_29' title="bbox 165 2726 1818 2804">
    <p class='ocr_par' dir='ltr' id='par_1_29' title="bbox 165 2726 1818 2804">
     <span class='ocr_line' id='line_1_29' title="bbox 165 2726 1818 2804; baseline 0.004 -22"><span class='ocrx_word' id='word_1_196' title='bbox 165 2726 240 2797; x_wconf 92' lang='lat' dir='ltr'>di,</span> <span class='ocrx_word' id='word_1_197' title='bbox 263 2731 336 2784; x_wconf 82' lang='lat' dir='ltr'>ut</span> <span class='ocrx_word' id='word_1_198' title='bbox 369 2728 658 2802; x_wconf 88' lang='lat' dir='ltr'>quidquid</span> <span class='ocrx_word' id='word_1_199' title='bbox 691 2729 831 2787; x_wconf 83' lang='lat' dir='ltr'>mali</span> <span class='ocrx_word' id='word_1_200' title='bbox 862 2731 1032 2787; x_wconf 90' lang='lat' dir='ltr'>nobis</span> <span class='ocrx_word' id='word_1_201' title='bbox 1059 2731 1295 2801; x_wconf 83' lang='lat' dir='ltr'>faciant,</span> <span class='ocrx_word' id='word_1_202' title='bbox 1319 2748 1435 2788; x_wconf 90' lang='lat' dir='ltr'>non</span> <span class='ocrx_word' id='word_1_203' title='bbox 1466 2733 1818 2804; x_wconf 74' lang='lat' dir='ltr'>repercutie-</span> 
     </span>
    </p>
   </div>
   <div class='ocr_carea' id='block_1_30' title="bbox 167 2818 1817 2894">
    <p class='ocr_par' dir='ltr' id='par_1_30' title="bbox 167 2818 1817 2894">
     <span class='ocr_line' id='line_1_30' title="bbox 167 2818 1817 2894; baseline 0.004 -23"><span class='ocrx_word' id='word_1_204' title='bbox 167 2832 315 2885; x_wconf 89' lang='lat' dir='ltr'>mus,</span> <span class='ocrx_word' id='word_1_205' title='bbox 359 2818 462 2873; x_wconf 90' lang='lat' dir='ltr'>sed</span> <span class='ocrx_word' id='word_1_206' title='bbox 495 2834 600 2891; x_wconf 88' lang='lat' dir='ltr'>pro</span> <span class='ocrx_word' id='word_1_207' title='bbox 630 2819 716 2874; x_wconf 90' lang='lat' dir='ltr'>eis</span> <span class='ocrx_word' id='word_1_208' title='bbox 746 2835 1010 2890; x_wconf 89' lang='lat' dir='ltr'>oremus;</span> <span class='ocrx_word' id='word_1_209' title='bbox 1044 2824 1103 2876; x_wconf 88' lang='lat' dir='ltr'>et</span> <span class='ocrx_word' id='word_1_210' title='bbox 1142 2820 1406 2893; x_wconf 90' lang='lat' dir='ltr'>quandiu</span> <span class='ocrx_word' id='word_1_211' title='bbox 1434 2821 1496 2876; x_wconf 92' lang='lat' dir='ltr'>in</span> <span class='ocrx_word' id='word_1_212' title='bbox 1528 2821 1612 2877; x_wconf 90' lang='lat' dir='ltr'>eis</span> <span class='ocrx_word' id='word_1_213' title='bbox 1643 2822 1817 2894; x_wconf 81' lang='lat' dir='ltr'>proﬂ-</span> 
     </span>
    </p>
   </div>
   <div class='ocr_carea' id='block_1_31' title="bbox 164 2906 1815 2981">
    <p class='ocr_par' dir='ltr' id='par_1_31' title="bbox 164 2906 1815 2981">
     <span class='ocr_line' id='line_1_31' title="bbox 164 2906 1815 2981; baseline 0.002 -19"><span class='ocrx_word' id='word_1_214' title='bbox 164 2922 285 2963; x_wconf 83' lang='lat' dir='ltr'>cere</span> <span class='ocrx_word' id='word_1_215' title='bbox 313 2910 625 2981; x_wconf 87' lang='lat' dir='ltr'>putamus,</span> <span class='ocrx_word' id='word_1_216' title='bbox 649 2906 846 2965; x_wconf 90' lang='lat' dir='ltr'>divina</span> <span class='ocrx_word' id='word_1_217' title='bbox 893 2908 1291 2965; x_wconf 88' lang='lat' dir='ltr'>admonitione</span> <span class='ocrx_word' id='word_1_218' title='bbox 1321 2909 1407 2967; x_wconf 90' lang='lat' dir='ltr'>eis</span> <span class='ocrx_word' id='word_1_219' title='bbox 1450 2910 1815 2966; x_wconf 88' lang='lat' dir='ltr'>insistamus.</span> 
     </span>
    </p>
   </div>
   <div class='ocr_carea' id='block_1_32' title="bbox 165 2994 1821 3071">
    <p class='ocr_par' dir='ltr' id='par_1_32' title="bbox 165 2994 1821 3071">
     <span class='ocr_line' id='line_1_32' title="bbox 165 2994 1821 3071; baseline 0.002 -21"><span class='ocrx_word' id='word_1_220' title='bbox 165 2994 219 3050; x_wconf 92' lang='lat' dir='ltr'>Si</span> <span class='ocrx_word' id='word_1_221' title='bbox 250 3000 457 3051; x_wconf 85' lang='lat' dir='ltr'>autem</span> <span class='ocrx_word' id='word_1_222' title='bbox 488 2995 547 3050; x_wconf 90' lang='lat' dir='ltr'>in</span> <span class='ocrx_word' id='word_1_223' title='bbox 584 2995 670 3053; x_wconf 88' lang='lat' dir='ltr'>eis</span> <span class='ocrx_word' id='word_1_224' title='bbox 713 2996 861 3052; x_wconf 88' lang='lat' dir='ltr'>nihil</span> <span class='ocrx_word' id='word_1_225' title='bbox 892 2998 1171 3071; x_wconf 82' lang='lat' dir='ltr'>proficere</span> <span class='ocrx_word' id='word_1_226' title='bbox 1198 2997 1482 3066; x_wconf 90' lang='lat' dir='ltr'>valemus,</span> <span class='ocrx_word' id='word_1_227' title='bbox 1504 3015 1612 3055; x_wconf 91' lang='lat' dir='ltr'>nec</span> <span class='ocrx_word' id='word_1_228' title='bbox 1658 2998 1821 3055; x_wconf 90' lang='lat' dir='ltr'>salva</span> 
     </span>
    </p>
   </div>
   <div class='ocr_carea' id='block_1_33' title="bbox 166 3082 1824 3160">
    <p class='ocr_par' dir='ltr' id='par_1_33' title="bbox 166 3082 1824 3160">
     <span class='ocr_line' id='line_1_33' title="bbox 166 3082 1824 3160; baseline 0.003 -22"><span class='ocrx_word' id='word_1_229' title='bbox 166 3082 446 3157; x_wconf 85' lang='lat' dir='ltr'>religione</span> <span class='ocrx_word' id='word_1_230' title='bbox 477 3101 612 3141; x_wconf 92' lang='lat' dir='ltr'>cum</span> <span class='ocrx_word' id='word_1_231' title='bbox 642 3085 728 3142; x_wconf 90' lang='lat' dir='ltr'>eis</span> <span class='ocrx_word' id='word_1_232' title='bbox 758 3085 1023 3143; x_wconf 88' lang='lat' dir='ltr'>habitare</span> <span class='ocrx_word' id='word_1_233' title='bbox 1050 3104 1388 3160; x_wconf 88' lang='lat' dir='ltr'>possumus,</span> <span class='ocrx_word' id='word_1_234' title='bbox 1414 3087 1487 3144; x_wconf 89' lang='lat' dir='ltr'>ab</span> <span class='ocrx_word' id='word_1_235' title='bbox 1509 3104 1712 3144; x_wconf 89' lang='lat' dir='ltr'>eorum</span> <span class='ocrx_word' id='word_1_236' title='bbox 1741 3088 1824 3150; x_wconf 83' lang='lat' dir='ltr'>fa.</span> 
     </span>
    </p>
   </div>
   <div class='ocr_carea' id='block_1_34' title="bbox 165 3171 1820 3251">
    <p class='ocr_par' dir='ltr' id='par_1_34' title="bbox 165 3171 1820 3251">
     <span class='ocr_line' id='line_1_34' title="bbox 165 3171 1820 3251; baseline 0.005 -25"><span class='ocrx_word' id='word_1_237' title='bbox 165 3171 506 3229; x_wconf 87' lang='lat' dir='ltr'>miliaritate</span> <span class='ocrx_word' id='word_1_238' title='bbox 523 3177 580 3229; x_wconf 88' lang='lat' dir='ltr'>et</span> <span class='ocrx_word' id='word_1_239' title='bbox 595 3173 958 3231; x_wconf 87' lang='lat' dir='ltr'>habitatione</span> <span class='ocrx_word' id='word_1_240' title='bbox 979 3176 1235 3249; x_wconf 87' lang='lat' dir='ltr'>separari</span> <span class='ocrx_word' id='word_1_241' title='bbox 1253 3176 1566 3233; x_wconf 90' lang='lat' dir='ltr'>debemus:</span> <span class='ocrx_word' id='word_1_242' title='bbox 1581 3196 1686 3250; x_wconf 90' lang='lat' dir='ltr'>pro</span> <span class='ocrx_word' id='word_1_243' title='bbox 1702 3195 1820 3251; x_wconf 92' lang='lat' dir='ltr'>quo</span> 
     </span>
    </p>
   </div>
   <div class='ocr_carea' id='block_1_35' title="bbox 163 3251 1890 3337">
    <p class='ocr_par' dir='ltr' id='par_1_35' title="bbox 163 3251 1890 3337">
     <span class='ocr_line' id='line_1_35' title="bbox 163 3251 1890 3337; baseline 0.003 -22"><span class='ocrx_word' id='word_1_244' title='bbox 163 3259 333 3316; x_wconf 87' lang='lat' dir='ltr'>etiam</span> <span class='ocrx_word' id='word_1_245' title='bbox 360 3266 591 3334; x_wconf 86' lang='lat' dir='ltr'>patrem</span> <span class='ocrx_word' id='word_1_246' title='bbox 612 3266 670 3319; x_wconf 89' lang='lat' dir='ltr'>et</span> <span class='ocrx_word' id='word_1_247' title='bbox 685 3280 924 3321; x_wconf 80' lang='lat' dir='ltr'>uxorem</span> <span class='ocrx_word' id='word_1_248' title='bbox 948 3264 1277 3337; x_wconf 88' lang='lat' dir='ltr'>relinquere</span> <span class='ocrx_word' id='word_1_249' title='bbox 1293 3266 1595 3335; x_wconf 90' lang='lat' dir='ltr'>debemus,</span> <span class='ocrx_word' id='word_1_250' title='bbox 1610 3266 1659 3323; x_wconf 91' lang='lat' dir='ltr'>si</span> <span class='ocrx_word' id='word_1_251' title='bbox 1681 3285 1817 3324; x_wconf 92' lang='lat' dir='ltr'>cum</span> <span class='ocrx_word' id='word_1_252' title='bbox 1847 3251 1890 3320; x_wconf 85' lang='lat' dir='ltr'>C</span> 
     </span>
    </p>
   </div>
   <div class='ocr_carea' id='block_1_36' title="bbox 164 3349 1817 3429">
    <p class='ocr_par' dir='ltr' id='par_1_36' title="bbox 164 3349 1817 3429">
     <span class='ocr_line' id='line_1_36' title="bbox 164 3349 1817 3429; baseline 0.006 -26"><span class='ocrx_word' id='word_1_253' title='bbox 164 3349 243 3405; x_wconf 89' lang='lat' dir='ltr'>eis</span> <span class='ocrx_word' id='word_1_254' title='bbox 272 3349 624 3424; x_wconf 84' lang='lat' dir='ltr'>religionem</span> <span class='ocrx_word' id='word_1_255' title='bbox 647 3351 1039 3410; x_wconf 88' lang='lat' dir='ltr'>Christianam</span> <span class='ocrx_word' id='word_1_256' title='bbox 1071 3370 1300 3411; x_wconf 88' lang='lat' dir='ltr'>servare</span> <span class='ocrx_word' id='word_1_257' title='bbox 1330 3372 1447 3410; x_wconf 89' lang='lat' dir='ltr'>non</span> <span class='ocrx_word' id='word_1_258' title='bbox 1475 3373 1817 3429; x_wconf 89' lang='lat' dir='ltr'>possumus,</span> 
     </span>
    </p>
   </div>
   <div class='ocr_carea' id='block_1_37' title="bbox 164 3437 1818 3519">
    <p class='ocr_par' dir='ltr' id='par_1_37' title="bbox 164 3437 1818 3519">
     <span class='ocr_line' id='line_1_37' title="bbox 164 3437 1818 3519; baseline 0.005 -26"><span class='ocrx_word' id='word_1_259' title='bbox 164 3437 468 3507; x_wconf 82' lang='lat' dir='ltr'>scilicet,si</span> <span class='ocrx_word' id='word_1_260' title='bbox 497 3457 604 3513; x_wconf 91' lang='lat' dir='ltr'>per</span> <span class='ocrx_word' id='word_1_261' title='bbox 621 3457 721 3498; x_wconf 91' lang='lat' dir='ltr'>eos</span> <span class='ocrx_word' id='word_1_262' title='bbox 747 3442 819 3498; x_wconf 89' lang='lat' dir='ltr'>ad</span> <span class='ocrx_word' id='word_1_263' title='bbox 850 3442 1143 3499; x_wconf 88' lang='lat' dir='ltr'>culturam</span> <span class='ocrx_word' id='word_1_264' title='bbox 1172 3443 1579 3514; x_wconf 89' lang='lat' dir='ltr'>idolorum,ch</span> <span class='ocrx_word' id='word_1_265' title='bbox 1596 3446 1818 3519; x_wconf 88' lang='lat' dir='ltr'>aliquid</span> 
     </span>
    </p>
   </div>
   <div class='ocr_carea' id='block_1_38' title="bbox 164 3527 1822 3607">
    <p class='ocr_par' dir='ltr' id='par_1_38' title="bbox 164 3527 1822 3607">
     <span class='ocr_line' id='line_1_38' title="bbox 164 3527 1822 3607; baseline 0.006 -25"><span class='ocrx_word' id='word_1_266' title='bbox 164 3527 357 3585; x_wconf 85' lang='lat' dir='ltr'>simile</span> <span class='ocrx_word' id='word_1_267' title='bbox 392 3528 793 3601; x_wconf 85' lang='lat' dir='ltr'>impellamur.</span> <span class='ocrx_word' id='word_1_268' title='bbox 817 3531 975 3587; x_wconf 90' lang='lat' dir='ltr'>Nihil</span> <span class='ocrx_word' id='word_1_269' title='bbox 1001 3531 1158 3588; x_wconf 91' lang='lat' dir='ltr'>enim</span> <span class='ocrx_word' id='word_1_270' title='bbox 1190 3531 1364 3589; x_wconf 88' lang='lat' dir='ltr'>alicui</span> <span class='ocrx_word' id='word_1_271' title='bbox 1395 3534 1660 3607; x_wconf 79' lang='lat' dir='ltr'>proximo</span> <span class='ocrx_word' id='word_1_272' title='bbox 1687 3528 1822 3592; x_wconf 80' lang='lat' dir='ltr'>con-</span> 
     </span>
    </p>
   </div>
   <div class='ocr_carea' id='block_1_39' title="bbox 165 3618 1817 3699">
    <p class='ocr_par' dir='ltr' id='par_1_39' title="bbox 165 3618 1817 3699">
     <span class='ocr_line' id='line_1_39' title="bbox 165 3618 1817 3699; baseline 0.008 -27"><span class='ocrx_word' id='word_1_273' title='bbox 165 3619 248 3673; x_wconf 86' lang='lat' dir='ltr'>tra</span> <span class='ocrx_word' id='word_1_274' title='bbox 274 3618 472 3675; x_wconf 86' lang='lat' dir='ltr'>Deum</span> <span class='ocrx_word' id='word_1_275' title='bbox 505 3618 818 3691; x_wconf 86' lang='lat' dir='ltr'>debemus;</span> <span class='ocrx_word' id='word_1_276' title='bbox 852 3622 1010 3678; x_wconf 88' lang='lat' dir='ltr'>unde</span> <span class='ocrx_word' id='word_1_277' title='bbox 1051 3621 1337 3680; x_wconf 89' lang='lat' dir='ltr'>Dominus</span> <span class='ocrx_word' id='word_1_278' title='bbox 1366 3624 1426 3679; x_wconf 92' lang='lat' dir='ltr'>in</span> <span class='ocrx_word' id='word_1_279' title='bbox 1458 3625 1768 3699; x_wconf 89' lang='lat' dir='ltr'>Evangelio</span> <span class='ocrx_word' id='word_1_280' title='bbox 1803 3643 1817 3685; x_wconf 91' lang='lat'>:</span> 
     </span>
    </p>
   </div>
   <div class='ocr_carea' id='block_1_40' title="bbox 164 3707 1818 3785">
    <p class='ocr_par' dir='ltr' id='par_1_40' title="bbox 164 3707 1818 3785">
     <span class='ocr_line' id='line_1_40' title="bbox 164 3707 1818 3785; baseline 0.007 -24"><span class='ocrx_word' id='word_1_281' title='bbox 164 3727 189 3755; x_wconf 75' lang='lat' dir='ltr'><strong><em>u</em></strong></span> <span class='ocrx_word' id='word_1_282' title='bbox 213 3707 319 3772; x_wconf 86' lang='lat' dir='ltr'>Qui</span> <span class='ocrx_word' id='word_1_283' title='bbox 340 3711 513 3763; x_wconf 84' lang='lat' dir='ltr'>amat</span> <span class='ocrx_word' id='word_1_284' title='bbox 539 3712 766 3781; x_wconf 87' lang='lat' dir='ltr'>patrem</span> <span class='ocrx_word' id='word_1_285' title='bbox 788 3714 892 3766; x_wconf 90' lang='lat' dir='ltr'>aut</span> <span class='ocrx_word' id='word_1_286' title='bbox 912 3714 1161 3768; x_wconf 88' lang='lat' dir='ltr'>matrem</span> <span class='ocrx_word' id='word_1_287' title='bbox 1192 3711 1327 3784; x_wconf 91' lang='lat' dir='ltr'>plus</span> <span class='ocrx_word' id='word_1_288' title='bbox 1357 3729 1534 3785; x_wconf 89' lang='lat' dir='ltr'>quam</span> <span class='ocrx_word' id='word_1_289' title='bbox 1563 3731 1678 3782; x_wconf 89' lang='lat' dir='ltr'>me,</span> <span class='ocrx_word' id='word_1_290' title='bbox 1702 3732 1818 3772; x_wconf 88' lang='lat' dir='ltr'>non</span> 
     </span>
    </p>
   </div>
   <div class='ocr_carea' id='block_1_41' title="bbox 161 3796 1031 3871">
    <p class='ocr_par' dir='ltr' id='par_1_41' title="bbox 161 3796 1031 3871">
     <span class='ocr_line' id='line_1_41' title="bbox 161 3796 1031 3871; baseline 0.006 -22"><span class='ocrx_word' id='word_1_291' title='bbox 161 3798 245 3850; x_wconf 85' lang='lat' dir='ltr'>est</span> <span class='ocrx_word' id='word_1_292' title='bbox 272 3812 373 3853; x_wconf 86' lang='lat' dir='ltr'>me</span> <span class='ocrx_word' id='word_1_293' title='bbox 404 3796 645 3871; x_wconf 90' lang='lat' dir='ltr'>dignus.</span> <span class='ocrx_word' id='word_1_294' title='bbox 676 3798 880 3870; x_wconf 78' lang='lat' dir='ltr'>(Matth.</span> <span class='ocrx_word' id='word_1_295' title='bbox 902 3803 980 3870; x_wconf 70' lang='grc' dir='ltr'>χ).</span> <span class='ocrx_word' id='word_1_296' title='bbox 1007 3824 1031 3854; x_wconf 75' lang='grc' dir='ltr'><strong><em>ι</em></strong></span> 
     </span>
    </p>
   </div>
   <div class='ocr_carea' id='block_1_42' title="bbox 223 3885 1820 3965">
    <p class='ocr_par' dir='ltr' id='par_1_42' title="bbox 223 3885 1820 3965">
     <span class='ocr_line' id='line_1_42' title="bbox 223 3885 1820 3965; baseline 0.004 -24"><span class='ocrx_word' id='word_1_297' title='bbox 223 3885 609 3943; x_wconf 88' lang='lat' dir='ltr'>Continuatio</span> <span class='ocrx_word' id='word_1_298' title='bbox 654 3903 668 3944; x_wconf 89' lang='lat'>:</span> <span class='ocrx_word' id='word_1_299' title='bbox 719 3888 1184 3946; x_wconf 84' lang='lat' dir='ltr'>Justiﬁcationes</span> <span class='ocrx_word' id='word_1_300' title='bbox 1240 3891 1524 3948; x_wconf 88' lang='lat' dir='ltr'>custodivi</span> <span class='ocrx_word' id='word_1_301' title='bbox 1582 3897 1820 3965; x_wconf 88' lang='lat' dir='ltr'>propter</span> 
     </span>
    </p>
   </div>
   <div class='ocr_carea' id='block_1_43' title="bbox 159 3972 1814 4052">
    <p class='ocr_par' dir='ltr' id='par_1_43' title="bbox 159 3972 1814 4052">
     <span class='ocr_line' id='line_1_43' title="bbox 159 3972 1814 4052; baseline 0.006 -26"><span class='ocrx_word' id='word_1_302' title='bbox 159 3972 641 4044; x_wconf 80' lang='lat' dir='ltr'>retributionem;</span> <span class='ocrx_word' id='word_1_303' title='bbox 674 3979 733 4032; x_wconf 92' lang='lat' dir='ltr'>et</span> <span class='ocrx_word' id='word_1_304' title='bbox 763 3980 827 4033; x_wconf 89' lang='lat' dir='ltr'>ut</span> <span class='ocrx_word' id='word_1_305' title='bbox 872 3977 945 4034; x_wconf 91' lang='lat' dir='ltr'>ad</span> <span class='ocrx_word' id='word_1_306' title='bbox 994 3977 1154 4034; x_wconf 86' lang='lat' dir='ltr'>illam</span> <span class='ocrx_word' id='word_1_307' title='bbox 1212 3979 1434 4051; x_wconf 90' lang='lat' dir='ltr'>possim</span> <span class='ocrx_word' id='word_1_308' title='bbox 1494 3981 1814 4052; x_wconf 85' lang='lat' dir='ltr'>pervenire,</span> 
     </span>
    </p>
   </div>
   <div class='ocr_carea' id='block_1_44' title="bbox 155 4058 1562 4140">
    <p class='ocr_par' dir='ltr' id='par_1_44' title="bbox 155 4058 1562 4140">
     <span class='ocr_line' id='line_1_44' title="bbox 155 4058 1562 4140; baseline 0.004 -26"><span class='ocrx_word' id='word_1_309' title='bbox 155 4058 393 4134; x_wconf 89' lang='lat' dir='ltr'>iniquos</span> <span class='ocrx_word' id='word_1_310' title='bbox 431 4062 569 4120; x_wconf 91' lang='lat' dir='ltr'>odio</span> <span class='ocrx_word' id='word_1_311' title='bbox 598 4063 804 4132; x_wconf 88' lang='lat' dir='ltr'>habui,</span> <span class='ocrx_word' id='word_1_312' title='bbox 833 4070 892 4123; x_wconf 90' lang='lat' dir='ltr'>et</span> <span class='ocrx_word' id='word_1_313' title='bbox 921 4066 1109 4140; x_wconf 87' lang='lat' dir='ltr'>legem</span> <span class='ocrx_word' id='word_1_314' title='bbox 1138 4070 1302 4124; x_wconf 88' lang='lat' dir='ltr'>tuam</span> <span class='ocrx_word' id='word_1_315' title='bbox 1335 4067 1562 4124; x_wconf 64' lang='lat' dir='ltr'>dilexi.»</span> 
     </span>
    </p>
   </div>
   <div class='ocr_carea' id='block_1_45' title="bbox 221 4150 1815 4230">
    <p class='ocr_par' dir='ltr' id='par_1_45' title="bbox 221 4150 1815 4230">
     <span class='ocr_line' id='line_1_45' title="bbox 221 4150 1815 4230; baseline 0.005 -24"><span class='ocrx_word' id='word_1_316' title='bbox 221 4150 294 4207; x_wconf 83' lang='lat' dir='ltr'>Et</span> <span class='ocrx_word' id='word_1_317' title='bbox 322 4168 466 4208; x_wconf 90' lang='lat' dir='ltr'>cum</span> <span class='ocrx_word' id='word_1_318' title='bbox 495 4152 733 4225; x_wconf 89' lang='lat' dir='ltr'>iniquos</span> <span class='ocrx_word' id='word_1_319' title='bbox 754 4155 1030 4229; x_wconf 89' lang='lat' dir='ltr'>devitem,</span> <span class='ocrx_word' id='word_1_320' title='bbox 1053 4160 1113 4213; x_wconf 90' lang='lat' dir='ltr'>et</span> <span class='ocrx_word' id='word_1_321' title='bbox 1133 4157 1461 4213; x_wconf 87' lang='lat' dir='ltr'>custodiam</span> <span class='ocrx_word' id='word_1_322' title='bbox 1484 4156 1726 4230; x_wconf 85' lang='lat' dir='ltr'>lcgem,«</span> <span class='ocrx_word' id='word_1_323' title='bbox 1752 4163 1815 4214; x_wconf 91' lang='lat' dir='ltr'>tu</span> 
     </span>
    </p>
   </div>
   <div class='ocr_carea' id='block_1_46' title="bbox 152 4241 1819 4319">
    <p class='ocr_par' dir='ltr' id='par_1_46' title="bbox 152 4241 1819 4319">
     <span class='ocr_line' id='line_1_46' title="bbox 152 4241 1819 4319; baseline 0.005 -24"><span class='ocrx_word' id='word_1_324' title='bbox 152 4253 212 4295; x_wconf 87' lang='lat' dir='ltr'>es</span> <span class='ocrx_word' id='word_1_325' title='bbox 230 4241 475 4314; x_wconf 79' lang='lat' dir='ltr'>adjutor</span> <span class='ocrx_word' id='word_1_326' title='bbox 488 4258 661 4299; x_wconf 90' lang='lat' dir='ltr'>meus</span> <span class='ocrx_word' id='word_1_327' title='bbox 675 4262 704 4297; x_wconf 76' lang='grc' dir='ltr'>ι</span> <span class='ocrx_word' id='word_1_328' title='bbox 727 4245 800 4301; x_wconf 90' lang='lat' dir='ltr'>ad</span> <span class='ocrx_word' id='word_1_329' title='bbox 822 4244 968 4301; x_wconf 89' lang='lat' dir='ltr'>bene</span> <span class='ocrx_word' id='word_1_330' title='bbox 992 4246 1413 4319; x_wconf 72' lang='lat' dir='ltr'>operandum,¢</span> <span class='ocrx_word' id='word_1_331' title='bbox 1437 4250 1494 4302; x_wconf 91' lang='lat' dir='ltr'>et</span> <span class='ocrx_word' id='word_1_332' title='bbox 1512 4251 1819 4319; x_wconf 89' lang='lat' dir='ltr'>susceptor</span> 
     </span>
    </p>
   </div>
   <div class='ocr_carea' id='block_1_47' title="bbox 156 4330 1815 4410">
    <p class='ocr_par' dir='ltr' id='par_1_47' title="bbox 156 4330 1815 4410">
     <span class='ocr_line' id='line_1_47' title="bbox 156 4330 1815 4410; baseline 0.007 -28"><span class='ocrx_word' id='word_1_333' title='bbox 156 4343 383 4399; x_wconf 71' lang='lat' dir='ltr'>meus,n</span> <span class='ocrx_word' id='word_1_334' title='bbox 410 4330 554 4404; x_wconf 88' lang='lat' dir='ltr'>quia</span> <span class='ocrx_word' id='word_1_335' title='bbox 582 4347 687 4404; x_wconf 86' lang='lat' dir='ltr'>per</span> <span class='ocrx_word' id='word_1_336' title='bbox 719 4331 935 4390; x_wconf 89' lang='lat' dir='ltr'>Christi</span> <span class='ocrx_word' id='word_1_337' title='bbox 968 4340 1334 4407; x_wconf 75' lang='lat' dir='ltr'>assumptum</span> <span class='ocrx_word' id='word_1_338' title='bbox 1368 4334 1815 4410; x_wconf 88' lang='lat' dir='ltr'>humanitatem,</span> 
     </span>
    </p>
   </div>
   <div class='ocr_carea' id='block_1_48' title="bbox 154 4418 1813 4493">
    <p class='ocr_par' dir='ltr' id='par_1_48' title="bbox 154 4418 1813 4493">
     <span class='ocr_line' id='line_1_48' title="bbox 154 4418 1813 4493; baseline 0.006 -21"><span class='ocrx_word' id='word_1_339' title='bbox 154 4432 347 4475; x_wconf 88' lang='lat' dir='ltr'>meam</span> <span class='ocrx_word' id='word_1_340' title='bbox 380 4418 644 4478; x_wconf 83' lang='lat' dir='ltr'>multum</span> <span class='ocrx_word' id='word_1_341' title='bbox 675 4420 940 4478; x_wconf 85' lang='lat' dir='ltr'>exaltasti</span> <span class='ocrx_word' id='word_1_342' title='bbox 969 4439 1016 4478; x_wconf 74' lang='grc' dir='ltr'><strong>ει</strong></span> <span class='ocrx_word' id='word_1_343' title='bbox 1042 4428 1099 4480; x_wconf 91' lang='lat' dir='ltr'>et</span> <span class='ocrx_word' id='word_1_344' title='bbox 1130 4424 1190 4479; x_wconf 89' lang='lat' dir='ltr'>in</span> <span class='ocrx_word' id='word_1_345' title='bbox 1220 4423 1477 4480; x_wconf 89' lang='lat' dir='ltr'>Verbum</span> <span class='ocrx_word' id='word_1_346' title='bbox 1505 4428 1729 4493; x_wconf 70' lang='lat' dir='ltr'>tuum,»</span> <span class='ocrx_word' id='word_1_347' title='bbox 1754 4426 1813 4482; x_wconf 91' lang='lat' dir='ltr'>id</span> 
     </span>
    </p>
   </div>
   <div class='ocr_carea' id='block_1_49' title="bbox 153 4506 1813 4587">
    <p class='ocr_par' dir='ltr' id='par_1_49' title="bbox 153 4506 1813 4587">
     <span class='ocr_line' id='line_1_49' title="bbox 153 4506 1813 4587; baseline 0.005 -27"><span class='ocrx_word' id='word_1_348' title='bbox 153 4511 240 4561; x_wconf 86' lang='lat' dir='ltr'>est</span> <span class='ocrx_word' id='word_1_349' title='bbox 271 4506 515 4578; x_wconf 84' lang='lat' dir='ltr'>Filium,</span> <span class='ocrx_word' id='word_1_350' title='bbox 537 4507 628 4566; x_wconf 91' lang='lat' dir='ltr'>vel</span> <span class='ocrx_word' id='word_1_351' title='bbox 651 4509 916 4567; x_wconf 91' lang='lat' dir='ltr'>divinum</span> <span class='ocrx_word' id='word_1_352' title='bbox 944 4515 1297 4585; x_wconf 65' lang='lat' dir='ltr'>praeceptum</span> <span class='ocrx_word' id='word_1_353' title='bbox 1322 4514 1476 4585; x_wconf 91' lang='lat' dir='ltr'>quod</span> <span class='ocrx_word' id='word_1_354' title='bbox 1508 4514 1813 4587; x_wconf 89' lang='lat' dir='ltr'>complevi,</span> 
     </span>
    </p>
   </div>
   <div class='ocr_carea' id='block_1_50' title="bbox 1938 602 3587 676">
    <p class='ocr_par' dir='ltr' id='par_1_50' title="bbox 1938 602 3587 676">
     <span class='ocr_line' id='line_1_50' title="bbox 1938 602 3587 676; baseline 0.005 -20"><span class='ocrx_word' id='word_1_355' title='bbox 1938 602 2096 673; x_wconf 90' lang='lat' dir='ltr'>scipe</span> <span class='ocrx_word' id='word_1_356' title='bbox 2144 622 2235 660; x_wconf 90' lang='lat' dir='ltr'>me</span> <span class='ocrx_word' id='word_1_357' title='bbox 2271 628 2290 655; x_wconf 73' lang='grc' dir='ltr'><strong>υ</strong></span> <span class='ocrx_word' id='word_1_358' title='bbox 2330 606 2388 659; x_wconf 92' lang='lat' dir='ltr'>in</span> <span class='ocrx_word' id='word_1_359' title='bbox 2446 606 2732 675; x_wconf 89' lang='lat' dir='ltr'>custodia,</span> <span class='ocrx_word' id='word_1_360' title='bbox 2768 624 2839 662; x_wconf 90' lang='lat' dir='ltr'>ne</span> <span class='ocrx_word' id='word_1_361' title='bbox 2869 608 3071 664; x_wconf 90' lang='lat' dir='ltr'>cedam</span> <span class='ocrx_word' id='word_1_362' title='bbox 3134 608 3412 676; x_wconf 90' lang='lat' dir='ltr'>inimicis,</span> <span class='ocrx_word' id='word_1_363' title='bbox 3441 631 3462 658; x_wconf 79' lang='grc' dir='ltr'><strong>α</strong></span> <span class='ocrx_word' id='word_1_364' title='bbox 3499 626 3587 665; x_wconf 89' lang='lat' dir='ltr'>se-</span> 
     </span>
    </p>
   </div>
   <div class='ocr_carea' id='block_1_51' title="bbox 1937 692 3593 768">
    <p class='ocr_par' dir='ltr' id='par_1_51' title="bbox 1937 692 3593 768">
     <span class='ocr_line' id='line_1_51' title="bbox 1937 692 3593 768; baseline 0.005 -24"><span class='ocrx_word' id='word_1_365' title='bbox 1937 692 2196 747; x_wconf 90' lang='lat' dir='ltr'>cundum</span> <span class='ocrx_word' id='word_1_366' title='bbox 2227 693 2527 766; x_wconf 90' lang='lat' dir='ltr'>eloquium</span> <span class='ocrx_word' id='word_1_367' title='bbox 2551 699 2777 762; x_wconf 86' lang='lat' dir='ltr'>tuum,»</span> <span class='ocrx_word' id='word_1_368' title='bbox 2802 695 2859 751; x_wconf 94' lang='lat' dir='ltr'>id</span> <span class='ocrx_word' id='word_1_369' title='bbox 2883 699 2973 753; x_wconf 91' lang='lat' dir='ltr'>est</span> <span class='ocrx_word' id='word_1_370' title='bbox 2996 697 3319 751; x_wconf 91' lang='lat' dir='ltr'>secundum</span> <span class='ocrx_word' id='word_1_371' title='bbox 3347 698 3593 768; x_wconf 89' lang='lat' dir='ltr'>promis-</span> 
     </span>
    </p>
   </div>
   <div class='ocr_carea' id='block_1_52' title="bbox 1936 778 3591 856">
    <p class='ocr_par' dir='ltr' id='par_1_52' title="bbox 1936 778 3591 856">
     <span class='ocr_line' id='line_1_52' title="bbox 1936 778 3591 856; baseline 0.005 -24"><span class='ocrx_word' id='word_1_372' title='bbox 1936 778 2182 835; x_wconf 86' lang='lat' dir='ltr'>sionem.</span> <span class='ocrx_word' id='word_1_373' title='bbox 2205 781 2328 850; x_wconf 89' lang='lat' dir='ltr'>Vel,</span> <span class='ocrx_word' id='word_1_374' title='bbox 2355 804 2382 831; x_wconf 87' lang='grc'>‹‹</span> <span class='ocrx_word' id='word_1_375' title='bbox 2417 784 2747 839; x_wconf 87' lang='lat' dir='ltr'>secundum</span> <span class='ocrx_word' id='word_1_376' title='bbox 2778 783 3131 856; x_wconf 80' lang='lat' dir='ltr'>eloquium,»</span> <span class='ocrx_word' id='word_1_377' title='bbox 3167 784 3225 839; x_wconf 89' lang='lat' dir='ltr'>id</span> <span class='ocrx_word' id='word_1_378' title='bbox 3257 788 3364 852; x_wconf 90' lang='lat' dir='ltr'>est,</span> <span class='ocrx_word' id='word_1_379' title='bbox 3399 789 3465 840; x_wconf 90' lang='lat' dir='ltr'>ut</span> <span class='ocrx_word' id='word_1_380' title='bbox 3494 801 3591 840; x_wconf 86' lang='lat' dir='ltr'>se-</span> 
     </span>
    </p>
   </div>
   <div class='ocr_carea' id='block_1_53' title="bbox 1936 871 3588 943">
    <p class='ocr_par' dir='ltr' id='par_1_53' title="bbox 1936 871 3588 943">
     <span class='ocr_line' id='line_1_53' title="bbox 1936 871 3588 943; baseline 0.004 -22"><span class='ocrx_word' id='word_1_381' title='bbox 1936 883 2085 938; x_wconf 91' lang='lat' dir='ltr'>quar</span> <span class='ocrx_word' id='word_1_382' title='bbox 2114 875 2401 941; x_wconf 66' lang='lat' dir='ltr'>praecepta</span> <span class='ocrx_word' id='word_1_383' title='bbox 2422 874 2542 937; x_wconf 90' lang='lat' dir='ltr'>tua,</span> <span class='ocrx_word' id='word_1_384' title='bbox 2567 871 2864 943; x_wconf 90' lang='lat' dir='ltr'>implendo</span> <span class='ocrx_word' id='word_1_385' title='bbox 2899 889 2967 928; x_wconf 92' lang='lat' dir='ltr'>ea</span> <span class='ocrx_word' id='word_1_386' title='bbox 2988 890 3036 927; x_wconf 73' lang='lat' dir='ltr'>:c</span> <span class='ocrx_word' id='word_1_387' title='bbox 3062 877 3119 928; x_wconf 91' lang='lat' dir='ltr'>et</span> <span class='ocrx_word' id='word_1_388' title='bbox 3137 894 3166 924; x_wconf 88' lang='grc'><strong>››</strong></span> <span class='ocrx_word' id='word_1_389' title='bbox 3189 876 3330 928; x_wconf 88' lang='lat' dir='ltr'>tunc</span> <span class='ocrx_word' id='word_1_390' title='bbox 3360 871 3588 928; x_wconf 87' lang='lat' dir='ltr'>utinam</span> 
     </span>
    </p>
   </div>
   <div class='ocr_carea' id='block_1_54' title="bbox 1936 957 3586 1034">
    <p class='ocr_par' dir='ltr' id='par_1_54' title="bbox 1936 957 3586 1034">
     <span class='ocr_line' id='line_1_54' title="bbox 1936 957 3586 1034; baseline 0.005 -25"><span class='ocrx_word' id='word_1_391' title='bbox 1936 957 2176 1012; x_wconf 84' lang='lat' dir='ltr'>«vivam</span> <span class='ocrx_word' id='word_1_392' title='bbox 2202 981 2229 1009; x_wconf 84' lang='grc'><strong>››</strong></span> <span class='ocrx_word' id='word_1_393' title='bbox 2256 960 2315 1013; x_wconf 91' lang='lat' dir='ltr'>in</span> <span class='ocrx_word' id='word_1_394' title='bbox 2348 960 2565 1028; x_wconf 90' lang='lat' dir='ltr'>anima,</span> <span class='ocrx_word' id='word_1_395' title='bbox 2587 984 2613 1010; x_wconf 88' lang='lat'><strong>«</strong></span> <span class='ocrx_word' id='word_1_396' title='bbox 2642 966 2701 1016; x_wconf 89' lang='lat' dir='ltr'>et</span> <span class='ocrx_word' id='word_1_397' title='bbox 2743 984 2769 1009; x_wconf 85' lang='lat'><strong>»</strong></span> <span class='ocrx_word' id='word_1_398' title='bbox 2792 977 2927 1016; x_wconf 91' lang='lat' dir='ltr'>cum</span> <span class='ocrx_word' id='word_1_399' title='bbox 2965 967 3369 1034; x_wconf 83' lang='lat' dir='ltr'>exspectavero</span> <span class='ocrx_word' id='word_1_400' title='bbox 3408 962 3586 1018; x_wconf 90' lang='lat' dir='ltr'>vitam</span> 
     </span>
    </p>
   </div>
   <div class='ocr_carea' id='block_1_55' title="bbox 1935 1049 3589 1121">
    <p class='ocr_par' dir='ltr' id='par_1_55' title="bbox 1935 1049 3589 1121">
     <span class='ocr_line' id='line_1_55' title="bbox 1935 1049 3589 1121; baseline 0.004 -23"><span class='ocrx_word' id='word_1_401' title='bbox 1935 1049 2233 1112; x_wconf 67' lang='lat' dir='ltr'>internum,</span> <span class='ocrx_word' id='word_1_402' title='bbox 2263 1070 2287 1094; x_wconf 82' lang='grc' dir='ltr'>«ι</span> <span class='ocrx_word' id='word_1_403' title='bbox 2318 1065 2433 1102; x_wconf 89' lang='lat' dir='ltr'>non</span> <span class='ocrx_word' id='word_1_404' title='bbox 2454 1049 2783 1104; x_wconf 81' lang='lat' dir='ltr'>confundas</span> <span class='ocrx_word' id='word_1_405' title='bbox 2806 1066 2900 1104; x_wconf 90' lang='lat' dir='ltr'>me</span> <span class='ocrx_word' id='word_1_406' title='bbox 2926 1050 2999 1104; x_wconf 90' lang='lat' dir='ltr'>ab</span> <span class='ocrx_word' id='word_1_407' title='bbox 3022 1074 3046 1100; x_wconf 73' lang='grc' dir='ltr'><strong>η</strong></span> <span class='ocrx_word' id='word_1_408' title='bbox 3073 1049 3173 1105; x_wconf 76' lang='lat' dir='ltr'>Illa</span> <span class='ocrx_word' id='word_1_409' title='bbox 3196 1079 3220 1102; x_wconf 76' lang='grc' dir='ltr'>α</span> <span class='ocrx_word' id='word_1_410' title='bbox 3244 1067 3374 1106; x_wconf 90' lang='lat' dir='ltr'>mea</span> <span class='ocrx_word' id='word_1_411' title='bbox 3393 1066 3589 1121; x_wconf 84' lang='lat' dir='ltr'>exspe-</span> 
     </span>
    </p>
   </div>
   <div class='ocr_carea' id='block_1_56' title="bbox 1935 1135 3194 1209">
    <p class='ocr_par' dir='ltr' id='par_1_56' title="bbox 1935 1135 3194 1209">
     <span class='ocr_line' id='line_1_56' title="bbox 1935 1135 3194 1209; baseline 0.004 -22"><span class='ocrx_word' id='word_1_412' title='bbox 1935 1135 2207 1206; x_wconf 87' lang='lat' dir='ltr'>ctatione,</span> <span class='ocrx_word' id='word_1_413' title='bbox 2232 1165 2256 1189; x_wconf 81' lang='lat'>»</span> <span class='ocrx_word' id='word_1_414' title='bbox 2289 1137 2390 1191; x_wconf 90' lang='lat' dir='ltr'>sed</span> <span class='ocrx_word' id='word_1_415' title='bbox 2423 1136 2498 1191; x_wconf 89' lang='lat' dir='ltr'>da</span> <span class='ocrx_word' id='word_1_416' title='bbox 2527 1136 2791 1192; x_wconf 86' lang='lat' dir='ltr'>obtinere</span> <span class='ocrx_word' id='word_1_417' title='bbox 2820 1138 2977 1208; x_wconf 91' lang='lat' dir='ltr'>quod</span> <span class='ocrx_word' id='word_1_418' title='bbox 3005 1154 3194 1209; x_wconf 89' lang='lat' dir='ltr'>spero.</span> 
     </span>
    </p>
   </div>
   <div class='ocr_carea' id='block_1_57' title="bbox 2011 1223 3581 1297">
    <p class='ocr_par' dir='ltr' id='par_1_57' title="bbox 2011 1223 3581 1297">
     <span class='ocr_line' id='line_1_57' title="bbox 2011 1223 3581 1297; baseline 0.001 -20"><span class='ocrx_word' id='word_1_419' title='bbox 2011 1246 2031 1272; x_wconf 75' lang='grc' dir='ltr'>ιι</span> <span class='ocrx_word' id='word_1_420' title='bbox 2060 1223 2184 1278; x_wconf 89' lang='lat' dir='ltr'>Non</span> <span class='ocrx_word' id='word_1_421' title='bbox 2216 1224 2545 1295; x_wconf 80' lang='lat' dir='ltr'>confundas</span> <span class='ocrx_word' id='word_1_422' title='bbox 2574 1254 2596 1275; x_wconf 77' lang='grc' dir='ltr'>»ι</span> <span class='ocrx_word' id='word_1_423' title='bbox 2619 1225 2772 1293; x_wconf 91' lang='lat' dir='ltr'>dico,</span> <span class='ocrx_word' id='word_1_424' title='bbox 2797 1226 2897 1280; x_wconf 87' lang='lat' dir='ltr'>sed</span> <span class='ocrx_word' id='word_1_425' title='bbox 2932 1226 3128 1297; x_wconf 86' lang='lat' dir='ltr'>potius</span> <span class='ocrx_word' id='word_1_426' title='bbox 3150 1247 3173 1272; x_wconf 74' lang='grc' dir='ltr'>ιι</span> <span class='ocrx_word' id='word_1_427' title='bbox 3206 1227 3417 1297; x_wconf 88' lang='lat' dir='ltr'>adjuva</span> <span class='ocrx_word' id='word_1_428' title='bbox 3445 1243 3538 1282; x_wconf 90' lang='lat' dir='ltr'>me</span> <span class='ocrx_word' id='word_1_429' title='bbox 3557 1250 3581 1279; x_wconf 72' lang='grc' dir='ltr'><strong><em>ι</em></strong></span> 
     </span>
    </p>
   </div>
   <div class='ocr_carea' id='block_1_58' title="bbox 1934 1310 3581 1386">
    <p class='ocr_par' dir='ltr' id='par_1_58' title="bbox 1934 1310 3581 1386">
     <span class='ocr_line' id='line_1_58' title="bbox 1934 1310 3581 1386; baseline -0.001 -21"><span class='ocrx_word' id='word_1_430' title='bbox 1934 1310 2007 1365; x_wconf 89' lang='lat' dir='ltr'>ad</span> <span class='ocrx_word' id='word_1_431' title='bbox 2038 1312 2187 1367; x_wconf 88' lang='lat' dir='ltr'>bene</span> <span class='ocrx_word' id='word_1_432' title='bbox 2226 1314 2612 1385; x_wconf 78' lang='lat' dir='ltr'>operandam,</span> <span class='ocrx_word' id='word_1_433' title='bbox 2646 1345 2669 1367; x_wconf 89' lang='grc'><em>‹‹</em></span> <span class='ocrx_word' id='word_1_434' title='bbox 2703 1318 2761 1368; x_wconf 89' lang='lat' dir='ltr'>et</span> <span class='ocrx_word' id='word_1_435' title='bbox 2792 1336 2815 1359; x_wconf 76' lang='grc' dir='ltr'><strong>ιι</strong></span> <span class='ocrx_word' id='word_1_436' title='bbox 2848 1330 2951 1386; x_wconf 90' lang='lat' dir='ltr'>per</span> <span class='ocrx_word' id='word_1_437' title='bbox 2987 1314 3096 1370; x_wconf 89' lang='lat' dir='ltr'>hoc</span> <span class='ocrx_word' id='word_1_438' title='bbox 3138 1336 3163 1363; x_wconf 85' lang='grc'><strong>‹‹</strong></span> <span class='ocrx_word' id='word_1_439' title='bbox 3200 1313 3395 1369; x_wconf 91' lang='lat' dir='ltr'>salvus</span> <span class='ocrx_word' id='word_1_440' title='bbox 3435 1331 3533 1369; x_wconf 88' lang='lat' dir='ltr'>ero</span> <span class='ocrx_word' id='word_1_441' title='bbox 3559 1338 3581 1364; x_wconf 75' lang='grc' dir='ltr'>ι</span> 
     </span>
    </p>
   </div>
   <div class='ocr_carea' id='block_1_59' title="bbox 1934 1400 3585 1474">
    <p class='ocr_par' dir='ltr' id='par_1_59' title="bbox 1934 1400 3585 1474">
     <span class='ocr_line' id='line_1_59' title="bbox 1934 1400 3585 1474; baseline 0.002 -20"><span class='ocrx_word' id='word_1_442' title='bbox 1934 1404 2151 1456; x_wconf 63' lang='lat' dir='ltr'>(eterna</span> <span class='ocrx_word' id='word_1_443' title='bbox 2181 1400 2522 1474; x_wconf 87' lang='lat' dir='ltr'>salvatione,</span> <span class='ocrx_word' id='word_1_444' title='bbox 2555 1427 2584 1457; x_wconf 89' lang='grc'>‹‹</span> <span class='ocrx_word' id='word_1_445' title='bbox 2612 1407 2669 1458; x_wconf 91' lang='lat' dir='ltr'>et</span> <span class='ocrx_word' id='word_1_446' title='bbox 2698 1428 2721 1452; x_wconf 74' lang='grc' dir='ltr'>ι)</span> <span class='ocrx_word' id='word_1_447' title='bbox 2753 1420 2858 1474; x_wconf 88' lang='lat' dir='ltr'>per</span> <span class='ocrx_word' id='word_1_448' title='bbox 2896 1406 3066 1457; x_wconf 90' lang='lat' dir='ltr'>tuum</span> <span class='ocrx_word' id='word_1_449' title='bbox 3103 1402 3485 1474; x_wconf 70' lang='lat' dir='ltr'>adjutorium,</span> <span class='ocrx_word' id='word_1_450' title='bbox 3512 1403 3585 1458; x_wconf 89' lang='lat' dir='ltr'>ad</span> 
     </span>
    </p>
   </div>
   <div class='ocr_carea' id='block_1_60' title="bbox 1934 1487 3583 1563">
    <p class='ocr_par' dir='ltr' id='par_1_60' title="bbox 1934 1487 3583 1563">
     <span class='ocr_line' id='line_1_60' title="bbox 1934 1487 3583 1563; baseline 0.002 -21"><span class='ocrx_word' id='word_1_451' title='bbox 1934 1487 2064 1556; x_wconf 91' lang='lat' dir='ltr'>hoc,</span> <span class='ocrx_word' id='word_1_452' title='bbox 2098 1493 2164 1543; x_wconf 92' lang='lat' dir='ltr'>ut</span> <span class='ocrx_word' id='word_1_453' title='bbox 2198 1490 2269 1545; x_wconf 83' lang='lat' dir='ltr'>ad</span> <span class='ocrx_word' id='word_1_454' title='bbox 2320 1489 2483 1545; x_wconf 89' lang='lat' dir='ltr'>illam</span> <span class='ocrx_word' id='word_1_455' title='bbox 2544 1491 2767 1563; x_wconf 89' lang='lat' dir='ltr'>possim</span> <span class='ocrx_word' id='word_1_456' title='bbox 2822 1491 3122 1562; x_wconf 90' lang='lat' dir='ltr'>pervenire</span> <span class='ocrx_word' id='word_1_457' title='bbox 3179 1490 3583 1557; x_wconf 84' lang='lat' dir='ltr'>salvationem,</span> 
     </span>
    </p>
   </div>
   <div class='ocr_carea' id='block_1_61' title="bbox 1938 1576 3586 1651">
    <p class='ocr_par' dir='ltr' id='par_1_61' title="bbox 1938 1576 3586 1651">
     <span class='ocr_line' id='line_1_61' title="bbox 1938 1576 3586 1651; baseline 0.004 -24"><span class='ocrx_word' id='word_1_458' title='bbox 1938 1597 1965 1626; x_wconf 84' lang='lat'><strong>«</strong></span> <span class='ocrx_word' id='word_1_459' title='bbox 1999 1577 2327 1633; x_wconf 90' lang='lat' dir='ltr'>meditabor</span> <span class='ocrx_word' id='word_1_460' title='bbox 2368 1578 2426 1633; x_wconf 89' lang='lat' dir='ltr'>in</span> <span class='ocrx_word' id='word_1_461' title='bbox 2467 1579 2996 1651; x_wconf 79' lang='lat' dir='ltr'>justiﬁcationibus</span> <span class='ocrx_word' id='word_1_462' title='bbox 3033 1579 3151 1635; x_wconf 90' lang='lat' dir='ltr'>tuis</span> <span class='ocrx_word' id='word_1_463' title='bbox 3192 1594 3443 1651; x_wconf 88' lang='lat' dir='ltr'>semper,</span> <span class='ocrx_word' id='word_1_464' title='bbox 3468 1598 3493 1623; x_wconf 83' lang='lat'><strong>»</strong></span> <span class='ocrx_word' id='word_1_465' title='bbox 3525 1576 3586 1634; x_wconf 91' lang='lat' dir='ltr'>id</span> 
     </span>
    </p>
   </div>
   <div class='ocr_carea' id='block_1_62' title="bbox 1934 1658 3599 1739">
    <p class='ocr_par' dir='ltr' id='par_1_62' title="bbox 1934 1658 3599 1739">
     <span class='ocr_line' id='line_1_62' title="bbox 1934 1658 3599 1739; baseline 0.002 -20"><span class='ocrx_word' id='word_1_466' title='bbox 1934 1669 2025 1721; x_wconf 90' lang='lat' dir='ltr'>est</span> <span class='ocrx_word' id='word_1_467' title='bbox 2054 1666 2312 1721; x_wconf 87' lang='lat' dir='ltr'>assidue.</span> <span class='ocrx_word' id='word_1_468' title='bbox 2347 1668 2454 1733; x_wconf 91' lang='lat' dir='ltr'>Qui</span> <span class='ocrx_word' id='word_1_469' title='bbox 2499 1666 2656 1723; x_wconf 91' lang='lat' dir='ltr'>enim</span> <span class='ocrx_word' id='word_1_470' title='bbox 2701 1668 3028 1724; x_wconf 89' lang='lat' dir='ltr'>secundum</span> <span class='ocrx_word' id='word_1_471' title='bbox 3071 1658 3261 1739; x_wconf 85' lang='lat' dir='ltr'>legem</span> <span class='ocrx_word' id='word_1_472' title='bbox 3293 1666 3395 1723; x_wconf 87' lang='lat' dir='ltr'>Dei</span> <span class='ocrx_word' id='word_1_473' title='bbox 3422 1667 3599 1734; x_wconf 83' lang='lat' dir='ltr'>vivit,</span> 
     </span>
    </p>
   </div>
   <div class='ocr_carea' id='block_1_63' title="bbox 1934 1754 3585 1827">
    <p class='ocr_par' dir='ltr' id='par_1_63' title="bbox 1934 1754 3585 1827">
     <span class='ocr_line' id='line_1_63' title="bbox 1934 1754 3585 1827; baseline 0.001 -18"><span class='ocrx_word' id='word_1_474' title='bbox 1934 1754 2111 1809; x_wconf 88' lang='lat' dir='ltr'>etiam</span> <span class='ocrx_word' id='word_1_475' title='bbox 2144 1755 2287 1810; x_wconf 91' lang='lat' dir='ltr'>dum</span> <span class='ocrx_word' id='word_1_476' title='bbox 2317 1755 2477 1824; x_wconf 83' lang='lat' dir='ltr'>vivit,</span> <span class='ocrx_word' id='word_1_477' title='bbox 2498 1755 2585 1811; x_wconf 91' lang='lat' dir='ltr'>vel</span> <span class='ocrx_word' id='word_1_478' title='bbox 2616 1756 2853 1822; x_wconf 88' lang='lat' dir='ltr'>dormit,</span> <span class='ocrx_word' id='word_1_479' title='bbox 2876 1755 2964 1812; x_wconf 90' lang='lat' dir='ltr'>vel</span> <span class='ocrx_word' id='word_1_480' title='bbox 2994 1756 3336 1822; x_wconf 87' lang='lat' dir='ltr'>manducat,</span> <span class='ocrx_word' id='word_1_481' title='bbox 3366 1755 3428 1810; x_wconf 91' lang='lat' dir='ltr'>in</span> <span class='ocrx_word' id='word_1_482' title='bbox 3457 1754 3585 1827; x_wconf 85' lang='lat' dir='ltr'>lege</span> 
     </span>
    </p>
   </div>
   <div class='ocr_carea' id='block_1_64' title="bbox 1935 1836 3441 1899">
    <p class='ocr_par' dir='ltr' id='par_1_64' title="bbox 1935 1836 3441 1899">
     <span class='ocr_line' id='line_1_64' title="bbox 1935 1836 3441 1899; baseline 0.004 -3"><span class='ocrx_word' id='word_1_483' title='bbox 1935 1842 2036 1897; x_wconf 92' lang='lat' dir='ltr'>Dei</span> <span class='ocrx_word' id='word_1_484' title='bbox 2067 1843 2284 1898; x_wconf 90' lang='lat' dir='ltr'>dicitur</span> <span class='ocrx_word' id='word_1_485' title='bbox 2314 1843 2604 1899; x_wconf 90' lang='lat' dir='ltr'>meditari.</span> <span class='ocrx_word' id='word_1_486' title='bbox 3436 1836 3441 1841; x_wconf 65' lang='grc'><strong>’</strong></span> 
     </span>
    </p>
   </div>
   <div class='ocr_carea' id='block_1_65' title="bbox 2005 1931 3579 2004">
    <p class='ocr_par' dir='ltr' id='par_1_65' title="bbox 2005 1931 3579 2004">
     <span class='ocr_line' id='line_1_65' title="bbox 2005 1931 3579 2004; baseline 0 -17"><span class='ocrx_word' id='word_1_487' title='bbox 2005 1931 2139 1987; x_wconf 88' lang='lat' dir='ltr'>Ideo</span> <span class='ocrx_word' id='word_1_488' title='bbox 2171 1954 2199 1981; x_wconf 86' lang='lat'><strong>«</strong></span> <span class='ocrx_word' id='word_1_489' title='bbox 2232 1932 2632 1997; x_wconf 84' lang='lat' dir='ltr'>meditabor,»</span> <span class='ocrx_word' id='word_1_490' title='bbox 2660 1932 2799 2004; x_wconf 90' lang='lat' dir='ltr'>quia</span> <span class='ocrx_word' id='word_1_491' title='bbox 2855 1931 2966 1987; x_wconf 90' lang='lat' dir='ltr'>hoc</span> <span class='ocrx_word' id='word_1_492' title='bbox 3022 1932 3259 1988; x_wconf 90' lang='lat' dir='ltr'>attendo</span> <span class='ocrx_word' id='word_1_493' title='bbox 3312 1931 3467 2004; x_wconf 90' lang='lat' dir='ltr'>quod</span> <span class='ocrx_word' id='word_1_494' title='bbox 3514 1934 3579 1988; x_wconf 88' lang='lat' dir='ltr'>tu</span> 
     </span>
    </p>
   </div>
   <div class='ocr_carea' id='block_1_66' title="bbox 1934 2018 3582 2093">
    <p class='ocr_par' dir='ltr' id='par_1_66' title="bbox 1934 2018 3582 2093">
     <span class='ocr_line' id='line_1_66' title="bbox 1934 2018 3582 2093; baseline 0.004 -24"><span class='ocrx_word' id='word_1_495' title='bbox 1934 2043 1960 2070; x_wconf 85' lang='grc'>‹‹</span> <span class='ocrx_word' id='word_1_496' title='bbox 1995 2019 2263 2091; x_wconf 85' lang='lat' dir='ltr'>sprevisti</span> <span class='ocrx_word' id='word_1_497' title='bbox 2306 2036 2512 2075; x_wconf 89' lang='lat' dir='ltr'>omnes</span> <span class='ocrx_word' id='word_1_498' title='bbox 2554 2018 2920 2076; x_wconf 87' lang='lat' dir='ltr'>discedentes</span> <span class='ocrx_word' id='word_1_499' title='bbox 2949 2037 2983 2076; x_wconf 89' lang='lat' dir='ltr'>a</span> <span class='ocrx_word' id='word_1_500' title='bbox 3003 2020 3250 2092; x_wconf 90' lang='lat' dir='ltr'>judiciis</span> <span class='ocrx_word' id='word_1_501' title='bbox 3279 2019 3418 2088; x_wconf 89' lang='lat' dir='ltr'>tuis,</span> <span class='ocrx_word' id='word_1_502' title='bbox 3443 2018 3582 2093; x_wconf 87' lang='lat' dir='ltr'>quia</span> 
     </span>
    </p>
   </div>
   <div class='ocr_carea' id='block_1_67' title="bbox 1932 2107 3583 2182">
    <p class='ocr_par' dir='ltr' id='par_1_67' title="bbox 1932 2107 3583 2182">
     <span class='ocr_line' id='line_1_67' title="bbox 1932 2107 3583 2182; baseline 0 -19"><span class='ocrx_word' id='word_1_503' title='bbox 1932 2109 2206 2182; x_wconf 86' lang='lat' dir='ltr'>cogitatio</span> <span class='ocrx_word' id='word_1_504' title='bbox 2235 2125 2438 2166; x_wconf 86' lang='lat' dir='ltr'>eorum</span> <span class='ocrx_word' id='word_1_505' title='bbox 2468 2111 2557 2164; x_wconf 91' lang='lat' dir='ltr'>est</span> <span class='ocrx_word' id='word_1_506' title='bbox 2586 2108 2860 2179; x_wconf 78' lang='lat' dir='ltr'>injusta.»</span> <span class='ocrx_word' id='word_1_507' title='bbox 2886 2109 2945 2165; x_wconf 90' lang='lat' dir='ltr'>Si</span> <span class='ocrx_word' id='word_1_508' title='bbox 2970 2107 3127 2164; x_wconf 91' lang='lat' dir='ltr'>enim</span> <span class='ocrx_word' id='word_1_509' title='bbox 3152 2108 3352 2164; x_wconf 88' lang='lat' dir='ltr'>dicant</span> <span class='ocrx_word' id='word_1_510' title='bbox 3380 2125 3443 2165; x_wconf 90' lang='lat' dir='ltr'>se</span> <span class='ocrx_word' id='word_1_511' title='bbox 3472 2109 3583 2164; x_wconf 85' lang='lat' dir='ltr'>fra-</span> 
     </span>
    </p>
   </div>
   <div class='ocr_carea' id='block_1_68' title="bbox 1930 2195 3578 2270">
    <p class='ocr_par' dir='ltr' id='par_1_68' title="bbox 1930 2195 3578 2270">
     <span class='ocr_line' id='line_1_68' title="bbox 1930 2195 3578 2270; baseline 0.001 -19"><span class='ocrx_word' id='word_1_512' title='bbox 1930 2197 2153 2270; x_wconf 91' lang='lat' dir='ltr'>gilitate</span> <span class='ocrx_word' id='word_1_513' title='bbox 2184 2214 2442 2270; x_wconf 88' lang='lat' dir='ltr'>peccare,</span> <span class='ocrx_word' id='word_1_514' title='bbox 2465 2196 2553 2252; x_wconf 90' lang='lat' dir='ltr'>vel</span> <span class='ocrx_word' id='word_1_515' title='bbox 2597 2197 2783 2253; x_wconf 91' lang='lat' dir='ltr'>Deum</span> <span class='ocrx_word' id='word_1_516' title='bbox 2823 2196 2935 2252; x_wconf 85' lang='lat' dir='ltr'>sibi</span> <span class='ocrx_word' id='word_1_517' title='bbox 2974 2213 3078 2269; x_wconf 90' lang='lat' dir='ltr'>per</span> <span class='ocrx_word' id='word_1_518' title='bbox 3116 2195 3578 2253; x_wconf 90' lang='lat' dir='ltr'>misericordiam</span> 
     </span>
    </p>
   </div>
   <div class='ocr_carea' id='block_1_69' title="bbox 1930 2285 3578 2359">
    <p class='ocr_par' dir='ltr' id='par_1_69' title="bbox 1930 2285 3578 2359">
     <span class='ocr_line' id='line_1_69' title="bbox 1930 2285 3578 2359; baseline 0.001 -20"><span class='ocrx_word' id='word_1_519' title='bbox 1930 2285 2256 2359; x_wconf 89' lang='lat' dir='ltr'>indulgere,</span> <span class='ocrx_word' id='word_1_520' title='bbox 2288 2285 2375 2341; x_wconf 93' lang='lat' dir='ltr'>vel</span> <span class='ocrx_word' id='word_1_521' title='bbox 2411 2285 2533 2341; x_wconf 82' lang='lat' dir='ltr'>haec</span> <span class='ocrx_word' id='word_1_522' title='bbox 2563 2288 2797 2342; x_wconf 89' lang='lat' dir='ltr'>terrena</span> <span class='ocrx_word' id='word_1_523' title='bbox 2830 2302 2946 2341; x_wconf 91' lang='lat' dir='ltr'>non</span> <span class='ocrx_word' id='word_1_524' title='bbox 2991 2302 3217 2356; x_wconf 89' lang='lat' dir='ltr'>curare,</span> <span class='ocrx_word' id='word_1_525' title='bbox 3248 2301 3451 2342; x_wconf 88' lang='lat' dir='ltr'>eorum</span> <span class='ocrx_word' id='word_1_526' title='bbox 3483 2302 3578 2342; x_wconf 90' lang='lat' dir='ltr'>co-</span> 
     </span>
    </p>
   </div>
   <div class='ocr_carea' id='block_1_70' title="bbox 1928 2374 2525 2448">
    <p class='ocr_par' dir='ltr' id='par_1_70' title="bbox 1928 2374 2525 2448">
     <span class='ocr_line' id='line_1_70' title="bbox 1928 2374 2525 2448; baseline 0 -19"><span class='ocrx_word' id='word_1_527' title='bbox 1928 2375 2135 2448; x_wconf 89' lang='lat' dir='ltr'>gitatio</span> <span class='ocrx_word' id='word_1_528' title='bbox 2166 2379 2256 2431; x_wconf 87' lang='lat' dir='ltr'>est</span> <span class='ocrx_word' id='word_1_529' title='bbox 2283 2374 2366 2447; x_wconf 91' lang='lat' dir='ltr'>inj</span> <span class='ocrx_word' id='word_1_530' title='bbox 2374 2378 2525 2431; x_wconf 87' lang='lat' dir='ltr'>usta.</span> 
     </span>
    </p>
   </div>
   <div class='ocr_carea' id='block_1_71' title="bbox 2000 2456 3577 2537">
    <p class='ocr_par' dir='ltr' id='par_1_71' title="bbox 2000 2456 3577 2537">
     <span class='ocr_line' id='line_1_71' title="bbox 2000 2456 3577 2537; baseline -0.001 -17"><span class='ocrx_word' id='word_1_531' title='bbox 2000 2465 2070 2520; x_wconf 90' lang='lat' dir='ltr'>Et</span> <span class='ocrx_word' id='word_1_532' title='bbox 2100 2481 2215 2520; x_wconf 91' lang='lat' dir='ltr'>non</span> <span class='ocrx_word' id='word_1_533' title='bbox 2235 2467 2467 2520; x_wconf 89' lang='lat' dir='ltr'>tantum</span> <span class='ocrx_word' id='word_1_534' title='bbox 2484 2462 2755 2535; x_wconf 88' lang='lat' dir='ltr'>sprevisti</span> <span class='ocrx_word' id='word_1_535' title='bbox 2782 2466 2865 2532; x_wconf 92' lang='lat' dir='ltr'>tu,</span> <span class='ocrx_word' id='word_1_536' title='bbox 2886 2463 2986 2519; x_wconf 88' lang='lat' dir='ltr'>sed</span> <span class='ocrx_word' id='word_1_537' title='bbox 3013 2462 3189 2520; x_wconf 91' lang='lat' dir='ltr'>etiam</span> <span class='ocrx_word' id='word_1_538' title='bbox 3220 2478 3327 2536; x_wconf 88' lang='lat' dir='ltr'>ego</span> <span class='ocrx_word' id='word_1_539' title='bbox 3355 2456 3577 2537; x_wconf 74' lang='lat' dir='ltr'>sprevi;</span> 
     </span>
    </p>
   </div>
   <div class='ocr_carea' id='block_1_72' title="bbox 1927 2552 3578 2625">
    <p class='ocr_par' dir='ltr' id='par_1_72' title="bbox 1927 2552 3578 2625">
     <span class='ocr_line' id='line_1_72' title="bbox 1927 2552 3578 2625; baseline 0.001 -17"><span class='ocrx_word' id='word_1_540' title='bbox 1927 2557 1984 2608; x_wconf 90' lang='lat' dir='ltr'>et</span> <span class='ocrx_word' id='word_1_541' title='bbox 2014 2553 2123 2608; x_wconf 92' lang='lat' dir='ltr'>hoc</span> <span class='ocrx_word' id='word_1_542' title='bbox 2156 2552 2297 2608; x_wconf 91' lang='lat' dir='ltr'>dicit</span> <span class='ocrx_word' id='word_1_543' title='bbox 2320 2570 2368 2607; x_wconf 71' lang='grc' dir='ltr'>τα</span> <span class='ocrx_word' id='word_1_544' title='bbox 2389 2570 2594 2609; x_wconf 90' lang='lat' dir='ltr'>omnes</span> <span class='ocrx_word' id='word_1_545' title='bbox 2616 2556 2949 2625; x_wconf 90' lang='lat' dir='ltr'>peccatores</span> <span class='ocrx_word' id='word_1_546' title='bbox 2981 2555 3205 2620; x_wconf 59' lang='lat' dir='ltr'>terrae,»</span> <span class='ocrx_word' id='word_1_547' title='bbox 3225 2552 3447 2609; x_wconf 87' lang='lat' dir='ltr'>scilicet</span> <span class='ocrx_word' id='word_1_548' title='bbox 3473 2570 3578 2625; x_wconf 86' lang='lat' dir='ltr'>pa-</span> 
     </span>
    </p>
   </div>
   <div class='ocr_carea' id='block_1_73' title="bbox 1927 2640 3576 2715">
    <p class='ocr_par' dir='ltr' id='par_1_73' title="bbox 1927 2640 3576 2715">
     <span class='ocr_line' id='line_1_73' title="bbox 1927 2640 3576 2715; baseline 0.001 -19"><span class='ocrx_word' id='word_1_549' title='bbox 1927 2659 2131 2715; x_wconf 88' lang='lat' dir='ltr'>ganos,</span> <span class='ocrx_word' id='word_1_550' title='bbox 2166 2642 2267 2713; x_wconf 92' lang='lat' dir='ltr'>qui</span> <span class='ocrx_word' id='word_1_551' title='bbox 2300 2640 2487 2715; x_wconf 91' lang='lat' dir='ltr'>legem</span> <span class='ocrx_word' id='word_1_552' title='bbox 2517 2659 2630 2696; x_wconf 92' lang='lat' dir='ltr'>non</span> <span class='ocrx_word' id='word_1_553' title='bbox 2669 2641 2887 2696; x_wconf 88' lang='lat' dir='ltr'>habent</span> <span class='ocrx_word' id='word_1_554' title='bbox 2925 2641 3226 2712; x_wconf 88' lang='lat' dir='ltr'>scriptam,</span> <span class='ocrx_word' id='word_1_555' title='bbox 3259 2671 3283 2696; x_wconf 73' lang='grc' dir='ltr'><strong>α</strong></span> <span class='ocrx_word' id='word_1_556' title='bbox 3315 2641 3576 2714; x_wconf 88' lang='lat' dir='ltr'>reputavi</span> 
     </span>
    </p>
   </div>
   <div class='ocr_carea' id='block_1_74' title="bbox 1927 2727 3576 2803">
    <p class='ocr_par' dir='ltr' id='par_1_74' title="bbox 1927 2727 3576 2803">
     <span class='ocr_line' id='line_1_74' title="bbox 1927 2727 3576 2803; baseline 0 -18"><span class='ocrx_word' id='word_1_557' title='bbox 1927 2729 2432 2803; x_wconf 69' lang='lat' dir='ltr'>praevaricantes,»</span> <span class='ocrx_word' id='word_1_558' title='bbox 2467 2729 2675 2785; x_wconf 86' lang='lat' dir='ltr'>saltem</span> <span class='ocrx_word' id='word_1_559' title='bbox 2716 2727 3001 2784; x_wconf 86' lang='lat' dir='ltr'>naturalis</span> <span class='ocrx_word' id='word_1_560' title='bbox 3029 2727 3176 2801; x_wconf 89' lang='lat' dir='ltr'>legis</span> <span class='ocrx_word' id='word_1_561' title='bbox 3216 2745 3230 2785; x_wconf 88' lang='lat'><strong>:</strong></span> <span class='ocrx_word' id='word_1_562' title='bbox 3269 2732 3328 2784; x_wconf 92' lang='lat' dir='ltr'>et</span> <span class='ocrx_word' id='word_1_563' title='bbox 3362 2728 3422 2784; x_wconf 93' lang='lat' dir='ltr'>in</span> <span class='ocrx_word' id='word_1_564' title='bbox 3464 2728 3576 2786; x_wconf 86' lang='lat' dir='ltr'>hoc</span> 
     </span>
    </p>
   </div>
   <div class='ocr_carea' id='block_1_75' title="bbox 1928 2817 3573 2893">
    <p class='ocr_par' dir='ltr' id='par_1_75' title="bbox 1928 2817 3573 2893">
     <span class='ocr_line' id='line_1_75' title="bbox 1928 2817 3573 2893; baseline 0 -19"><span class='ocrx_word' id='word_1_565' title='bbox 1928 2824 2103 2893; x_wconf 88' lang='lat' dir='ltr'>auget</span> <span class='ocrx_word' id='word_1_566' title='bbox 2131 2818 2435 2874; x_wconf 90' lang='lat' dir='ltr'>cumulum</span> <span class='ocrx_word' id='word_1_567' title='bbox 2480 2817 2793 2885; x_wconf 88' lang='lat' dir='ltr'>malorum,</span> <span class='ocrx_word' id='word_1_568' title='bbox 2812 2817 2913 2889; x_wconf 91' lang='lat' dir='ltr'>qui</span> <span class='ocrx_word' id='word_1_569' title='bbox 2948 2820 3187 2890; x_wconf 92' lang='lat' dir='ltr'>propter</span> <span class='ocrx_word' id='word_1_570' title='bbox 3213 2820 3410 2873; x_wconf 90' lang='lat' dir='ltr'>actum</span> <span class='ocrx_word' id='word_1_571' title='bbox 3440 2834 3573 2891; x_wconf 90' lang='lat' dir='ltr'>peo-</span> 
     </span>
    </p>
   </div>
   <div class='ocr_carea' id='block_1_76' title="bbox 1927 2904 3572 2981">
    <p class='ocr_par' dir='ltr' id='par_1_76' title="bbox 1927 2904 3572 2981">
     <span class='ocr_line' id='line_1_76' title="bbox 1927 2904 3572 2981; baseline -0.003 -17"><span class='ocrx_word' id='word_1_572' title='bbox 1927 2908 2041 2964; x_wconf 90' lang='lat' dir='ltr'>cati</span> <span class='ocrx_word' id='word_1_573' title='bbox 2072 2908 2539 2981; x_wconf 74' lang='lat' dir='ltr'>przevaricatores</span> <span class='ocrx_word' id='word_1_574' title='bbox 2572 2910 2713 2962; x_wconf 90' lang='lat' dir='ltr'>sunt</span> <span class='ocrx_word' id='word_1_575' title='bbox 2740 2904 3024 2961; x_wconf 88' lang='lat' dir='ltr'>naturalis</span> <span class='ocrx_word' id='word_1_576' title='bbox 3066 2904 3232 2978; x_wconf 90' lang='lat' dir='ltr'>legis,</span> <span class='ocrx_word' id='word_1_577' title='bbox 3248 2905 3339 2962; x_wconf 91' lang='lat' dir='ltr'>vel</span> <span class='ocrx_word' id='word_1_578' title='bbox 3378 2905 3572 2980; x_wconf 88' lang='lat' dir='ltr'>Scrip-</span> 
     </span>
    </p>
   </div>
   <div class='ocr_carea' id='block_1_77' title="bbox 1926 2993 3573 3068">
    <p class='ocr_par' dir='ltr' id='par_1_77' title="bbox 1926 2993 3573 3068">
     <span class='ocr_line' id='line_1_77' title="bbox 1926 2993 3573 3068; baseline -0.001 -15"><span class='ocrx_word' id='word_1_579' title='bbox 1926 3002 2094 3066; x_wconf 67' lang='lat' dir='ltr'>turte,</span> <span class='ocrx_word' id='word_1_580' title='bbox 2124 2995 2213 3053; x_wconf 89' lang='lat' dir='ltr'>vel</span> <span class='ocrx_word' id='word_1_581' title='bbox 2260 2996 2567 3068; x_wconf 88' lang='lat' dir='ltr'>utriusque</span> <span class='ocrx_word' id='word_1_582' title='bbox 2600 3014 2613 3051; x_wconf 90' lang='lat'><strong>:</strong></span> <span class='ocrx_word' id='word_1_583' title='bbox 2647 2999 2704 3052; x_wconf 89' lang='lat' dir='ltr'>et</span> <span class='ocrx_word' id='word_1_584' title='bbox 2741 2994 2882 3067; x_wconf 89' lang='lat' dir='ltr'>quia</span> <span class='ocrx_word' id='word_1_585' title='bbox 2919 3002 3252 3066; x_wconf 89' lang='lat' dir='ltr'>peccatores</span> <span class='ocrx_word' id='word_1_586' title='bbox 3287 2993 3406 3051; x_wconf 86' lang='lat' dir='ltr'>vidi</span> <span class='ocrx_word' id='word_1_587' title='bbox 3444 3011 3573 3052; x_wconf 86' lang='lat' dir='ltr'>esse</span> 
     </span>
    </p>
   </div>
   <div class='ocr_carea' id='block_1_78' title="bbox 1928 3082 3570 3158">
    <p class='ocr_par' dir='ltr' id='par_1_78' title="bbox 1928 3082 3570 3158">
     <span class='ocr_line' id='line_1_78' title="bbox 1928 3082 3570 3158; baseline -0.001 -18"><span class='ocrx_word' id='word_1_588' title='bbox 1928 3083 2418 3158; x_wconf 75' lang='lat' dir='ltr'>praevaricatores,</span> <span class='ocrx_word' id='word_1_589' title='bbox 2454 3099 2479 3124; x_wconf 76' lang='grc' dir='ltr'>α</span> <span class='ocrx_word' id='word_1_590' title='bbox 2510 3087 2567 3139; x_wconf 90' lang='lat' dir='ltr'>et</span> <span class='ocrx_word' id='word_1_591' title='bbox 2595 3082 2725 3139; x_wconf 89' lang='lat' dir='ltr'>ideo</span> <span class='ocrx_word' id='word_1_592' title='bbox 2755 3100 2779 3125; x_wconf 74' lang='grc' dir='ltr'>ιι</span> <span class='ocrx_word' id='word_1_593' title='bbox 2814 3100 2886 3139; x_wconf 89' lang='lat' dir='ltr'>ne</span> <span class='ocrx_word' id='word_1_594' title='bbox 2916 3099 3106 3139; x_wconf 89' lang='lat' dir='ltr'>essem</span> <span class='ocrx_word' id='word_1_595' title='bbox 3148 3082 3570 3156; x_wconf 71' lang='lat' dir='ltr'>praavaricator,</span> 
     </span>
    </p>
   </div>
   <div class='ocr_carea' id='block_1_79' title="bbox 1929 3172 2736 3229">
    <p class='ocr_par' dir='ltr' id='par_1_79' title="bbox 1929 3172 2736 3229">
     <span class='ocr_line' id='line_1_79' title="bbox 1929 3172 2736 3229; baseline 0.001 -3"><span class='ocrx_word' id='word_1_596' title='bbox 1929 3195 1959 3225; x_wconf 77' lang='grc' dir='ltr'>ι(</span> <span class='ocrx_word' id='word_1_597' title='bbox 1990 3173 2164 3229; x_wconf 83' lang='lat' dir='ltr'>dilexi</span> <span class='ocrx_word' id='word_1_598' title='bbox 2192 3172 2531 3229; x_wconf 88' lang='lat' dir='ltr'>testimonia</span> <span class='ocrx_word' id='word_1_599' title='bbox 2556 3175 2678 3228; x_wconf 88' lang='lat' dir='ltr'>tua.</span> <span class='ocrx_word' id='word_1_600' title='bbox 2711 3194 2736 3219; x_wconf 70' lang='grc' dir='ltr'><strong><em>κ</em></strong></span> 
     </span>
    </p>
   </div>
   <div class='ocr_carea' id='block_1_80' title="bbox 2007 3260 3579 3334">
    <p class='ocr_par' dir='ltr' id='par_1_80' title="bbox 2007 3260 3579 3334">
     <span class='ocr_line' id='line_1_80' title="bbox 2007 3260 3579 3334; baseline 0 -15"><span class='ocrx_word' id='word_1_601' title='bbox 2007 3283 2028 3312; x_wconf 75' lang='grc' dir='ltr'><strong><em>α</em></strong></span> <span class='ocrx_word' id='word_1_602' title='bbox 2053 3263 2286 3334; x_wconf 85' lang='lat' dir='ltr'>Conﬁge</span> <span class='ocrx_word' id='word_1_603' title='bbox 2310 3261 2519 3318; x_wconf 88' lang='lat' dir='ltr'>timore</span> <span class='ocrx_word' id='word_1_604' title='bbox 2548 3265 2701 3318; x_wconf 84' lang='lat' dir='ltr'>tuo.»</span> <span class='ocrx_word' id='word_1_605' title='bbox 2723 3261 2869 3328; x_wconf 90' lang='lat' dir='ltr'>Quia</span> <span class='ocrx_word' id='word_1_606' title='bbox 2887 3260 3031 3318; x_wconf 92' lang='lat' dir='ltr'>vidit</span> <span class='ocrx_word' id='word_1_607' title='bbox 3053 3260 3165 3317; x_wconf 89' lang='lat' dir='ltr'>iste</span> <span class='ocrx_word' id='word_1_608' title='bbox 3186 3262 3390 3334; x_wconf 90' lang='lat' dir='ltr'>justus</span> <span class='ocrx_word' id='word_1_609' title='bbox 3418 3278 3579 3319; x_wconf 87' lang='lat' dir='ltr'>cum-</span> 
     </span>
    </p>
   </div>
   <div class='ocr_carea' id='block_1_81' title="bbox 1929 3349 3580 3426">
    <p class='ocr_par' dir='ltr' id='par_1_81' title="bbox 1929 3349 3580 3426">
     <span class='ocr_line' id='line_1_81' title="bbox 1929 3349 3580 3426; baseline 0.001 -19"><span class='ocrx_word' id='word_1_610' title='bbox 1929 3352 2062 3407; x_wconf 87' lang='lat' dir='ltr'>dem</span> <span class='ocrx_word' id='word_1_611' title='bbox 2091 3350 2400 3407; x_wconf 91' lang='lat' dir='ltr'>inimicum</span> <span class='ocrx_word' id='word_1_612' title='bbox 2420 3350 2534 3408; x_wconf 90' lang='lat' dir='ltr'>sibi</span> <span class='ocrx_word' id='word_1_613' title='bbox 2552 3350 2957 3424; x_wconf 88' lang='lat' dir='ltr'>insidiari,qui</span> <span class='ocrx_word' id='word_1_614' title='bbox 2987 3349 3134 3408; x_wconf 90' lang='lat' dir='ltr'>alios</span> <span class='ocrx_word' id='word_1_615' title='bbox 3162 3350 3413 3407; x_wconf 81' lang='lat' dir='ltr'>faciebat</span> <span class='ocrx_word' id='word_1_616' title='bbox 3440 3369 3580 3426; x_wconf 72' lang='lat' dir='ltr'>prae-</span> 
     </span>
    </p>
   </div>
   <div class='ocr_carea' id='block_1_82' title="bbox 1926 3441 3576 3516">
    <p class='ocr_par' dir='ltr' id='par_1_82' title="bbox 1926 3441 3576 3516">
     <span class='ocr_line' id='line_1_82' title="bbox 1926 3441 3576 3516; baseline 0 -17"><span class='ocrx_word' id='word_1_617' title='bbox 1926 3442 2277 3499; x_wconf 90' lang='lat' dir='ltr'>varicatores</span> <span class='ocrx_word' id='word_1_618' title='bbox 2306 3460 2408 3515; x_wconf 88' lang='lat' dir='ltr'>per</span> <span class='ocrx_word' id='word_1_619' title='bbox 2426 3443 2834 3516; x_wconf 89' lang='lat' dir='ltr'>suggestiones</span> <span class='ocrx_word' id='word_1_620' title='bbox 2864 3441 3077 3511; x_wconf 89' lang='lat' dir='ltr'>carnis,</span> <span class='ocrx_word' id='word_1_621' title='bbox 3101 3445 3372 3515; x_wconf 89' lang='lat' dir='ltr'>precatur</span> <span class='ocrx_word' id='word_1_622' title='bbox 3390 3441 3576 3499; x_wconf 90' lang='lat' dir='ltr'>Deum</span> 
     </span>
    </p>
   </div>
   <div class='ocr_carea' id='block_1_83' title="bbox 1928 3530 3579 3604">
    <p class='ocr_par' dir='ltr' id='par_1_83' title="bbox 1928 3530 3579 3604">
     <span class='ocr_line' id='line_1_83' title="bbox 1928 3530 3579 3604; baseline 0.001 -17"><span class='ocrx_word' id='word_1_623' title='bbox 1928 3536 1995 3587; x_wconf 92' lang='lat' dir='ltr'>ut</span> <span class='ocrx_word' id='word_1_624' title='bbox 2023 3531 2193 3588; x_wconf 90' lang='lat' dir='ltr'>illum</span> <span class='ocrx_word' id='word_1_625' title='bbox 2226 3531 2534 3589; x_wconf 75' lang='lat' dir='ltr'>inimicum</span> <span class='ocrx_word' id='word_1_626' title='bbox 2555 3531 2925 3604; x_wconf 87' lang='lat' dir='ltr'>comprimat.</span> <span class='ocrx_word' id='word_1_627' title='bbox 2943 3530 3313 3587; x_wconf 89' lang='lat' dir='ltr'>Continuatio</span> <span class='ocrx_word' id='word_1_628' title='bbox 3337 3548 3350 3587; x_wconf 89' lang='lat'><strong>:</strong></span> <span class='ocrx_word' id='word_1_629' title='bbox 3376 3531 3579 3588; x_wconf 88' lang='lat' dir='ltr'>Pecca-</span> 
     </span>
    </p>
   </div>
   <div class='ocr_carea' id='block_1_84' title="bbox 1927 3618 3671 3694">
    <p class='ocr_par' dir='ltr' id='par_1_84' title="bbox 1927 3618 3671 3694">
     <span class='ocr_line' id='line_1_84' title="bbox 1927 3618 3671 3694; baseline 0.001 -19"><span class='ocrx_word' id='word_1_630' title='bbox 1927 3624 2084 3677; x_wconf 89' lang='lat' dir='ltr'>tores</span> <span class='ocrx_word' id='word_1_631' title='bbox 2114 3621 2375 3694; x_wconf 89' lang='lat' dir='ltr'>reputavi</span> <span class='ocrx_word' id='word_1_632' title='bbox 2407 3620 2873 3694; x_wconf 69' lang='lat' dir='ltr'>praevaricantes,</span> <span class='ocrx_word' id='word_1_633' title='bbox 2902 3623 2960 3675; x_wconf 90' lang='lat' dir='ltr'>et</span> <span class='ocrx_word' id='word_1_634' title='bbox 2994 3636 3067 3675; x_wconf 89' lang='lat' dir='ltr'>ne</span> <span class='ocrx_word' id='word_1_635' title='bbox 3107 3635 3212 3692; x_wconf 86' lang='lat' dir='ltr'>ego</span> <span class='ocrx_word' id='word_1_636' title='bbox 3251 3619 3429 3675; x_wconf 89' lang='lat' dir='ltr'>etiam</span> <span class='ocrx_word' id='word_1_637' title='bbox 3460 3618 3574 3675; x_wconf 90' lang='lat' dir='ltr'>sim</span> <span class='ocrx_word' id='word_1_638' title='bbox 3662 3670 3671 3676; x_wconf 95' lang='lat'>.</span> 
     </span>
    </p>
   </div>
   <div class='ocr_carea' id='block_1_85' title="bbox 1926 3696 3574 3782">
    <p class='ocr_par' dir='ltr' id='par_1_85' title="bbox 1926 3696 3574 3782">
     <span class='ocr_line' id='line_1_85' title="bbox 1926 3696 3574 3782; baseline 0 -18"><span class='ocrx_word' id='word_1_639' title='bbox 1926 3709 2352 3782; x_wconf 68' lang='lat' dir='ltr'>przevaricator,</span> <span class='ocrx_word' id='word_1_640' title='bbox 2373 3732 2397 3756; x_wconf 84' lang='lat'><strong><em>«</em></strong></span> <span class='ocrx_word' id='word_1_641' title='bbox 2429 3709 2652 3782; x_wconf 83' lang='lat' dir='ltr'>conﬁge</span> <span class='ocrx_word' id='word_1_642' title='bbox 2690 3725 2919 3779; x_wconf 89' lang='lat' dir='ltr'>carnes,</span> <span class='ocrx_word' id='word_1_643' title='bbox 2942 3728 2965 3753; x_wconf 84' lang='lat'>»</span> <span class='ocrx_word' id='word_1_644' title='bbox 2986 3708 3045 3764; x_wconf 92' lang='lat' dir='ltr'>id</span> <span class='ocrx_word' id='word_1_645' title='bbox 3076 3711 3166 3764; x_wconf 90' lang='lat' dir='ltr'>est</span> <span class='ocrx_word' id='word_1_646' title='bbox 3200 3696 3574 3764; x_wconf 87' lang='lat' dir='ltr'>carnalitates</span> 
     </span>
    </p>
   </div>
   <div class='ocr_carea' id='block_1_86' title="bbox 1927 3794 3571 3866">
    <p class='ocr_par' dir='ltr' id='par_1_86' title="bbox 1927 3794 3571 3866">
     <span class='ocr_line' id='line_1_86' title="bbox 1927 3794 3571 3866; baseline -0.003 -11"><span class='ocrx_word' id='word_1_647' title='bbox 1927 3816 2089 3855; x_wconf 90' lang='lat' dir='ltr'>meas</span> <span class='ocrx_word' id='word_1_648' title='bbox 2113 3817 2138 3843; x_wconf 82' lang='lat'><strong>«</strong></span> <span class='ocrx_word' id='word_1_649' title='bbox 2169 3803 2270 3856; x_wconf 90' lang='lat' dir='ltr'>tuo</span> <span class='ocrx_word' id='word_1_650' title='bbox 2301 3799 2571 3865; x_wconf 80' lang='lat' dir='ltr'>timore,»</span> <span class='ocrx_word' id='word_1_651' title='bbox 2592 3797 2649 3852; x_wconf 93' lang='lat' dir='ltr'>id</span> <span class='ocrx_word' id='word_1_652' title='bbox 2680 3800 2770 3854; x_wconf 90' lang='lat' dir='ltr'>est</span> <span class='ocrx_word' id='word_1_653' title='bbox 2811 3796 2969 3853; x_wconf 90' lang='lat' dir='ltr'>clavo</span> <span class='ocrx_word' id='word_1_654' title='bbox 3008 3795 3238 3852; x_wconf 89' lang='lat' dir='ltr'>timoris</span> <span class='ocrx_word' id='word_1_655' title='bbox 3273 3794 3379 3851; x_wconf 89' lang='lat' dir='ltr'>tui.</span> <span class='ocrx_word' id='word_1_656' title='bbox 3413 3795 3571 3866; x_wconf 85' lang='lat' dir='ltr'>Ideo,</span> 
     </span>
    </p>
   </div>
   <div class='ocr_carea' id='block_1_87' title="bbox 1925 3880 3570 3960">
    <p class='ocr_par' dir='ltr' id='par_1_87' title="bbox 1925 3880 3570 3960">
     <span class='ocr_line' id='line_1_87' title="bbox 1925 3880 3570 3960; baseline -0.003 -16"><span class='ocrx_word' id='word_1_657' title='bbox 1925 3905 2149 3960; x_wconf 89' lang='lat' dir='ltr'>precor,</span> <span class='ocrx_word' id='word_1_658' title='bbox 2187 3888 2433 3960; x_wconf 79' lang='lat' dir='ltr'>confige,</span> <span class='ocrx_word' id='word_1_659' title='bbox 2460 3906 2485 3931; x_wconf 72' lang='grc' dir='ltr'><strong>α</strong></span> <span class='ocrx_word' id='word_1_660' title='bbox 2524 3903 2558 3942; x_wconf 91' lang='lat' dir='ltr'>a</span> <span class='ocrx_word' id='word_1_661' title='bbox 2595 3884 2840 3957; x_wconf 87' lang='lat' dir='ltr'>judiciis</span> <span class='ocrx_word' id='word_1_662' title='bbox 2876 3884 3035 3941; x_wconf 87' lang='lat' dir='ltr'>enim</span> <span class='ocrx_word' id='word_1_663' title='bbox 3074 3884 3193 3940; x_wconf 87' lang='lat' dir='ltr'>tuis</span> <span class='ocrx_word' id='word_1_664' title='bbox 3226 3882 3421 3956; x_wconf 79' lang='lat' dir='ltr'>timui,</span> <span class='ocrx_word' id='word_1_665' title='bbox 3454 3908 3478 3933; x_wconf 73' lang='grc' dir='ltr'>ι»</span> <span class='ocrx_word' id='word_1_666' title='bbox 3510 3880 3570 3940; x_wconf 89' lang='lat' dir='ltr'>id</span> 
     </span>
    </p>
   </div>
   <div class='ocr_carea' id='block_1_88' title="bbox 1924 3971 3573 4046">
    <p class='ocr_par' dir='ltr' id='par_1_88' title="bbox 1924 3971 3573 4046">
     <span class='ocr_line' id='line_1_88' title="bbox 1924 3971 3573 4046; baseline -0.002 -14"><span class='ocrx_word' id='word_1_667' title='bbox 1924 3983 2014 4034; x_wconf 90' lang='lat' dir='ltr'>est</span> <span class='ocrx_word' id='word_1_668' title='bbox 2042 3978 2116 4032; x_wconf 89' lang='lat' dir='ltr'>ad</span> <span class='ocrx_word' id='word_1_669' title='bbox 2145 3976 2672 4033; x_wconf 88' lang='lat' dir='ltr'>considerationem</span> <span class='ocrx_word' id='word_1_670' title='bbox 2703 3974 3036 4029; x_wconf 86' lang='lat' dir='ltr'>futurorum</span> <span class='ocrx_word' id='word_1_671' title='bbox 3058 3971 3419 4046; x_wconf 89' lang='lat' dir='ltr'>judiciorum</span> <span class='ocrx_word' id='word_1_672' title='bbox 3450 3978 3573 4029; x_wconf 90' lang='lat' dir='ltr'>tuo-</span> 
     </span>
    </p>
   </div>
   <div class='ocr_carea' id='block_1_89' title="bbox 1926 4060 3574 4139">
    <p class='ocr_par' dir='ltr' id='par_1_89' title="bbox 1926 4060 3574 4139">
     <span class='ocr_line' id='line_1_89' title="bbox 1926 4060 3574 4139; baseline -0.002 -18"><span class='ocrx_word' id='word_1_673' title='bbox 1926 4083 2122 4122; x_wconf 86' lang='lat' dir='ltr'>rum.«</span> <span class='ocrx_word' id='word_1_674' title='bbox 2159 4066 2391 4139; x_wconf 84' lang='lat' dir='ltr'>Conﬁge</span> <span class='ocrx_word' id='word_1_675' title='bbox 2424 4087 2450 4113; x_wconf 84' lang='lat'>»</span> <span class='ocrx_word' id='word_1_676' title='bbox 2481 4064 2645 4133; x_wconf 88' lang='lat' dir='ltr'>dicit,</span> <span class='ocrx_word' id='word_1_677' title='bbox 2676 4062 2818 4135; x_wconf 91' lang='lat' dir='ltr'>quia</span> <span class='ocrx_word' id='word_1_678' title='bbox 2841 4061 3065 4117; x_wconf 89' lang='lat' dir='ltr'>sciebat</span> <span class='ocrx_word' id='word_1_679' title='bbox 3093 4060 3249 4133; x_wconf 92' lang='lat' dir='ltr'>quod</span> <span class='ocrx_word' id='word_1_680' title='bbox 3278 4064 3446 4117; x_wconf 90' lang='lat' dir='ltr'>vetus</span> <span class='ocrx_word' id='word_1_681' title='bbox 3475 4061 3574 4118; x_wconf 89' lang='lat' dir='ltr'>ho-</span> 
     </span>
    </p>
   </div>
   <div class='ocr_carea' id='block_1_90' title="bbox 1924 4149 3572 4228">
    <p class='ocr_par' dir='ltr' id='par_1_90' title="bbox 1924 4149 3572 4228">
     <span class='ocr_line' id='line_1_90' title="bbox 1924 4149 3572 4228; baseline -0.002 -17"><span class='ocrx_word' id='word_1_682' title='bbox 1924 4172 2021 4211; x_wconf 90' lang='lat' dir='ltr'>mo</span> <span class='ocrx_word' id='word_1_683' title='bbox 2053 4156 2328 4228; x_wconf 80' lang='lat' dir='ltr'>ﬁgeretur</span> <span class='ocrx_word' id='word_1_684' title='bbox 2352 4154 2412 4208; x_wconf 92' lang='lat' dir='ltr'>in</span> <span class='ocrx_word' id='word_1_685' title='bbox 2443 4169 2632 4222; x_wconf 88' lang='lat' dir='ltr'>cruce,</span> <span class='ocrx_word' id='word_1_686' title='bbox 2667 4156 2725 4209; x_wconf 92' lang='lat' dir='ltr'>et</span> <span class='ocrx_word' id='word_1_687' title='bbox 2764 4152 3163 4208; x_wconf 88' lang='lat' dir='ltr'>destrueretur</span> <span class='ocrx_word' id='word_1_688' title='bbox 3198 4149 3259 4206; x_wconf 91' lang='lat' dir='ltr'>in</span> <span class='ocrx_word' id='word_1_689' title='bbox 3298 4151 3572 4224; x_wconf 88' lang='lat' dir='ltr'>passione</span> 
     </span>
    </p>
   </div>
   <div class='ocr_carea' id='block_1_91' title="bbox 1924 4244 2163 4301">
    <p class='ocr_par' dir='ltr' id='par_1_91' title="bbox 1924 4244 2163 4301">
     <span class='ocr_line' id='line_1_91' title="bbox 1924 4244 2163 4301; baseline -0.013 -1"><span class='ocrx_word' id='word_1_690' title='bbox 1924 4244 2163 4301; x_wconf 87' lang='lat' dir='ltr'>Christi.</span> 
     </span>
    </p>
   </div>
   <div class='ocr_carea' id='block_1_92' title="bbox 2686 4331 2805 4382">
    <p class='ocr_par' dir='ltr' id='par_1_92' title="bbox 2686 4331 2805 4382">
     <span class='ocr_line' id='line_1_92' title="bbox 2686 4331 2805 4382; baseline -0.025 0"><span class='ocrx_word' id='word_1_691' title='bbox 2686 4331 2805 4382; x_wconf 79' lang='lat' dir='ltr'>Ain.</span> 
     </span>
    </p>
   </div>
   <div class='ocr_carea' id='block_1_93' title="bbox 1996 4416 3570 4495">
    <p class='ocr_par' dir='ltr' id='par_1_93' title="bbox 1996 4416 3570 4495">
     <span class='ocr_line' id='line_1_93' title="bbox 1996 4416 3570 4495; baseline -0.003 -19"><span class='ocrx_word' id='word_1_692' title='bbox 1996 4447 2024 4476; x_wconf 83' lang='grc'><em>‹‹</em></span> <span class='ocrx_word' id='word_1_693' title='bbox 2060 4422 2188 4480; x_wconf 90' lang='lat' dir='ltr'>Feci</span> <span class='ocrx_word' id='word_1_694' title='bbox 2219 4420 2513 4495; x_wconf 89' lang='lat' dir='ltr'>judicium</span> <span class='ocrx_word' id='word_1_695' title='bbox 2541 4424 2599 4478; x_wconf 89' lang='lat' dir='ltr'>et</span> <span class='ocrx_word' id='word_1_696' title='bbox 2628 4418 2988 4493; x_wconf 65' lang='lat' dir='ltr'>justitiam.»</span> <span class='ocrx_word' id='word_1_697' title='bbox 3019 4418 3149 4485; x_wconf 86' lang='lat' dir='ltr'>Ain,</span> <span class='ocrx_word' id='word_1_698' title='bbox 3191 4417 3348 4489; x_wconf 90' lang='lat' dir='ltr'>quod</span> <span class='ocrx_word' id='word_1_699' title='bbox 3390 4416 3570 4473; x_wconf 87' lang='lat' dir='ltr'>inter-</span> 
     </span>
    </p>
   </div>
   <div class='ocr_carea' id='block_1_94' title="bbox 1925 4504 3567 4585">
    <p class='ocr_par' dir='ltr' id='par_1_94' title="bbox 1925 4504 3567 4585">
     <span class='ocr_line' id='line_1_94' title="bbox 1925 4504 3567 4585; baseline -0.005 -16"><span class='ocrx_word' id='word_1_700' title='bbox 1925 4516 2206 4585; x_wconf 88' lang='lat' dir='ltr'>pretatur,</span> <span class='ocrx_word' id='word_1_701' title='bbox 2239 4513 2449 4577; x_wconf 74' lang='lat' dir='ltr'>oculus,</span> <span class='ocrx_word' id='word_1_702' title='bbox 2482 4510 2612 4566; x_wconf 90' lang='lat' dir='ltr'>ideo</span> <span class='ocrx_word' id='word_1_703' title='bbox 2642 4509 2779 4564; x_wconf 91' lang='lat' dir='ltr'>huic</span> <span class='ocrx_word' id='word_1_704' title='bbox 2818 4506 3112 4564; x_wconf 89' lang='lat' dir='ltr'>octonario</span> <span class='ocrx_word' id='word_1_705' title='bbox 3150 4504 3567 4578; x_wconf 72' lang='lat' dir='ltr'>przescribitur,</span> 
     </span>
    </p>
   </div>
   <div class='ocr_carea' id='block_1_95' title="bbox 158 4592 3572 4689">
    <p class='ocr_par' dir='ltr' id='par_1_95' title="bbox 158 4592 3572 4689">
     <span class='ocr_line' id='line_1_95' title="bbox 158 4592 3572 4689; baseline -0.006 -20"><span class='ocrx_word' id='word_1_706' title='bbox 158 4615 181 4643; x_wconf 84' lang='lat'>&#39;</span> <span class='ocrx_word' id='word_1_707' title='bbox 213 4598 656 4689; x_wconf 25' lang='lat' dir='ltr'>suPePS‘peravi,</span> <span class='ocrx_word' id='word_1_708' title='bbox 685 4619 707 4650; x_wconf 79' lang='grc' dir='ltr'><strong>ι</strong></span> <span class='ocrx_word' id='word_1_709' title='bbox 734 4599 793 4655; x_wconf 92' lang='lat' dir='ltr'>id</span> <span class='ocrx_word' id='word_1_710' title='bbox 815 4603 905 4657; x_wconf 86' lang='lat' dir='ltr'>est</span> <span class='ocrx_word' id='word_1_711' title='bbox 933 4602 1127 4673; x_wconf 91' lang='lat' dir='ltr'>majus</span> <span class='ocrx_word' id='word_1_712' title='bbox 1158 4602 1454 4674; x_wconf 89' lang='lat' dir='ltr'>quoddam</span> <span class='ocrx_word' id='word_1_713' title='bbox 1485 4620 1662 4675; x_wconf 88' lang='lat' dir='ltr'>quam</span> <span class='ocrx_word' id='word_1_714' title='bbox 1694 4604 1815 4660; x_wconf 73' lang='lat' dir='ltr'>haec</span> <span class='ocrx_word' id='word_1_715' title='bbox 1842 4623 1892 4689; x_wconf 72' lang='grc' dir='ltr'><strong>Β</strong></span> <span class='ocrx_word' id='word_1_716' title='bbox 1926 4604 2063 4675; x_wconf 89' lang='lat' dir='ltr'>quia</span> <span class='ocrx_word' id='word_1_717' title='bbox 2096 4601 2189 4656; x_wconf 89' lang='lat' dir='ltr'>hic</span> <span class='ocrx_word' id='word_1_718' title='bbox 2209 4600 2542 4689; x_wconf 85' lang='lat' dir='ltr'>ostenditur</span> <span class='ocrx_word' id='word_1_719' title='bbox 2570 4597 2665 4653; x_wconf 88' lang='lat' dir='ltr'>ille</span> <span class='ocrx_word' id='word_1_720' title='bbox 2680 4598 2888 4689; x_wconf 79' lang='lat' dir='ltr'>justus</span> <span class='ocrx_word' id='word_1_721' title='bbox 2908 4593 3458 4689; x_wconf 44' lang='lat' dir='ltr'>quemdam-habere</span> <span class='ocrx_word' id='word_1_722' title='bbox 3488 4592 3572 4649; x_wconf 88' lang='lat' dir='ltr'>in-</span> 
     </span>
    </p>
   </div>
   <div class='ocr_carea' id='block_1_96' title="bbox 151 4686 1815 4765">
    <p class='ocr_par' dir='ltr' id='par_1_96' title="bbox 151 4686 1815 4765">
     <span class='ocr_line' id='line_1_96' title="bbox 151 4686 1815 4765; baseline 0.004 -24"><span class='ocrx_word' id='word_1_723' title='bbox 151 4686 470 4754; x_wconf 68' lang='lat' dir='ltr'>praesentia</span> <span class='ocrx_word' id='word_1_724' title='bbox 510 4692 729 4745; x_wconf 87' lang='lat' dir='ltr'>essent.</span> <span class='ocrx_word' id='word_1_725' title='bbox 757 4688 882 4761; x_wconf 87' lang='lat' dir='ltr'>Vel,</span> <span class='ocrx_word' id='word_1_726' title='bbox 906 4713 934 4740; x_wconf 88' lang='lat'><strong>«</strong></span> <span class='ocrx_word' id='word_1_727' title='bbox 967 4690 1433 4763; x_wconf 82' lang='lat' dir='ltr'>supersperavi,»</span> <span class='ocrx_word' id='word_1_728' title='bbox 1463 4691 1599 4763; x_wconf 89' lang='lat' dir='ltr'>quia</span> <span class='ocrx_word' id='word_1_729' title='bbox 1636 4692 1815 4765; x_wconf 87' lang='lat' dir='ltr'>priori</span> 
     </span>
    </p>
   </div>
   <div class='ocr_carea' id='block_1_97' title="bbox 151 4774 1058 4853">
    <p class='ocr_par' dir='ltr' id='par_1_97' title="bbox 151 4774 1058 4853">
     <span class='ocr_line' id='line_1_97' title="bbox 151 4774 1058 4853; baseline 0.009 -28"><span class='ocrx_word' id='word_1_730' title='bbox 151 4774 271 4843; x_wconf 86' lang='lat' dir='ltr'>spei</span> <span class='ocrx_word' id='word_1_731' title='bbox 306 4775 604 4846; x_wconf 87' lang='lat' dir='ltr'>majorem</span> <span class='ocrx_word' id='word_1_732' title='bbox 636 4777 839 4833; x_wconf 89' lang='lat' dir='ltr'>addidi</span> <span class='ocrx_word' id='word_1_733' title='bbox 870 4796 1058 4853; x_wconf 88' lang='lat' dir='ltr'>spem.</span> 
     </span>
    </p>
   </div>
   <div class='ocr_carea' id='block_1_98' title="bbox 219 4860 1816 4944">
    <p class='ocr_par' dir='ltr' id='par_1_98' title="bbox 219 4860 1816 4944">
     <span class='ocr_line' id='line_1_98' title="bbox 219 4860 1816 4944; baseline 0.007 -28"><span class='ocrx_word' id='word_1_734' title='bbox 219 4860 468 4934; x_wconf 88' lang='lat' dir='ltr'>lniquos</span> <span class='ocrx_word' id='word_1_735' title='bbox 498 4864 635 4920; x_wconf 93' lang='lat' dir='ltr'>odio</span> <span class='ocrx_word' id='word_1_736' title='bbox 660 4865 861 4936; x_wconf 89' lang='lat' dir='ltr'>habui,</span> <span class='ocrx_word' id='word_1_737' title='bbox 888 4868 969 4924; x_wconf 89' lang='lat' dir='ltr'>ita</span> <span class='ocrx_word' id='word_1_738' title='bbox 986 4867 1185 4924; x_wconf 89' lang='lat' dir='ltr'>dicens</span> <span class='ocrx_word' id='word_1_739' title='bbox 1211 4886 1223 4924; x_wconf 94' lang='lat'>:</span> <span class='ocrx_word' id='word_1_740' title='bbox 1249 4870 1292 4925; x_wconf 94' lang='grc' dir='ltr'>Ο</span> <span class='ocrx_word' id='word_1_741' title='bbox 1314 4887 1416 4925; x_wconf 88' lang='lat' dir='ltr'>vos</span> <span class='ocrx_word' id='word_1_742' title='bbox 1437 4871 1700 4944; x_wconf 86' lang='lat' dir='ltr'>maligni,</span> <span class='ocrx_word' id='word_1_743' title='bbox 1724 4873 1816 4928; x_wconf 86' lang='lat' dir='ltr'>de-</span> 
     </span>
    </p>
   </div>
   <div class='ocr_carea' id='block_1_99' title="bbox 149 4948 1821 5025">
    <p class='ocr_par' dir='ltr' id='par_1_99' title="bbox 149 4948 1821 5025">
     <span class='ocr_line' id='line_1_99' title="bbox 149 4948 1821 5025; baseline 0.009 -22"><span class='ocrx_word' id='word_1_744' title='bbox 149 4948 371 5006; x_wconf 87' lang='lat' dir='ltr'>clinate</span> <span class='ocrx_word' id='word_1_745' title='bbox 403 4968 438 5008; x_wconf 89' lang='lat' dir='ltr'>a</span> <span class='ocrx_word' id='word_1_746' title='bbox 459 4970 576 5009; x_wconf 92' lang='lat' dir='ltr'>me.</span> <span class='ocrx_word' id='word_1_747' title='bbox 601 4953 704 5011; x_wconf 86' lang='lat' dir='ltr'>Vel</span> <span class='ocrx_word' id='word_1_748' title='bbox 726 4955 808 5013; x_wconf 88' lang='lat' dir='ltr'>ita</span> <span class='ocrx_word' id='word_1_749' title='bbox 829 4957 1208 5014; x_wconf 90' lang='lat' dir='ltr'>continuatur</span> <span class='ocrx_word' id='word_1_750' title='bbox 1232 4976 1244 5013; x_wconf 89' lang='lat'>:</span> <span class='ocrx_word' id='word_1_751' title='bbox 1273 4960 1419 5025; x_wconf 87' lang='lat' dir='ltr'>Quia</span> <span class='ocrx_word' id='word_1_752' title='bbox 1440 4960 1592 5017; x_wconf 90' lang='lat' dir='ltr'>Deus</span> <span class='ocrx_word' id='word_1_753' title='bbox 1613 4966 1703 5016; x_wconf 84' lang='lat' dir='ltr'>est</span> <span class='ocrx_word' id='word_1_754' title='bbox 1723 4962 1821 5018; x_wconf 87' lang='lat' dir='ltr'>ad-</span> 
     </span>
    </p>
   </div>
   <div class='ocr_carea' id='block_1_100' title="bbox 140 5037 1817 5120">
    <p class='ocr_par' dir='ltr' id='par_1_100' title="bbox 140 5037 1817 5120">
     <span class='ocr_line' id='line_1_100' title="bbox 140 5037 1817 5120; baseline 0.01 -28"><span class='ocrx_word' id='word_1_755' title='bbox 140 5037 312 5107; x_wconf 87' lang='lat' dir='ltr'>jutor</span> <span class='ocrx_word' id='word_1_756' title='bbox 338 5056 535 5111; x_wconf 91' lang='lat' dir='ltr'>meus,</span> <span class='ocrx_word' id='word_1_757' title='bbox 560 5047 621 5098; x_wconf 89' lang='lat' dir='ltr'>et</span> <span class='ocrx_word' id='word_1_758' title='bbox 663 5043 725 5100; x_wconf 92' lang='lat' dir='ltr'>in</span> <span class='ocrx_word' id='word_1_759' title='bbox 763 5046 1007 5101; x_wconf 91' lang='lat' dir='ltr'>verbum</span> <span class='ocrx_word' id='word_1_760' title='bbox 1040 5050 1210 5102; x_wconf 91' lang='lat' dir='ltr'>tuum</span> <span class='ocrx_word' id='word_1_761' title='bbox 1241 5049 1664 5120; x_wconf 88' lang='lat' dir='ltr'>supersperavi,</span> <span class='ocrx_word' id='word_1_762' title='bbox 1688 5049 1817 5107; x_wconf 89' lang='lat' dir='ltr'>ideo</span> 
     </span>
    </p>
   </div>
   <div class='ocr_carea' id='block_1_101' title="bbox 144 5130 1819 5211">
    <p class='ocr_par' dir='ltr' id='par_1_101' title="bbox 144 5130 1819 5211">
     <span class='ocr_line' id='line_1_101' title="bbox 144 5130 1819 5211; baseline 0.008 -29"><span class='ocrx_word' id='word_1_763' title='bbox 144 5142 269 5198; x_wconf 81' lang='lat' dir='ltr'>vos,</span> <span class='ocrx_word' id='word_1_764' title='bbox 296 5152 327 5179; x_wconf 83' lang='grc'>‹‹</span> <span class='ocrx_word' id='word_1_765' title='bbox 366 5130 638 5205; x_wconf 89' lang='lat' dir='ltr'>maligni,</span> <span class='ocrx_word' id='word_1_766' title='bbox 670 5133 955 5191; x_wconf 79' lang='lat' dir='ltr'>declinata</span> <span class='ocrx_word' id='word_1_767' title='bbox 1004 5153 1037 5191; x_wconf 92' lang='lat' dir='ltr'>a</span> <span class='ocrx_word' id='word_1_768' title='bbox 1094 5153 1209 5206; x_wconf 90' lang='lat' dir='ltr'>me,</span> <span class='ocrx_word' id='word_1_769' title='bbox 1234 5161 1256 5190; x_wconf 73' lang='grc' dir='ltr'>ι</span> <span class='ocrx_word' id='word_1_770' title='bbox 1296 5137 1354 5192; x_wconf 91' lang='lat' dir='ltr'>id</span> <span class='ocrx_word' id='word_1_771' title='bbox 1409 5142 1498 5192; x_wconf 89' lang='lat' dir='ltr'>est</span> <span class='ocrx_word' id='word_1_772' title='bbox 1554 5145 1819 5211; x_wconf 87' lang='lat' dir='ltr'>separate</span> 
     </span>
    </p>
   </div>
   <div class='ocr_carea' id='block_1_102' title="bbox 143 5223 1816 5298">
    <p class='ocr_par' dir='ltr' id='par_1_102' title="bbox 143 5223 1816 5298">
     <span class='ocr_line' id='line_1_102' title="bbox 143 5223 1816 5298; baseline 0.008 -27"><span class='ocrx_word' id='word_1_773' title='bbox 143 5232 247 5272; x_wconf 84' lang='lat' dir='ltr'>vos</span> <span class='ocrx_word' id='word_1_774' title='bbox 276 5235 317 5273; x_wconf 86' lang='lat' dir='ltr'>a</span> <span class='ocrx_word' id='word_1_775' title='bbox 350 5236 482 5275; x_wconf 89' lang='lat' dir='ltr'>meo</span> <span class='ocrx_word' id='word_1_776' title='bbox 505 5223 822 5291; x_wconf 91' lang='lat' dir='ltr'>consortio,</span> <span class='ocrx_word' id='word_1_777' title='bbox 846 5223 907 5280; x_wconf 91' lang='lat' dir='ltr'>in</span> <span class='ocrx_word' id='word_1_778' title='bbox 938 5241 1189 5297; x_wconf 91' lang='lat' dir='ltr'>quorum</span> <span class='ocrx_word' id='word_1_779' title='bbox 1221 5226 1530 5298; x_wconf 74' lang='lat' dir='ltr'>prmsentia</span> <span class='ocrx_word' id='word_1_780' title='bbox 1560 5227 1816 5283; x_wconf 90' lang='lat' dir='ltr'>divinam</span> 
     </span>
    </p>
   </div>
   <div class='ocr_carea' id='block_1_103' title="bbox 144 5305 1817 5387">
    <p class='ocr_par' dir='ltr' id='par_1_103' title="bbox 144 5305 1817 5387">
     <span class='ocr_line' id='line_1_103' title="bbox 144 5305 1817 5387; baseline 0.008 -29"><span class='ocrx_word' id='word_1_781' title='bbox 144 5321 262 5360; x_wconf 88' lang='lat' dir='ltr'>non</span> <span class='ocrx_word' id='word_1_782' title='bbox 287 5305 459 5363; x_wconf 84' lang='lat' dir='ltr'>valeo</span> <span class='ocrx_word' id='word_1_783' title='bbox 491 5309 835 5384; x_wconf 85' lang='lat' dir='ltr'>religionem</span> <span class='ocrx_word' id='word_1_784' title='bbox 866 5316 1089 5383; x_wconf 88' lang='lat' dir='ltr'>tenere;</span> <span class='ocrx_word' id='word_1_785' title='bbox 1114 5338 1140 5363; x_wconf 83' lang='lat'><strong>«</strong></span> <span class='ocrx_word' id='word_1_786' title='bbox 1166 5319 1222 5370; x_wconf 87' lang='lat' dir='ltr'>et</span> <span class='ocrx_word' id='word_1_787' title='bbox 1245 5338 1271 5364; x_wconf 86' lang='grc'>››</span> <span class='ocrx_word' id='word_1_788' title='bbox 1296 5319 1607 5387; x_wconf 87' lang='lat' dir='ltr'>postquam</span> <span class='ocrx_word' id='word_1_789' title='bbox 1641 5316 1817 5372; x_wconf 87' lang='lat' dir='ltr'>decli-</span> 
     </span>
    </p>
   </div>
   <div class='ocr_carea' id='block_1_104' title="bbox 140 5396 1814 5465">
    <p class='ocr_par' dir='ltr' id='par_1_104' title="bbox 140 5396 1814 5465">
     <span class='ocr_line' id='line_1_104' title="bbox 140 5396 1814 5465; baseline 0.008 -17"><span class='ocrx_word' id='word_1_790' title='bbox 140 5396 458 5465; x_wconf 88' lang='lat' dir='ltr'>naveritis,</span> <span class='ocrx_word' id='word_1_791' title='bbox 492 5419 514 5450; x_wconf 79' lang='grc' dir='ltr'>ι</span> <span class='ocrx_word' id='word_1_792' title='bbox 549 5401 860 5458; x_wconf 87' lang='lat' dir='ltr'>scrutabor</span> <span class='ocrx_word' id='word_1_793' title='bbox 916 5404 1194 5460; x_wconf 87' lang='lat' dir='ltr'>mandata</span> <span class='ocrx_word' id='word_1_794' title='bbox 1249 5403 1350 5460; x_wconf 84' lang='lat' dir='ltr'>Dei</span> <span class='ocrx_word' id='word_1_795' title='bbox 1408 5405 1520 5461; x_wconf 86' lang='lat' dir='ltr'>mei</span> <span class='ocrx_word' id='word_1_796' title='bbox 1552 5428 1580 5455; x_wconf 85' lang='grc'><strong>››</strong></span> <span class='ocrx_word' id='word_1_797' title='bbox 1615 5405 1814 5461; x_wconf 89' lang='lat' dir='ltr'>libere.</span> 
     </span>
    </p>
   </div>
   <div class='ocr_carea' id='block_1_105' title="bbox 139 5482 1812 5567">
    <p class='ocr_par' dir='ltr' id='par_1_105' title="bbox 139 5482 1812 5567">
     <span class='ocr_line' id='line_1_105' title="bbox 139 5482 1812 5567; baseline 0.007 -29"><span class='ocrx_word' id='word_1_798' title='bbox 139 5482 303 5540; x_wconf 87' lang='lat' dir='ltr'>Dicit</span> <span class='ocrx_word' id='word_1_799' title='bbox 359 5490 557 5544; x_wconf 88' lang='lat' dir='ltr'>autem</span> <span class='ocrx_word' id='word_1_800' title='bbox 614 5491 930 5563; x_wconf 87' lang='lat' dir='ltr'>Apostolus</span> <span class='ocrx_word' id='word_1_801' title='bbox 960 5495 1031 5549; x_wconf 90' lang='lat' dir='ltr'>de</span> <span class='ocrx_word' id='word_1_802' title='bbox 1090 5493 1427 5567; x_wconf 85' lang='lat' dir='ltr'>iniquorum</span> <span class='ocrx_word' id='word_1_803' title='bbox 1487 5495 1812 5551; x_wconf 88' lang='lat' dir='ltr'>vitatione:</span> 
     </span>
    </p>
   </div>
   <div class='ocr_carea' id='block_1_106' title="bbox 144 5573 1817 5656">
    <p class='ocr_par' dir='ltr' id='par_1_106' title="bbox 144 5573 1817 5656">
     <span class='ocr_line' id='line_1_106' title="bbox 144 5573 1817 5656; baseline 0.008 -28"><span class='ocrx_word' id='word_1_804' title='bbox 144 5593 172 5622; x_wconf 80' lang='grc' dir='ltr'><strong><em>α</em></strong></span> <span class='ocrx_word' id='word_1_805' title='bbox 199 5573 572 5633; x_wconf 71' lang='lat' dir='ltr'>Haereticum</span> <span class='ocrx_word' id='word_1_806' title='bbox 605 5578 905 5639; x_wconf 89' lang='lat' dir='ltr'>hominem</span> <span class='ocrx_word' id='word_1_807' title='bbox 949 5587 1082 5655; x_wconf 87' lang='lat' dir='ltr'>post</span> <span class='ocrx_word' id='word_1_808' title='bbox 1111 5583 1360 5656; x_wconf 88' lang='lat' dir='ltr'>primam</span> <span class='ocrx_word' id='word_1_809' title='bbox 1399 5588 1456 5640; x_wconf 89' lang='lat' dir='ltr'>et</span> <span class='ocrx_word' id='word_1_810' title='bbox 1496 5585 1817 5642; x_wconf 84' lang='lat' dir='ltr'>secundum</span> 
     </span>
    </p>
   </div>
   <div class='ocr_carea' id='block_1_107' title="bbox 135 5663 1156 5747">
    <p class='ocr_par' dir='ltr' id='par_1_107' title="bbox 135 5663 1156 5747">
     <span class='ocr_line' id='line_1_107' title="bbox 135 5663 1156 5747; baseline 0.006 -26"><span class='ocrx_word' id='word_1_811' title='bbox 135 5663 591 5740; x_wconf 86' lang='lat' dir='ltr'>correptionem</span> <span class='ocrx_word' id='word_1_812' title='bbox 622 5668 815 5728; x_wconf 86' lang='lat' dir='ltr'>devita</span> <span class='ocrx_word' id='word_1_813' title='bbox 844 5673 972 5746; x_wconf 78' lang='lat' dir='ltr'>(Tit.</span> <span class='ocrx_word' id='word_1_814' title='bbox 998 5675 1106 5747; x_wconf 73' lang='lat' dir='ltr'>In).</span> <span class='ocrx_word' id='word_1_815' title='bbox 1129 5694 1156 5727; x_wconf 78' lang='grc' dir='ltr'><strong><em>ιο</em></strong></span> 
     </span>
    </p>
   </div>
   <div class='ocr_carea' id='block_1_108' title="bbox 1927 4681 3575 4756">
    <p class='ocr_par' dir='ltr' id='par_1_108' title="bbox 1927 4681 3575 4756">
     <span class='ocr_line' id='line_1_108' title="bbox 1927 4681 3575 4756; baseline -0.005 -9"><span class='ocrx_word' id='word_1_816' title='bbox 1927 4691 2198 4748; x_wconf 89' lang='lat' dir='ltr'>teriorem</span> <span class='ocrx_word' id='word_1_817' title='bbox 2231 4688 2466 4745; x_wconf 90' lang='lat' dir='ltr'>oculum</span> <span class='ocrx_word' id='word_1_818' title='bbox 2499 4688 2646 4743; x_wconf 88' lang='lat' dir='ltr'>bene</span> <span class='ocrx_word' id='word_1_819' title='bbox 2678 4684 3097 4749; x_wconf 90' lang='lat' dir='ltr'>illuminatum,</span> <span class='ocrx_word' id='word_1_820' title='bbox 3120 4681 3342 4738; x_wconf 88' lang='lat' dir='ltr'>scilicet</span> <span class='ocrx_word' id='word_1_821' title='bbox 3370 4699 3575 4756; x_wconf 88' lang='lat' dir='ltr'>quam-</span> 
     </span>
    </p>
   </div>
   <div class='ocr_carea' id='block_1_109' title="bbox 1924 4771 3577 4852">
    <p class='ocr_par' dir='ltr' id='par_1_109' title="bbox 1924 4771 3577 4852">
     <span class='ocr_line' id='line_1_109' title="bbox 1924 4771 3577 4852; baseline -0.004 -15"><span class='ocrx_word' id='word_1_822' title='bbox 1924 4783 2059 4837; x_wconf 89' lang='lat' dir='ltr'>dam</span> <span class='ocrx_word' id='word_1_823' title='bbox 2093 4778 2470 4852; x_wconf 89' lang='lat' dir='ltr'>sagacitatem</span> <span class='ocrx_word' id='word_1_824' title='bbox 2502 4777 2574 4832; x_wconf 91' lang='lat' dir='ltr'>ad</span> <span class='ocrx_word' id='word_1_825' title='bbox 2605 4773 2966 4847; x_wconf 89' lang='lat' dir='ltr'>repellendas</span> <span class='ocrx_word' id='word_1_826' title='bbox 2988 4771 3316 4828; x_wconf 89' lang='lat' dir='ltr'>calumnias</span> <span class='ocrx_word' id='word_1_827' title='bbox 3344 4771 3577 4845; x_wconf 85' lang='lat' dir='ltr'>iniquo-</span> 
     </span>
    </p>
   </div>
   <div class='ocr_carea' id='block_1_110' title="bbox 1928 4862 3567 4939">
    <p class='ocr_par' dir='ltr' id='par_1_110' title="bbox 1928 4862 3567 4939">
     <span class='ocr_line' id='line_1_110' title="bbox 1928 4862 3567 4939; baseline -0.005 -13"><span class='ocrx_word' id='word_1_828' title='bbox 1928 4888 2080 4939; x_wconf 91' lang='lat' dir='ltr'>rum,</span> <span class='ocrx_word' id='word_1_829' title='bbox 2104 4874 2161 4925; x_wconf 84' lang='lat' dir='ltr'>et</span> <span class='ocrx_word' id='word_1_830' title='bbox 2190 4869 2259 4923; x_wconf 90' lang='lat' dir='ltr'>ad</span> <span class='ocrx_word' id='word_1_831' title='bbox 2294 4867 2480 4939; x_wconf 84' lang='lat' dir='ltr'>legem</span> <span class='ocrx_word' id='word_1_832' title='bbox 2525 4864 2625 4919; x_wconf 90' lang='lat' dir='ltr'>Dei</span> <span class='ocrx_word' id='word_1_833' title='bbox 2683 4862 3108 4919; x_wconf 80' lang='lat' dir='ltr'>defendendam</span> <span class='ocrx_word' id='word_1_834' title='bbox 3161 4866 3367 4918; x_wconf 90' lang='lat' dir='ltr'>contra</span> <span class='ocrx_word' id='word_1_835' title='bbox 3421 4879 3521 4918; x_wconf 90' lang='lat' dir='ltr'>eos</span> <span class='ocrx_word' id='word_1_836' title='bbox 3555 4879 3567 4918; x_wconf 88' lang='lat'><strong>:</strong></span> 
     </span>
    </p>
   </div>
   <div class='ocr_carea' id='block_1_111' title="bbox 1927 4950 3570 5034">
    <p class='ocr_par' dir='ltr' id='par_1_111' title="bbox 1927 4950 3570 5034">
     <span class='ocr_line' id='line_1_111' title="bbox 1927 4950 3570 5034; baseline -0.007 -19"><span class='ocrx_word' id='word_1_837' title='bbox 1927 4979 2054 5034; x_wconf 64' lang='lat' dir='ltr'>quae</span> <span class='ocrx_word' id='word_1_838' title='bbox 2085 4957 2372 5030; x_wconf 83' lang='lat' dir='ltr'>sagacitas</span> <span class='ocrx_word' id='word_1_839' title='bbox 2403 4959 2460 5010; x_wconf 89' lang='lat' dir='ltr'>et</span> <span class='ocrx_word' id='word_1_840' title='bbox 2494 4956 2657 5025; x_wconf 89' lang='lat' dir='ltr'>justo</span> <span class='ocrx_word' id='word_1_841' title='bbox 2699 4951 3028 5009; x_wconf 89' lang='lat' dir='ltr'>necessaria</span> <span class='ocrx_word' id='word_1_842' title='bbox 3055 4955 3199 5008; x_wconf 86' lang='lat' dir='ltr'>erat.</span> <span class='ocrx_word' id='word_1_843' title='bbox 3233 4950 3369 5007; x_wconf 91' lang='lat' dir='ltr'>Mali</span> <span class='ocrx_word' id='word_1_844' title='bbox 3414 4950 3570 5005; x_wconf 92' lang='lat' dir='ltr'>enim</span> 
     </span>
    </p>
   </div>
   <div class='ocr_carea' id='block_1_112' title="bbox 1927 5037 3573 5122">
    <p class='ocr_par' dir='ltr' id='par_1_112' title="bbox 1927 5037 3573 5122">
     <span class='ocr_line' id='line_1_112' title="bbox 1927 5037 3573 5122; baseline -0.007 -18"><span class='ocrx_word' id='word_1_845' title='bbox 1927 5066 2074 5122; x_wconf 90' lang='lat' dir='ltr'>quos</span> <span class='ocrx_word' id='word_1_846' title='bbox 2105 5047 2238 5102; x_wconf 90' lang='lat' dir='ltr'>odio</span> <span class='ocrx_word' id='word_1_847' title='bbox 2269 5046 2542 5111; x_wconf 88' lang='lat' dir='ltr'>habeant,</span> <span class='ocrx_word' id='word_1_848' title='bbox 2568 5042 2787 5099; x_wconf 88' lang='lat' dir='ltr'>multas</span> <span class='ocrx_word' id='word_1_849' title='bbox 2806 5042 2867 5098; x_wconf 88' lang='lat' dir='ltr'>in</span> <span class='ocrx_word' id='word_1_850' title='bbox 2900 5058 2999 5098; x_wconf 89' lang='lat' dir='ltr'>eos</span> <span class='ocrx_word' id='word_1_851' title='bbox 3028 5039 3353 5097; x_wconf 87' lang='lat' dir='ltr'>calumnias</span> <span class='ocrx_word' id='word_1_852' title='bbox 3383 5043 3440 5094; x_wconf 89' lang='lat' dir='ltr'>et</span> <span class='ocrx_word' id='word_1_853' title='bbox 3467 5037 3573 5094; x_wconf 89' lang='lat' dir='ltr'>cri-</span> 
     </span>
    </p>
   </div>
   <div class='ocr_carea' id='block_1_113' title="bbox 1928 5135 2653 5193">
    <p class='ocr_par' dir='ltr' id='par_1_113' title="bbox 1928 5135 2653 5193">
     <span class='ocr_line' id='line_1_113' title="bbox 1928 5135 2653 5193; baseline -0.008 0"><span class='ocrx_word' id='word_1_854' title='bbox 1928 5137 2279 5193; x_wconf 86' lang='lat' dir='ltr'>minationes</span> <span class='ocrx_word' id='word_1_855' title='bbox 2311 5135 2653 5189; x_wconf 84' lang='lat' dir='ltr'>inferebant.</span> 
     </span>
    </p>
   </div>
   <div class='ocr_carea' id='block_1_114' title="bbox 1997 5212 3572 5290">
    <p class='ocr_par' dir='ltr' id='par_1_114' title="bbox 1997 5212 3572 5290">
     <span class='ocr_line' id='line_1_114' title="bbox 1997 5212 3572 5290; baseline -0.007 -8"><span class='ocrx_word' id='word_1_856' title='bbox 1997 5223 2370 5282; x_wconf 89' lang='lat' dir='ltr'>Continuatio</span> <span class='ocrx_word' id='word_1_857' title='bbox 2395 5241 2407 5279; x_wconf 91' lang='lat'><strong>:</strong></span> <span class='ocrx_word' id='word_1_858' title='bbox 2437 5223 2583 5290; x_wconf 90' lang='lat' dir='ltr'>Quia</span> <span class='ocrx_word' id='word_1_859' title='bbox 2615 5221 2787 5277; x_wconf 80' lang='lat' dir='ltr'>dilexi</span> <span class='ocrx_word' id='word_1_860' title='bbox 2818 5217 3155 5275; x_wconf 88' lang='lat' dir='ltr'>testimonia</span> <span class='ocrx_word' id='word_1_861' title='bbox 3180 5220 3300 5284; x_wconf 88' lang='lat' dir='ltr'>tua,</span> <span class='ocrx_word' id='word_1_862' title='bbox 3320 5218 3378 5269; x_wconf 89' lang='lat' dir='ltr'>et</span> <span class='ocrx_word' id='word_1_863' title='bbox 3424 5212 3572 5271; x_wconf 91' lang='lat' dir='ltr'>alios</span> 
     </span>
    </p>
   </div>
   <div class='ocr_carea' id='block_1_115' title="bbox 1928 5301 3574 5388">
    <p class='ocr_par' dir='ltr' id='par_1_115' title="bbox 1928 5301 3574 5388">
     <span class='ocr_line' id='line_1_115' title="bbox 1928 5301 3574 5388; baseline -0.009 -16"><span class='ocrx_word' id='word_1_864' title='bbox 1928 5314 2190 5388; x_wconf 89' lang='lat' dir='ltr'>reputavi</span> <span class='ocrx_word' id='word_1_865' title='bbox 2212 5312 2701 5387; x_wconf 70' lang='lat' dir='ltr'>praevaricatores,</span> <span class='ocrx_word' id='word_1_866' title='bbox 2722 5310 2851 5364; x_wconf 90' lang='lat' dir='ltr'>ideo</span> <span class='ocrx_word' id='word_1_867' title='bbox 2874 5332 2893 5357; x_wconf 82' lang='grc' dir='ltr'>ι</span> <span class='ocrx_word' id='word_1_868' title='bbox 2918 5324 2989 5362; x_wconf 91' lang='lat' dir='ltr'>ne</span> <span class='ocrx_word' id='word_1_869' title='bbox 3010 5307 3207 5361; x_wconf 87' lang='lat' dir='ltr'>tradas</span> <span class='ocrx_word' id='word_1_870' title='bbox 3233 5321 3325 5360; x_wconf 93' lang='lat' dir='ltr'>me</span> <span class='ocrx_word' id='word_1_871' title='bbox 3354 5301 3574 5359; x_wconf 88' lang='lat' dir='ltr'>calum-</span> 
     </span>
    </p>
   </div>
   <div class='ocr_carea' id='block_1_116' title="bbox 1928 5391 3572 5471">
    <p class='ocr_par' dir='ltr' id='par_1_116' title="bbox 1928 5391 3572 5471">
     <span class='ocr_line' id='line_1_116' title="bbox 1928 5391 3572 5471; baseline -0.007 -10"><span class='ocrx_word' id='word_1_872' title='bbox 1928 5404 2230 5461; x_wconf 89' lang='lat' dir='ltr'>niantibus</span> <span class='ocrx_word' id='word_1_873' title='bbox 2260 5419 2372 5471; x_wconf 92' lang='lat' dir='ltr'>me,</span> <span class='ocrx_word' id='word_1_874' title='bbox 2395 5422 2424 5452; x_wconf 66' lang='lat' dir='ltr'>u</span> <span class='ocrx_word' id='word_1_875' title='bbox 2462 5400 2517 5454; x_wconf 89' lang='lat' dir='ltr'>id</span> <span class='ocrx_word' id='word_1_876' title='bbox 2549 5405 2657 5463; x_wconf 90' lang='lat' dir='ltr'>est,</span> <span class='ocrx_word' id='word_1_877' title='bbox 2694 5416 2763 5453; x_wconf 90' lang='lat' dir='ltr'>ne</span> <span class='ocrx_word' id='word_1_878' title='bbox 2799 5396 3105 5468; x_wconf 80' lang='lat' dir='ltr'>permittas</span> <span class='ocrx_word' id='word_1_879' title='bbox 3137 5410 3228 5450; x_wconf 88' lang='lat' dir='ltr'>me</span> <span class='ocrx_word' id='word_1_880' title='bbox 3259 5391 3572 5450; x_wconf 87' lang='lat' dir='ltr'>calumniis</span> 
     </span>
    </p>
   </div>
   <div class='ocr_carea' id='block_1_117' title="bbox 1926 5482 3575 5560">
    <p class='ocr_par' dir='ltr' id='par_1_117' title="bbox 1926 5482 3575 5560">
     <span class='ocr_line' id='line_1_117' title="bbox 1926 5482 3575 5560; baseline -0.008 -6"><span class='ocrx_word' id='word_1_881' title='bbox 1926 5514 2128 5555; x_wconf 87' lang='lat' dir='ltr'>eorum</span> <span class='ocrx_word' id='word_1_882' title='bbox 2146 5491 2547 5554; x_wconf 87' lang='lat' dir='ltr'>succumbere,</span> <span class='ocrx_word' id='word_1_883' title='bbox 2563 5504 2711 5560; x_wconf 89' lang='lat' dir='ltr'>quas</span> <span class='ocrx_word' id='word_1_884' title='bbox 2729 5485 2946 5541; x_wconf 89' lang='lat' dir='ltr'>multas</span> <span class='ocrx_word' id='word_1_885' title='bbox 2963 5484 3109 5539; x_wconf 90' lang='lat' dir='ltr'>mihi</span> <span class='ocrx_word' id='word_1_886' title='bbox 3124 5483 3410 5539; x_wconf 86' lang='lat' dir='ltr'>inferunt:</span> <span class='ocrx_word' id='word_1_887' title='bbox 3432 5482 3575 5556; x_wconf 88' lang='lat' dir='ltr'>quia</span> 
     </span>
    </p>
   </div>
   <div class='ocr_carea' id='block_1_118' title="bbox 1926 5571 3573 5663">
    <p class='ocr_par' dir='ltr' id='par_1_118' title="bbox 1926 5571 3573 5663">
     <span class='ocr_line' id='line_1_118' title="bbox 1926 5571 3573 5663; baseline -0.009 -20"><span class='ocrx_word' id='word_1_888' title='bbox 1926 5584 2371 5663; x_wconf 74' lang='lat' dir='ltr'>prmvaricantes</span> <span class='ocrx_word' id='word_1_889' title='bbox 2400 5577 2681 5652; x_wconf 88' lang='lat' dir='ltr'>reputavi,</span> <span class='ocrx_word' id='word_1_890' title='bbox 2699 5575 2877 5632; x_wconf 91' lang='lat' dir='ltr'>etiam</span> <span class='ocrx_word' id='word_1_891' title='bbox 2903 5590 2997 5629; x_wconf 91' lang='lat' dir='ltr'>me</span> <span class='ocrx_word' id='word_1_892' title='bbox 3016 5573 3090 5630; x_wconf 87' lang='lat' dir='ltr'>ab</span> <span class='ocrx_word' id='word_1_893' title='bbox 3117 5571 3248 5628; x_wconf 88' lang='lat' dir='ltr'>aliis</span> <span class='ocrx_word' id='word_1_894' title='bbox 3275 5573 3573 5663; x_wconf 58' lang='lat' dir='ltr'>separavii</span> 
     </span>
    </p>
   </div>
   <div class='ocr_carea' id='block_1_119' title="bbox 1927 5649 3583 5745">
    <p class='ocr_par' dir='ltr' id='par_1_119' title="bbox 1927 5649 3583 5745">
     <span class='ocr_line' id='line_1_119' title="bbox 1927 5649 3583 5745; baseline -0.008 -9"><span class='ocrx_word' id='word_1_895' title='bbox 1927 5649 2032 5745; x_wconf 63' lang='lat' dir='ltr'>nec</span> <span class='ocrx_word' id='word_1_896' title='bbox 2074 5676 2250 5733; x_wconf 88' lang='lat' dir='ltr'>debes</span> <span class='ocrx_word' id='word_1_897' title='bbox 2296 5649 2546 5742; x_wconf 74' lang='lat' dir='ltr'>tradere,</span> <span class='ocrx_word' id='word_1_898' title='bbox 2590 5667 2730 5743; x_wconf 86' lang='lat' dir='ltr'>quia</span> <span class='ocrx_word' id='word_1_899' title='bbox 2765 5690 2787 5720; x_wconf 75' lang='grc' dir='ltr'><strong>α</strong></span> <span class='ocrx_word' id='word_1_900' title='bbox 2823 5664 2931 5723; x_wconf 86' lang='lat' dir='ltr'>feci</span> <span class='ocrx_word' id='word_1_901' title='bbox 2967 5661 3284 5739; x_wconf 87' lang='lat' dir='ltr'>judicium,</span> <span class='ocrx_word' id='word_1_902' title='bbox 3324 5682 3353 5714; x_wconf 88' lang='grc'><strong>››</strong></span> <span class='ocrx_word' id='word_1_903' title='bbox 3386 5659 3446 5719; x_wconf 87' lang='lat' dir='ltr'>id</span> <span class='ocrx_word' id='word_1_904' title='bbox 3488 5649 3583 5723; x_wconf 65' lang='lat' dir='ltr'>est</span> 
     </span>
    </p>
   </div>
  </div>
