4060 6180
431 359 566 436 623.:

800 379 1202 440 HAYMONlS
1246 377 1788 438 llALBERSTA'l‘.
1835 373 2082 435 EPISC.
2129 371 2298 433 OPP.
2350 374 2550 434 PARS
2596 375 2648 434 Ι.
2703 409 2778 418 --
2821 374 3234 437 COMMENT.
3279 376 3475 437 BIBL.

3719 371 3850 440 62$

433 505 844 566 discretionem
892 509 1048 565 inter
1091 509 1312 566 bonum
1357 511 1415 564 et
1463 507 1706 576 malum,
1732 529 1760 557 «
1802 510 1860 563 et
1893 505 2076 578 justi-
2103 503 2160 572 Α
2189 501 2394 576 phetas
2427 521 2440 561 :
2472 505 2606 561 talis
2649 505 2967 563 declaratio
3001 529 3030 558 «
3062 505 3360 564 illuminat
3391 528 3421 558 »
3453 503 3848 566 communiter-

432 591 638 665 tiam,»
661 597 800 672 quia
818 598 1136 654 deserendo
1158 597 1402 667 malum,
1423 600 1660 652 secutus
1681 613 1814 652 sum
1836 597 2078 651 bonum.

505 707 536 738 «
568 687 650 744 Ne
687 688 888 743 tradas
933 687 1463 756 calumniantibus;
1491 689 1594 743 net
1645 685 1692 741 si
1742 685 2084 758 impulerint

433 777 494 832 i'n
515 776 752 850 aliquod
775 777 1020 846 malum,
1047 782 1108 832 tu
1133 799 1160 828 «
1184 777 1415 850 suscipe
1443 800 1468 826 »
1486 792 1579 832 me
1601 799 1628 825 ‹‹
1658 791 1889 832 servum
1915 777 2080 828 tuum

431 865 490 920 in
524 867 744 922 bonum
766 889 795 918 »
821 870 878 922 et
908 867 1260 939 quandoque
1281 867 1371 921 fac
1391 883 1620 922 cessare
1642 877 1846 920 omnes
1867 862 2085 918 calum-

433 953 564 1012 nias
610 973 844 1026 eorum;
875 955 1072 1012 ethoc
1119 960 1209 1012 est
1243 973 1307 1011 ;‹‹
1343 973 1457 1010 non
1507 954 1942 1010 calumnientur
1991 967 2082 1006 me

432 1044 694 1118 superbi.
721 1067 750 1095 ››

503 1135 576 1190 Et
603 1133 782 1190 debes
812 1133 1128 1206 suscipere,
1153 1133 1293 1206 quia
1313 1157 1338 1182 «
1365 1133 1518 1188 oculi
1551 1132 1732 1200 mei,»
1755 1131 2082 1200 interiores,

430 1223 770 1280 defecerunt
799 1223 871 1279 ab
898 1221 1058 1278 omni
1081 1222 1342 1294 appetitu
1365 1227 1752 1289 terrenorum,
1776 1220 2084 1276 tendentes

431 1315 460 1362 «ά
495 1311 562 1367 in“
585 1310 844 1368 salutare
873 1315 1064 1380 tuum,
1091 1334 1118 1360 »
1141 1310 1198 1366 id
1232 1315 1322 1366 est
1361 1311 1422 1364 in
1461 1309 1842 1366 salvationem
1881 1313 2079 1376 tuam;

401 1421 461 1452 .‹‹
495 1404 560 1456 et'
581 1421 610 1452 »
635 1404 704 1456 ut
733 1401 806 1456 ad
837 1382 983 1456 illud
1015 1399 1346 1472 perveniam
1380 1399 1655 1468 salutare,
1688 1399 1939 1454 tendunt
1961 1419 1989 1448 «
2021 1396 2080 1451 in

429 1487 729 1562 eloquium
779 1488 1024 1562 justitiae
1073 1493 1208 1559 tuae,
1237 1511 1263 1537 »
1285 1489 1344 1544 id
1384 1491 1474 1544 est
1528 1489 1589 1544 in
1647 1491 1934 1560 prmcepta
1981 1489 2083 1542 tua

429 1571 798 1652 complenda.

498 1654 649 1736 Quid
660 1667 816 1726 oculi
834 1667 1134 1738 deﬁciunt,
1146 1690 1174 1719 ‹‹
1192 1669 1282 1724 fac
1298 1685 1432 1723 eum
1451 1685 1615 1724 servo
1632 1672 1734 1722 tuo
1753 1666 2080 1724 secundum

427 1743 895 1814 misericordiam
924 1761 1112 1828 tuam,
1139 1780 1166 1808 »
1191 1757 1302 1814 hoc
1345 1757 1567 1814 scilicet
1603 1758 1712 1827 fac,
1740 1779 1768 1808 α
1789 1757 2080 1828 justiﬁca-

425 1846 619 1904 tiones
645 1850 781 1904 tuas
809 1847 954 1904 doce
985 1863 1098 1903 me.
1125 1870 1154 1897 »
1623 1861 1626 1866 -

498 1935 653 1994 Bene
684 1958 713 1987 α
745 1932 876 1994 dico
903 1948 1039 1992 cum
1079 1952 1243 1992 servo
1288 1941 1410 2005 tuo,
1438 1959 1466 1986 »
1489 1935 1627 2009 quia
1647 1959 1676 1986 «
1709 1952 1912 1992 servus
1943 1937 2081 1990 tuus

426 2022 562 2082 sum
584 2034 750 2099 ego,»
773 2025 1053 2080 obediens
1072 2025 1180 2080 tibi
1202 2042 1307 2096 per
1327 2025 1557 2081 omnia:
1583 2025 1710 2080 ideo
1729 2047 1755 2074 ‹‹
1783 2025 1858 2080 da
1879 2023 2025 2078 mihi
2048 2044 2077 2074 »

426 2109 828 2170 illuminatum
843 2135 870 2164 ‹‹
890 2112 1350 2183 intellectum,ut
1367 2113 1550 2168 sciam
1569 2111 1903 2168 testimonia
1918 2116 2078 2180 tua,»

427 2200 762 2274 cognitione
793 2203 852 2256 et
880 2199 1240 2274 impletione.

421 2341 442 2366 κ
497 2285 776 2346 Et'debes
807 2289 1012 2359 facere,
1039 2289 1179 2361 quia
1201 2311 1229 2342 «
1251 2294 1485 2362 tempus
1505 2312 1534 2341 ››
1559 2295 1649 2346 est
1671 2290 1781 2346 hoc
1802 2289 2076 2358 faciendi,

427 2378 694 2448 Domine,
717 2377 942 2435 scilicet
971 2382 1036 2433 ut
1067 2378 1170 2434 des
1198 2378 1342 2434 mihi
1375 2377 1737 2435 intellectum
1763 2379 1909 2451 legis
1943 2383 2074 2447 tum,

425 2453 533 2540 per
560 2471 736 2540 q‘uem
767 2481 898 2524 eam
927 2465 1148 2540 possim
1181 2467 1490 2523 defendere
1517 2473 1719 2523 contra
1754 2468 2076 2538 haereticos,

426 2551 567 2629 quia
587 2553 670 2612 illi
693 2579 724 2608 «
747 2553 1248 2630 dissipaverunt,»
1272 2557 1424 2613 male
1448 2557 1845 2631 intelligendo,
1870 2563 1926 2614 et
1957 2557 2078 2612 hae-

427 2649 586 2702 reses
633 2646 984 2716 indhcendo,
1031 2650 1088 2702 et
1137 2645 1360 2702 caeteris
1406 2645 1540 2712 aliis
1588 2648 1801 2716 modis,
1829 2670 1856 2698 «
1889 2647 2076 2720 legem

427 2735 591 2790 tuam
620 2756 649 2784 ››
679 2734 1129 2807 corrumpendo.
1151 2733 1254 2790 Vel
1288 2734 1392 2790 tibi
1424 2735 1671 2791 Domino
1702 2753 1850 2808 opus
1881 2740 1971 2792 est
2000 2736 2080 2792 fa-

427 2809 640 2893 ciendi,
653 2827 720 2878 ut
735 2823 840 2880 des
854 2822 1002 2878 mihi
1021 2821 1405 2892 intellectum,
1421 2823 1494 2878 ad
1511 2823 1908 2880 defensionem
1927 2823 2076 2897 legis

424 2905 538 2968 tuae
563 2929 576 2968 :
601 2915 660 2968 et
677 2912 820 2986 quia
848 2910 947 2967 alii
972 2910 1408 2985 dissipaverunt
1432 2911 1618 2986 legem
1647 2915 1869 2984 tuam,«
1893 2911 2022 2969 ideo
2047 2935 2075 2962 »

423 3015 530 3082 ego
558 3007 843 3058 accensus
880 3000 1001 3057 zelo
1041 3001 1163 3070 Dei,
1189 3025 1214 3052 «
1251 3001 1423 3058 dilexi
1481 3003 1759 3058 mandata
1809 3007 1911 3058 tua
1945 3026 1973 3051 »
2003 3003 2076 3058 ad

423 3087 852 3144 defendendum
877 3103 1000 3158 ea,«
1027 3105 1206 3160 super
1233 3105 1502 3159 aurum,»
1525 3089 1584 3144 id
1607 3093 1717 3162 est,
1741 3107 1918 3164 super
1945 3108 2076 3147 om-

423 3191 561 3252 nem
581 3175 963 3249 cupiditatem
984 3175 1374 3247 possessionis
1395 3178 1751 3248 szecularis,«
1773 3184 1830 3235 et
1851 3203 1879 3230 »
1900 3188 2090 3252 super'

2188 609 2425 650 omnem
2455 594 2794 665 Ecclesium,
2831 601 2890 652 et
2920 597 2992 652 ad
3025 597 3202 652 ﬁdem
3232 597 3505 654 accedere
3537 599 3704 669 facit;
3731 623 3756 650 «
3787 603 3849 656 et:

2187 681 2548 739 intellectum
2585 707 2610 732 »
2643 684 3054 754 excellentem,
3084 685 3318 758 qualem
3359 685 3579 743 habent
3613 687 3850 760 sapien-

2189 769 2368 827 tiores
2403 771 2698 839 Ecclesiae,
2726 797 2754 824 «
2783 775 2884 830 dat
2922 773 3240 847 parvulis,»
3271 775 3331 831 id
3361 779 3469 843 est,
3502 775 3846 846 humilibus,

2193 859 2290 932 qui
2327 861 2604 932 parvulos
2627 879 2689 917 se
2715 867 3008 935 reputant,
3032 868 3090 918 et
3120 863 3359 918 nihil-de
3380 880 3442 920 se
3463 870 3846 936 praesumunt,

2193 949 2296 1004 sed
2331 954 2470 1004 sunt
2501 951 2724 1022 parvuli
2751 951 2998 1022 malitia,
3021 951 3176 1008 sicut
3193 953 3507 1024 Apostolus
3537 956 3843 1028 praecepit:

2197 1059 2224 1086 α
2258 1038 2455 1094 Estote
2485 1039 2708 1110 parvuli
2742 1039 2987 1096 malitia.
3013 1063 3042 1093 »
3063 1042 3115 1112 (Ι
3138 1041 3258 1096 Cor.
3291 1042 3428 1115 xw.)

2266 1127 2336 1182 Et
2365 1126 2504 1199 quia
2534 1127 2676 1184 solis
2715 1128 2976 1201 parvulis
3019 1130 3121 1186 dat
3167 1127 3553 1200 intellectum,
3578 1131 3706 1188 ideo
3735 1133 3858 1189 feci

2193 1229 2288 1270 me
2317 1215 2646 1288 parvulum,
2685 1217 2908 1274 scilicet
2939 1241 2967 1268 ‹‹
3001 1218 3203 1292 aperui
3243 1235 3312 1276 os
3347 1235 3566 1289 meum,
3593 1243 3622 1270 »
3641 1219 3700 1278 id
3729 1227 3841 1290 est,

2191 1304 2483 1362 desideria
2512 1306 2706 1363 cordis
2736 1307 2850 1363 mei
2883 1307 3141 1364 dilatavi.
3175 1308 3282 1365 Per
3318 1325 3406 1378 os,
3429 1325 3529 1365 cor
3567 1309 3844 1384 intelligi-

2193 1409 2346 1463 mus,
2371 1395 2514 1467 quia
2533 1395 2660 1467 jam
2693 1397 2988 1453 desiderat
3025 1397 3181 1453 reﬁci
3213 1397 3496 1454 beneﬁcio
3526 1399 3840 1472 spirituali.

2192 1501 2220 1533 α
2239 1484 2310 1538 Et
2330 1483 2540 1540 attraxi
2555 1484 2840 1558 Spiritum
2865 1508 2893 1536 »
2917 1489 3210 1555 sanctum,
3224 1486 3446 1542 scilicet
3465 1503 3667 1544 auram
3689 1487 3852 1545 salu-

2189 1571 2376 1629 brem.
2399 1571 2500 1628 Ille
2521 1572 2806 1646 Spiritum
2836 1574 3136 1648 acquirere
3165 1573 3410 1646 laborat,
3423 1580 3488 1632 et
3509 1576 3750 1649 dignum
3773 1594 3852 1634 se

2188 1661 2390 1731 efﬁcit,
2412 1661 2473 1717 in
2495 1679 2609 1735 quo
2631 1661 2858 1720 habitet
2880 1663 3134 1737 Spiritus
3155 1668 3422 1729 sanctus.
3439 1665 3542 1738 qui
3565 1666 3852 1724 mandata

2189 1749 2291 1806 Dei
2322 1750 2618 1806 custodire
2665 1751 2979 1808 desiderat.
3013 1753 3150 1809 Ideo
3190 1753 3413 1826 aperui,
3435 1752 3566 1810 ideo
3605 1755 3839 1824 attraxi,

2161 1866 2170 1876 ~
2190 1861 2218 1889 «
2243 1839 2383 1912 quia
2403 1839 2682 1896 mandata
2700 1843 2805 1896 tua
2817 1841 3284 1911 desiderabam,»
3297 1840 3841 1916 ad‘intelligendum

2189 1930 2248 1984 et
2277 1926 2715 2000 complendum.

2261 2015 2330 2070 Et
2358 2015 2500 2088 quia
2528 2016 2876 2090 desideravi,
2896 2021 2955 2073 et
2985 2035 3048 2074 os
3081 2019 3304 2091 aperui,
3338 2019 3468 2076 ideo
3490 2038 3519 2070 ‹ι
3549 2021 3742 2094 aspice
3774 2022 3840 2079 in

2188 2119 2282 2160 me
2304 2126 2332 2154 »
2355 2103 2522 2162 oculo
2552 2106 2808 2178 pietatis,
2831 2105 3054 2164 scilicet
3074 2111 3140 2162 ut
3160 2107 3304 2163 mihi
3327 2109 3592 2166 conferas
3613 2109 3848 2183 aliquid-

2187 2192 2354 2263 boni;
2381 2199 2490 2250 «et
2520 2194 2797 2252 miserere
2827 2196 2941 2252 mei
2977 2218 3005 2246 »
3027 2195 3271 2254 delendo
3302 2197 3585 2267 maculas,
3609 2198 3658 2255 si
3687 2213 3842 2272 quas

2187 2281 2246 2336 in
2278 2299 2370 2339 me
2397 2283 2650 2355 invenis;
2683 2289 2740 2340 et
2769 2283 2880 2342 hoc
2911 2301 3116 2358 precor
3135 2309 3162 2336 α
3197 2286 3521 2344 secundum
3541 2287 3838 2360 judicium

2187 2371 2557 2444 diligentiam
2585 2390 2794 2430 nomen
2820 2378 2990 2430 tuum
3017 2391 3029 2432 :
3058 2397 3085 2425 »
3109 2374 3167 2430 id
3190 2380 3280 2432 est
3306 2374 3461 2432 sicut
3478 2376 3713 2448 judicas
3731 2379 3850 2434 mi~

2185 2462 2501 2517 serendum
2533 2461 2664 2519 aliis
2683 2461 3064 2537 diligentibus
3087 2481 3300 2520 nomen
3332 2470 3524 2536 tuum,
3549 2466 3636 2522 ita
3651 2467 3724 2524 de
3741 2483 3842 2524 me

2177 2549 2401 2620 judica.
2437 2549 2598 2606 Licet
2626 2551 2782 2608 Deus
2813 2551 3015 2609 ﬁdeles
3047 2567 3186 2610 suos
3230 2569 3334 2626 per
3372 2553 3838 2613 misericordiam

2184 2637 2382 2694 visitet
2410 2643 2468 2694 et
2497 2640 2865 2712 misereatur,
2885 2646 3083 2698 tamen
3107 2641 3248 2697 dicit
3272 2665 3294 2694 α
3321 2643 3675 2716 judicium,»
3697 2645 3852 2718 quia

2187 2727 2460 2800 intelligit
2487 2728 2548 2783 in
2580 2729 2688 2786 hac
2719 2730 2837 2786 vita
2867 2747 3101 2804 semper
3126 2731 3587 2788 misericordiam
3607 2733 3854 2804 judicio.

2185 2817 2286 2873 Dei
2317 2818 2693 2890 conjunctam
2726 2837 2740 2875 :
2776 2819 2916 2892 quia
2961 2819 3196 2894 aliquod
3247 2821 3523 2878 meritum
3553 2822 3692 2879 ﬁdei
3724 2827 3836 2895 est,

2186 2923 2366 2978 quare
2397 2907 2553 2964 Deus
2583 2907 2772 2980 parcit
2801 2909 2874 2964 ei.

2257 2995 2396 3053 Dico
2419 3019 2448 3048 «
2482 2997 2677 3070 aspice
2716 3002 2774 3054 et
2811 2997 3144 3069 miserere,»
3177 3004 3234 3057 et
3262 3023 3290 3052 ‹‹
3324 3017 3564 3074 gressus
3595 3017 3776 3072 meos,
3809 3025 3851 3052 ιν

2183 3084 2245 3140 id
2276 3090 2384 3155 est,
2409 3103 2588 3160 opera
2615 3104 2764 3155 mea,
2792 3109 2822 3139 ‹‹
2851 3091 2910 3145 et
2939 3088 3179 3162 dirige,»
3214 3094 3278 3146 ut
3306 3090 3427 3147 sint
3446 3113 3472 3141 ‹‹
3507 3091 3838 3149 secundum

2184 3173 2485 3246 eloquium
2515 3180 2714 3247 tuum;
2749 3180 2808 3234 et
2831 3199 2860 3228 »
2881 3193 2986 3251 per
3022 3177 3131 3235 hoc
3158 3197 3180 3228 ι
3207 3197 3323 3236 non
3357 3179 3694 3237 dominetur
3721 3180 3838 3237 mei

423 3263 454 3314 «ὲ
477 3245 808 3336 topazfori.»
831 3245 1120 3337 Tepaaius
1145 3266 1438 3337 pretiosus
1467 3267 1619 3340 lapis
1640 3245 1748 3339 est,
1773 3269 1945 3341 cujus
1973 3245 2074 3326 na-
2103 3245 2150 3314 (ἶ
2184 3245 2380 3320 omnis
2434 3245 2709 3337 injustia,
2743 3287 2772 3316 ››
2815 3245 2901 3322 id_
2934 3271 3024 3324 est
3079 3266 3244 3324 nulla
3293 3267 3595 3344 iniquitas,
3626 3268 3687 3326 id
3746 3275 3849 3326 est

423 3348 562 3408 tura
587 3354 687 3408 e‘st‘
709 3354 782 3408 ut"
801 3365 1036 3426 semper
1066 3354 1322 3412 attrahat
1361 3357 1555 3412 visum
1609 3357 2070 3430 inspicientium,

423 3436 700 3496 dec‘oc'uli
720 3439 1160 3514 inspicientium
1181 3444 1310 3516 ejus
1331 3450 1580 3517 possunt
1600 3445 1817 3502 intuitu
1834 3447 2068 3504 satiari:

421 3525 530 3602 per
553 3523 716 3602 quod
740 3528 1128 3605 intelligimus
1171 3548 1345 3590 omne
1386 3533 1700 3605 pulchrum
1730 3535 1860 3592 visu
1890 3535 2072 3608 hujus

349 3635 357 3640 ·
420 3611 642 3676 seculi.

490 3707 564 3764 Et
589 3707 730 3782 quia
749 3733 776 3760 α
804 3708 979 3768 dilexi
1010 3711 1290 3768 mandata
1317 3717 1440 3785 tua,
1465 3717 1770 3786 propterea
1789 3732 1818 3768 ιι
1846 3731 1963 3771 non
1985 3714 2068 3770 fui

417 3789 646 3858 otibsus
669 3799 742 3856 ab
762 3815 953 3874 opere,
982 3802 1082 3858 sed
1108 3826 1135 3854 ‹‹
1159 3802 1455 3876 dirigebar
1477 3825 1503 3854 α
1525 3820 1760 3878 semper
1777 3805 1850 3860 ad
1872 3803 2071 3861 omnia

418 3882 698 3946 iamiam
742 3893 848 3946 tua
905 3890 1229 3964 implenda,
1270 3896 1328 3948 et
1375 3895 1721 3964 econtrario,
1763 3918 1790 3944 ‹‹
1833 3911 2067 3950 omnem

415 3975 858 4050 viaminiquam
877 3979 1010 4034 odio
1033 3979 1211 4036 habui
1236 4004 1264 4031 »
1273 3983 1447 4054 juxta
1465 3983 1843 4057 Evangelium
1870 4000 1921 4038 :«
1941 3985 2066 4040 Non

415 4063 664 4137 potestis
693 4065 810 4124 Deo
841 4068 1054 4124 servire
1083 4074 1140 4126 et
1171 4087 1541 4128 mammonae.
1568 4095 1597 4123 ››
1619 4073 1823 4144 (Matth.
1855 4073 1959 4145 vx.)

1179 4222 1306 4271 Phe.

491 4351 521 4384 α
543 4331 834 4408 Mirabilia
863 4335 1202 4392 testimonia
1229 4340 1388 4393 tua.»
1411 4338 1557 4395 Huic
1591 4341 1888 4398 octonario
1919 4342 2064 4398 bene

414 4415 818 4496 p'rteSCribitur
845 4422 983 4494 Phe,
1008 4425 1163 4498 quod
1193 4425 1610 4499 interpretatur
1636 4445 1810 4500 error,
1837 4430 1974 4503 quia
2002 4432 2062 4487 in

413 4509 524 4568 Hac
553 4511 718 4588 parte
749 4511 939 4571 ﬁdelis
971 4511 1072 4588 qui
1104 4512 1368 4588 loquitur
1389 4517 1646 4574 ostendit
1676 4535 1738 4575 se
1769 4519 1963 4576 dolere
1991 4522 2064 4578 de

2181 3357 2486 3424 peccatum
2517 3355 2674 3427 quod
2721 3354 2950 3412 habitat
2978 3356 3038 3412 in
3071 3360 3272 3415 nostro
3303 3373 3546 3431 corpore
3575 3357 3833 3426 mortali,

2172 3442 2301 3513 jam
2333 3459 2450 3500 non
2499 3447 2677 3516 reget,
2709 3443 2769 3500 id
2800 3449 2892 3502 est
2919 3445 2979 3500 in
3025 3445 3197 3503 nobis
3227 3450 3293 3502 ut
3319 3446 3512 3504 valeat
3557 3464 3674 3504 nos
3717 3447 3837 3504 im-

2179 3531 2394 3603 pellere
2423 3533 2496 3590 ad
2515 3531 2754 3591 illicitos
2775 3539 2992 3606 motus,
3017 3536 3118 3593 sed
3146 3535 3344 3608 potius
3373 3535 3596 3594 ratione
3613 3535 3836 3594 illumi-

2180 3625 2300 3690 nat,
2333 3621 2519 3678 fomes
2572 3624 2796 3695 peccati
2855 3623 3309 3698 comprimatur;
3361 3624 3492 3682 ideo
3547 3625 3636 3682 sic
3692 3625 3847 3684 dicit

2180 3731 2210 3760 ‹‹
2243 3709 2406 3766 nulla
2443 3711 2798 3782 dominetur,
2826 3735 2854 3762 »
2877 3713 3016 3786 quia
3043 3711 3320 3786 intelligit
3359 3717 3593 3770 tantum
3641 3714 3837 3772 valere

2179 3797 2252 3852 ad
2283 3797 2742 3868 damnationem,
2765 3800 2815 3856 si
2836 3818 2954 3857 una
2982 3799 3275 3873 injustitia
3297 3801 3638 3860 dominetur
3655 3819 3840 3876 quan-

2178 3891 2306 3942 tum
2337 3887 2387 3943 si
2417 3903 2622 3945 omnes
2653 3888 3051 3946 dominentur.

2248 3975 2386 4034 Dico
2407 4000 2438 4028 ‹‹
2460 3993 2700 4052 gressus
2721 3978 2964 4054 dirige,»
2987 3995 3059 4036 ne
3079 3978 3418 4038 dominetur
3435 3981 3756 4054 injustitia,
3777 3984 3836 4036 et

2177 4066 2354 4124 etiam
2387 4090 2414 4117 «
2447 4067 2669 4124 redime
2699 4085 2792 4126 me
2816 4091 2845 4118 »
2876 4085 2980 4142 per
3025 4069 3281 4142 pretium
3332 4070 3646 4143 sanguinis
3704 4068 3844 4127 Filii-

2176 4155 2293 4225 tui;
2324 4156 2546 4214 redime
2578 4173 2672 4214 me
2697 4179 2720 4210 ι
2755 4176 2790 4214 a
2818 4157 3132 4216 calumniis
3172 4159 3505 4228 hominum,
3529 4179 3559 4210 »ι
3591 4159 3650 4216 id
3679 4163 3770 4216 est
3793 4175 3829 4215 α

2174 4243 2340 4304 falsis
2379 4245 2891 4305 criminationibus
2931 4251 2989 4304 et
3023 4247 3462 4306 inventionibus
3491 4247 3822 4316 hominum,

2175 4350 2247 4390 ne
2275 4335 2506 4407 possint
2525 4351 2618 4393 me
2639 4337 3004 4394 conformare
3025 4353 3144 4394 suae
3171 4337 3466 4411 nequitiae,
3493 4360 3526 4389 α
3548 4343 3616 4394 ut
3635 4361 3672 4390 »τ
3685 4341 3826 4394 tunc

2171 4423 2352 4482 libere
2379 4449 2400 4476 α
2435 4427 2762 4483 custodiam
2793 4426 3072 4484 mandata
3100 4431 3222 4493 tua,
3246 4449 3276 4479 »
3301 4427 3400 4500 qui
3432 4427 3609 4485 modo
3641 4428 3819 4500 impe-

2172 4513 2300 4570 dior
2328 4515 2531 4572 multis
2562 4515 2876 4574 calumniis
2905 4533 3134 4574 eorum.

411 4593 608 4686 eriere
635 4600 872 4659 illorum
899 4619 1048 4675 quos
1071 4589 1260 4676 supra
1290 4604 1515 4661 dixerat
1543 4605 1731 4680 legem
1763 4609 1865 4666 Dei
1895 4610 2064 4667 dissi-
2094 4615 2156 4684 Π
2243 4605 2314 4660 Et
2341 4608 2407 4660 ut
2432 4604 2656 4677 possim
2693 4604 2988 4663 custodire
3027 4605 3304 4662 mandata
3343 4611 3469 4676 tua,
3493 4628 3524 4657 ‹‹
3553 4605 3835 4662 illumina’

413 4682 574 4769 pars,
597 4693 656 4745 et
698 4692 954 4748 ostendit
991 4691 1076 4748 eis
1123 4693 1532 4750 convenienter
1588 4695 1774 4769 legem
1831 4697 2064 4756 Domini

413 4767 532 4835 ﬁda
565 4777 990 4852 dis‘sipandam,
1024 4783 1124 4838 sed
1157 4783 1494 4839 amandum.

484 4865 659 4935 Quasi
691 4869 910 4926 diceret
943 4887 955 4926 :
989 4873 1114 4943 Non
1164 4871 1390 4928 debetis
1429 4873 1734 4947 dissipare,
1767 4876 1886 4932 imo
1936 4897 2064 4935 am-

412 4940 589 5030 p‘le'cti
637 4962 696 5014 et
741 4959 1056 5027 custodire,
1108 4961 1266 5032 quia,
1301 4979 1383 5015 Ou
1416 4963 1681 5032 Domine,
1727 4967 2064 5023 testimonia

411 5039 516 5104 tua
547 5071 575 5098 »
607 5051 748 5104 sunt
775 5067 796 5094 ε
829 5048 1142 5117 mirabilia,
1171 5073 1198 5099 »
1220 5050 1276 5104 id
1311 5055 1399 5106 est
1435 5052 1614 5123 digna
1653 5056 2059 5123 admiratione,

411 5135 552 5208 quia
579 5137 978 5194 observatores
1018 5155 1157 5195 suos
1207 5139 1351 5195 tales
1383 5141 1646 5196 efﬁciunt
1675 5145 1828 5214 quod
1881 5161 2062 5199 cmcos

408 5214 768 5296 illuminent,
789 5231 1054 5284 mortuos
1078 5229 1447 5298 resusci‘tent,
1471 5235 1527 5286 et
1552 5231 1888 5302 hujusmodi
1915 5233 2056 5302 alia;

409 5305 468 5368 et
499 5336 527 5364 «
563 5314 691 5372 ideo
723 5321 983 5373 scrutata
1009 5321 1098 5373 est
1128 5335 1196 5374 ea
1223 5319 1419 5376 anima
1450 5336 1598 5375 mea.
1630 5343 1655 5369 ››

479 5399 692 5459 Anima
711 5408 1027 5474 scrutatur,
1051 5411 1108 5462 et
1133 5407 1280 5463 bene
1302 5411 1493 5480 potest
1513 5409 1584 5463 ad
1617 5408 2058 5483 intelligendum

336 5545 351 5565 α
409 5483 870 5566 proﬁcere,quia
890 5518 916 5544 «
943 5494 1276 5565 declaratio,
1295 5519 1322 5545 »
1344 5495 1401 5551 id
1435 5501 1524 5552 est
1555 5498 1862 5570 completio
1888 5521 1916 5550 «
1938 5517 2058 5556 ser-

409 5579 656 5634 monum
677 5581 972 5651 tuorum,»
994 5581 1152 5638 velut
1172 5583 1456 5639 adventus
1478 5584 1692 5640 Christi
1717 5592 1776 5642 et
1796 5588 2062 5644 doctrina

407 5665 762 5740 evangelica,
793 5687 919 5740 quae
953 5670 1251 5726 declarant
1283 5675 1339 5726 et
1369 5671 1662 5744 complent
1691 5691 1893 5733 omnes
1926 5695 2058 5751 pro-

2173 4693 2382 4750 faciem
2413 4699 2633 4763 tuam,»
2656 4693 2716 4750 id
2744 4697 2835 4751 est
2863 4695 3233 4768 praesentiam
3267 4700 3430 4751 tuam
3462 4695 3610 4752 mihi
3644 4692 3827 4751 mani-

2171 4783 2382 4838 festam
2412 4783 2672 4854 ostende,
2707 4801 2824 4839 non
2863 4783 3008 4840 facie
3037 4785 3246 4854 velata,
3279 4785 3435 4841 sicut
3463 4785 3694 4858 Moyses
3721 4783 3826 4840 Ju-

2171 4872 2326 4928 daeos
2357 4873 2602 4928 docebat
2629 4873 2821 4947 (Exod.
2849 4876 2955 4944 III),
2987 4873 3327 4948 signiﬁcans
3357 4874 3574 4932 mentis
3621 4888 3824 4931 eorum

2168 4961 2454 5029 velamen,
2481 4963 2582 5034 qui
2603 4961 2971 5034 spiritualem
3003 4961 3330 5020 doctrinam
3359 4963 3689 5037 intelligam
3711 4976 3825 5019 non

2170 5055 2446 5123 possent:
2471 5051 2739 5108 Christus
2767 5069 2899 5110 vero
2931 5051 3134 5108 doctor
3161 5057 3364 5110 nostor
3384 5054 3698 5110 manifeste
3719 5052 3826 5108 do-

2169 5141 2291 5195 cuit
2311 5139 2632 5211 veritatem,
2649 5145 2706 5197 et
2725 5142 3122 5215 cognitionem
3154 5141 3258 5199 Dei
3278 5143 3554 5200 ﬁdelibus
3583 5142 3824 5199 intima-

2167 5225 2268 5282 vit.
2298 5227 2368 5282 Et
2398 5227 2548 5283 hanc
2597 5229 2822 5300 faciem,
2857 5231 2914 5286 id
2959 5235 3050 5288 est
3098 5231 3514 5306 cognitionem,
3550 5231 3825 5288 illumina

2173 5338 2200 5368 α
2232 5333 2410 5389 super
2436 5341 2465 5370 »
2501 5335 2593 5375 me
2627 5342 2655 5368 «
2699 5336 2933 5376 servum
2971 5326 3164 5391 tuum,
3197 5325 3301 5378 et.
3335 5339 3444 5394 per
3477 5322 3587 5379 hoc
3618 5343 3648 5373 «
3681 5319 3836 5378 doce

2169 5424 2263 5462 me
2285 5430 2312 5458 »
2337 5407 2638 5464 intellectu
2660 5415 2717 5466 et
2741 5410 3082 5483 impletione
3102 5435 3128 5462 ‹‹
3147 5412 3607 5484 justiﬁeationes
3629 5416 3821 5468 tuas.»

2239 5497 2310 5554 Et
2339 5496 2555 5572 dignus
2586 5516 2718 5556 sum
2749 5505 2814 5556 ut
2843 5501 3074 5570 doceas,
3100 5501 3241 5574 quia
3270 5501 3525 5560 multum
3559 5499 3727 5558 doleo
3752 5499 3838 5555 de

2169 5586 2418 5643 aliorum
2450 5604 2672 5658 errore;
2697 5595 2754 5646 et
2777 5590 2887 5647 hoc
2911 5587 3055 5646 dicit
3077 5609 3090 5647 :
3115 5613 3143 5642 «
3168 5592 3360 5648 exitus
3390 5605 3745 5665 aquarum.”
3766 5585 3825 5644 id

2168 5684 2278 5750 est,
2297 5680 2568 5752 copiosus
2593 5679 2764 5738 fletus
2784 5680 3060 5752 exterius,
3080 5687 3138 5740 et
3166 5683 3388 5742 multos
3409 5683 3640 5740 dolores
3671 5681 3820 5737 inte-
