4060 6180
308 304 430 367 629
1487 306 1988 371 EXPLANATIO
2031 306 2108 369 ΙΝ
2151 309 2534 377 PSALMOS.

3593 317 3713 388 630

308 464 338 490 α
372 457 550 514 super
588 439 816 512 judicia
852 439 1099 513 justitiae
1149 446 1290 510 tuae,
1327 463 1356 492 »
1406 442 1463 498 id
1507 446 1600 499 est
1643 460 1956 517 recognos-
1985 442 2041 511 Α
2070 446 2402 505 militudine
2442 449 2710 522 justitiaz,
2741 469 2774 508 a
2820 469 2936 525 quo
2985 451 3294 511 dissimilis
3342 452 3533 512 factus
3579 470 3713 514 sum

307 547 450 587 cens
479 547 685 587 omnes
716 529 846 586 illas
894 531 1331 603 persecutiones
1380 532 1618 589 immitti
1666 533 1961 591 mihi‘tuo
2073 536 2506 611 multiplicitate
2541 541 2841 613 injustitiae
2877 561 2889 598 :
2923 547 2981 600 et
3020 547 3086 599 ut
3129 543 3352 616 possim
3400 544 3716 619 appropin-

297 621 466 693 justo
488 619 735 691 judicio,
770 620 993 677 scilicet
1024 621 1097 677 ad
1128 623 1567 679 correctionem.

378 710 450 765 Et
478 725 614 765 cum
638 707 791 764 inter
819 708 1230 767 tribulationes
1278 727 1492 782 essem,
1526 728 1629 784 per
1656 712 1766 768 hoc
1798 710 1959 785 potui

301 797 415 853 tibi
438 797 674 854 laudem
704 796 915 867 dicere,
931 799 1069 872 quia
1092 798 1491 873 tranquillitas
1522 805 1579 857 et
1607 818 1718 874 pax
1746 816 1963 873 magna

303 890 434 944 erat
463 886 689 942 mihiin
724 889 1094 960 mente,quia
1125 890 1400 945 omnibus
1435 888 1863 963 «diligentibus
1886 889 1961 946 le-

302 993 440 1050 gem
475 979 639 1032 tuam
670 980 761 1033 est
781 993 893 1049 pax
913 978 1167 1047 multa,»
1199 978 1256 1034 id
1279 983 1368 1035 est
1384 978 1781 1051 tranquillitas
1804 996 1962 1035 men-

302 1065 407 1138 tis,
440 1066 551 1122 etsi
586 1083 700 1121 non
731 1066 1023 1139 perfecta:
1059 1067 1354 1139 quialicet
1381 1068 1634 1124 exterius
1662 1069 1961 1124 verberen-

301 1159 423 1223 tur,
440 1160 635 1210 tamen
669 1153 727 1210 in
761 1159 956 1211 mente
986 1173 1102 1212 non
1134 1157 1639 1213 moventur.Unde
1671 1157 1956 1230 scriptum

302 1248 423 1301 est:
455 1244 560 1301 Est
589 1247 647 1300 et
676 1244 736 1299 in
767 1244 876 1301 hac
899 1245 1020 1301 vita
1048 1245 1252 1302 multis
1282 1246 1514 1318 requies
1545 1247 1683 1302 data
1712 1246 1955 1314 sanctis,

299 1351 561 1408 quorum
586 1334 818 1390 animas
844 1335 1104 1391 mundus
1135 1352 1251 1391 non
1282 1340 1442 1391 tenet
1471 1334 1693 1391 occisas
1727 1354 1740 1390 :
1778 1357 1807 1386 ‹‹
1839 1340 1897 1391 et
1928 1358 1955 1386 ››

300 1425 490 1481 etiam
522 1446 550 1473 α
585 1440 702 1480 non
732 1427 822 1481 est
850 1422 969 1480 illis
1001 1424 1414 1493 scandalum,»
1446 1425 1503 1480 id
1534 1428 1623 1480 est
1652 1443 1955 1498 nunquam

299 1514 552 1571 offensio
598 1517 770 1571 nocet
815 1513 900 1570 eis
949 1530 1055 1570 nec
1103 1518 1337 1588 separat
1384 1515 1457 1571 ab
1505 1514 1783 1584 Ecclesia,
1818 1515 1958 1588 quia

299 1603 534 1661 nullam
563 1602 788 1661 faciunt
816 1602 1220 1660 oll'ensionem.

304 1702 311 1707 ‘
379 1694 516 1749 Ideo
545 1691 722 1749 etiam
742 1690 978 1748 laudem
999 1692 1163 1766 potui
1195 1691 1405 1762 dicere,
1426 1692 1795 1765 iniquitatem
1822 1692 1954 1749 odio

2071 642 2270 699 quare,
2300 651 2329 678 «
2363 629 2438 684 da
2466 629 2609 686 mihi
2640 631 3002 689 intellectum
3047 654 3074 682 ››
3124 650 3240 689 non
3289 633 3348 689 in
3398 633 3718 691 mundanis

2070 716 2355 787 scientiis,
2390 720 2491 775 sed
2523 744 2549 770 «
2577 721 2748 793 juxta
2776 722 3076 794 eloquium
3104 726 3296 792 tuum,
3332 746 3361 773 »
3406 724 3467 779 id
3511 726 3601 780 est
3646 725 3718 781 de

2069 802 2425 875 coelestibus,
2458 825 2634 879 quem
2664 809 3027 865 intellectum
3059 814 3269 867 docent
3295 811 3530 884 eloquia
3554 814 3677 869 tua.

2140 892 2264 948 Non
2297 898 2527 951 tantum
2559 898 3009 970 appropinquet,
3042 901 3142 956 sed
3182 900 3357 956 etiam
3393 924 3414 951 ι
3450 901 3648 972 intret,
3687 923 3709 951 ι

2070 998 2370 1051 mansura,
2387 1008 2413 1033 «
2447 985 2763 1056 postulatio
2796 1008 2823 1035 »
2860 986 2916 1041 id
2943 992 3034 1042 est
3063 988 3245 1045 oratio
3278 1012 3304 1039 ‹‹
3339 1006 3471 1046 mea
3499 990 3716 1047 in’con~

2070 1074 2271 1142 spectu
2304 1075 2405 1127 tuo
2436 1089 2450 1127 :
2488 1096 2515 1121 »
2548 1074 2668 1129 haec
2699 1074 2921 1130 scilicet
2951 1075 3265 1147 postulatio
3294 1077 3492 1147 intret,
3507 1101 3534 1129 ‹‹
3554 1079 3714 1152 eripe

2070 1176 2163 1215 me
2198 1183 2225 1209 »
2258 1161 2327 1216 de
2354 1162 2650 1234 ergastulo
2683 1164 2876 1219 carnis
2906 1168 2963 1221 et
2994 1166 3064 1221 de
3094 1182 3334 1238 corpore
3364 1166 3568 1222 mortis
3599 1167 3711 1223 hu-

2058 1248 2183 1319 jus,
2216 1249 2412 1305 ethoc
2443 1274 2469 1300 «
2504 1253 2830 1307 secundum
2864 1253 3165 1325 eloquium
3210 1256 3403 1325 tuum,
3440 1277 3467 1304 »
3517 1255 3576 1311 id
3623 1259 3714 1311 est

2067 1339 2391 1393 secundum
2416 1341 2867 1411 promissionem
2899 1343 3204 1416 tuam,qui
3224 1343 3422 1400 dixisti
3454 1343 3514 1398 in
3534 1345 3713 1401 Evan-

2063 1427 2215 1500 gelio
2249 1445 2262 1482 :
2297 1452 2325 1477 «
2359 1429 2467 1496 Qui
2498 1430 2698 1487 fecerit
2746 1449 2813 1488 ea
2860 1450 2989 1504 qua:
3038 1448 3144 1505 ego
3193 1432 3486 1506 praecipio,
3518 1430 3713 1489 mani-

2062 1515 2287 1572 festabo
2311 1518 2360 1573 ei
2394 1519 2706 1592 meipsum.
2741 1542 2770 1571 ››
2802 1521 2976 1593 (Joan.
3001 1522 3143 1595 xxv.)

2137 1605 2272 1661 Dico
2303 1628 2330 1657 ‹‹
2353 1606 2428 1662 da
2455 1607 2884 1678 intellectum,»
2914 1614 2971 1667 et
3003 1632 3031 1661 «
3062 1627 3196 1666 cum
3228 1609 3496 1668 docueris
3517 1612 3713 1684 mejua

2063 1694 2444 1752 stiﬁcationes
2472 1700 2626 1766 tuas,
2663 1722 2685 1751 ι)
2724 1698 2782 1754 id
2816 1702 2904 1756 est
2935 1716 3072 1755 cum
3105 1699 3275 1756 dabis
3322 1698 3707 1770 intellectum,

302 1780 694 1854 habere,quia
721 1797 897 1854 ego,o
930 1804 959 1832 «
985 1782 1671 1880 Domine,.exspectabam
1698 1780 1953 1880 sal-utare
1985 1814 2032 1880 B
2062 1806 2091 1833 «
2124 1785 2476 1841 eructabunt
2504 1785 2660 1843 labia
2688 1803 2820 1843 mea
2843 1787 3150 1861 hymnum,
3174 1809 3201 1837 »
3232 1786 3292 1843 id
3322 1790 3412 1843 est
3441 1801 3509 1843 ex
3528 1787 3708 1845 abun-

298 1875 505 1927 tuum:
524 1893 552 1920 ››
576 1886 682 1926 nos
703 1874 1109 1943 exspectamus
1129 1870 1427 1927 Christum
1446 1873 1758 1927 venturum
1778 1870 1838 1926 in
1856 1886 1951 1927 ex-

296 1963 494 2017 tremo
514 1959 759 2033 judicio,
793 1958 1021 2031 antiqui
1047 1975 1181 2015 vero
1230 1963 1427 2032 patres
1472 1963 1955 2032 exspectaverunt

296 2049 566 2123 primum
598 2050 909 2106 adventum
938 2050 1068 2121 ejus
1102 2066 1115 2105 :
1151 2049 1263 2106 nisi
1294 2049 1450 2106 enim
1481 2054 1953 2123 exspectaremus

292 2156 443 2196 eum
472 2138 730 2197 secundo
753 2142 1086 2208 venturum,
1117 2155 1305 2211 neque
1333 2138 1520 2212 legem
1552 2138 1951 2212 diligeremus,

293 2245 496 2303 neque
523 2226 895 2301 iniquitatem
925 2226 1055 2283 odio
1082 2226 1456 2298 haberemus,
1468 2228 1822 2301 exspectavi;
1847 2251 1875 2279 «
1896 2233 1954 2284 et

292 2319 587 2375 mandata
612 2321 739 2387 tua,
774 2339 803 2366 »
833 2316 892 2373 id
916 2321 1005 2374 est
1033 2320 1324 2390 praecepta
1374 2316 1640 2384 moralia,
1674 2321 1741 2374 ut
1773 2340 1800 2369 «
1834 2336 1951 2375 non

290 2408 559 2477 occides,
591 2423 708 2462 non
737 2405 1045 2474 furaberis,
1081 2428 1108 2455 »
1138 2409 1196 2462 et
1224 2404 1461 2474 similia,
1493 2428 1522 2456 ‹‹
1554 2405 1749 2463 dilexi.
1787 2429 1815 2456 »

375 2497 447 2553 Et
493 2511 613 2552 non
651 2498 883 2551 tantum
932 2493 1109 2550 dilexi
1161 2495 1438 2551 mandata
1484 2498 1605 2565 tua,
1639 2497 1742 2553 sed
1772 2497 1949 2553 etiam

289 2608 326 2636 ‹‹
366 2584 567 2640 anima
593 2599 744 2652 mea,
782 2605 809 2632 ››
839 2582 898 2638 id
929 2586 1020 2639 est
1048 2582 1196 2639 ratio
1225 2586 1284 2640 et
1309 2582 1600 2653 voluntas,
1634 2608 1662 2635 «
1695 2584 1950 2641 custodi-

288 2674 385 2730 vit
430 2671 768 2730 testimonia
811 2676 935 2740 tua,
969 2695 996 2721 ››
1030 2671 1089 2727 id
1122 2676 1213 2729 est
1261 2676 1549 2746 praecepta
1597 2678 1700 2729 tua
1741 2674 1951 2730 veteris

289 2763 470 2837 legis,
502 2760 725 2818 scilicet
755 2761 972 2834 ﬁguras
1002 2761 1163 2834 ipsas
1193 2776 1208 2818 :
1243 2777 1357 2817 non
1390 2764 1544 2835 quod
1585 2764 1760 2820 homo
1808 2762 1950 2819 Novi

292 2849 665 2911 Testamenti
697 2866 765 2906 ex
794 2853 927 2906 actu
958 2850 1216 2923 impleat,
1251 2852 1351 2908 sed
1392 2856 1590 2908 tamen
1640 2856 1831 2909 servat
1859 2870 1947 2921 ea,

289 2942 494 2999 sciens
524 2957 594 2997 ea
619 2956 751 2996 esse
777 2938 1182 3012 probationem
1209 2944 1265 2997 et
1294 2939 1695 2997 testimonium
1723 2959 1841 2998 sum
1862 2942 1949 2999 le-

288 3031 410 3106 gis,
440 3029 601 3086 velut
630 3029 756 3102 ipse
786 3027 1072 3085 Dominus
1098 3046 1202 3101 per
1230 3028 1639 3086 testimonium
1685 3030 1949 3103 ipsorum

290 3118 720 3194 prophetarum
752 3117 1150 3190 comprobavit
1178 3117 1684 3185 resurrectionem,
1701 3119 1948 3192 loquens

290 3206 608 3281 discipulis
637 3207 696 3263 in
725 3206 819 3263 via
846 3206 1031 3277 (Marc.
1064 3223 1190 3275 xv1;
1224 3208 1351 3262 Luc.
1386 3211 1569 3277 XXIV):
1597 3231 1625 3257 ‹‹
1661 3212 1718 3264 et
1749 3208 1949 3266 dilexit

292 3314 368 3355 ea
384 3296 781 3353 vehementer.
818 3319 847 3346 ››

368 3384 512 3441 Dico
542 3408 571 3435 ‹‹
605 3383 780 3441 dilexi
812 3386 1111 3451 mandata,
1146 3407 1173 3433 »
1204 3387 1261 3441 et
1291 3402 1406 3440 non
1434 3388 1665 3441 tantum
1691 3387 1820 3455 hoc,
1846 3389 1945 3444 sed

288 3478 351 3531 et
378 3496 407 3523 ‹‹
441 3473 658 3530 servari
692 3474 909 3529 manda
938 3476 1060 3545 tua,
1095 3476 1154 3528 et
1184 3495 1214 3522 »
1258 3473 1434 3529 etiam
1486 3498 1512 3524 ‹‹
1548 3475 1888 3532 testimonia
1919 3499 1947 3526 ››

292 3579 435 3618 cum
468 3561 866 3629 mandatis,ut
893 3562 1165 3618 ostendat
1192 3578 1254 3618 se
1280 3566 1596 3634 utrumque
1617 3565 1950 3619 Testamen-

288 3654 448 3721 tum,
479 3650 660 3707 Vetus
691 3654 748 3707 et
771 3651 1020 3719 Novum,
1050 3649 1267 3722 pariter
1293 3651 1599 3707 observare
1632 3669 1644 3707 :
1670 3652 1799 3708 ideo
1822 3670 1949 3708 ser-

286 3739 419 3795 vavi
453 3762 482 3788 ‹‹
513 3738 654 3811 quia
684 3755 888 3795 omnes
921 3737 1021 3793 viae
1052 3753 1216 3804 meai,
1251 3759 1279 3786 ››
1313 3737 1370 3792 id
1402 3741 1513 3806 est,
1545 3739 1745 3795 omnia
1774 3757 1949 3813 opera

291 3845 449 3895 mea,
483 3830 626 3883 sunt
653 3849 682 3876 ‹‹
713 3825 773 3881 in
805 3828 1119 3898 conspectu
1150 3829 1272 3893 tuo,
1305 3848 1332 3877 »
1377 3826 1434 3881 id
1487 3829 1596 3895 est,
1633 3831 1694 3882 tu
1743 3828 1949 3899 dirigis

290 3916 422 3973 vias
450 3922 513 3972 et
539 3932 715 3989 opera
746 3931 876 3971 mea
905 3931 920 3971 :
953 3931 1128 3987 opera
1158 3914 1321 3971 nulla
1351 3916 1633 3971 dicuntur
1664 3917 1721 3971 in
1775 3934 1946 3973 cons-

292 4007 469 4079 pectu
499 4003 602 4061 Dei
634 4019 783 4074 esse,
814 4003 926 4060 nisi
959 4003 1141 4060 solius
1165 4003 1335 4075 justi.

1058 4147 1186 4196 Tan.

371 4294 400 4320 κ
415 4269 876 4343 Appropinquet.
888 4290 915 4317 υ
929 4269 1072 4325 Huic
1085 4273 1253 4325 octon
1262 4269 1384 4326 ario
1396 4271 1792 4342 praescribitur
1803 4275 1924 4330 Tau
1936 4319 1950 4344 ,

296 4360 359 4415 id
391 4364 501 4427 est,
534 4359 929 4415 consummatio
961 4377 979 4412 :
1011 4356 1107 4413 hic
1136 4357 1292 4413 enim
1315 4359 1518 4431 justus
1548 4359 1680 4430 iste,
1714 4362 1813 4433 qui
1847 4380 1950 4418 su-

296 4446 500 4521 perius
529 4446 719 4520 legem
750 4446 852 4502 Dei
897 4462 959 4503 se
992 4445 1321 4503 custodisse
1368 4448 1643 4517 ostendit,
1676 4466 1949 4506 consum-

2062 1872 2264 1929 dantia
2291 1890 2515 1948 magna:
2547 1876 2873 1932 saturitatis
2903 1876 3137 1933 laudem
3170 1876 3361 1934 dicam
3390 1875 3518 1933 tibi.

2130 1963 2199 2018 Et
2232 1981 2346 2019 non
2377 1967 2609 2020 tantum
2627 1964 2732 2021 tibi
2763 1965 2822 2021 in
2846 1966 3071 2038 meipso
3100 1965 3337 2021 laudem
3364 1965 3707 2034 faciam,sed

2061 2054 2119 2106 et
2158 2074 2184 2101 «
2221 2051 2424 2126 lingua
2469 2070 2601 2110 mea
2632 2074 2654 2105 ι
2708 2052 2839 2109 aliis
2895 2076 2923 2104 «
2958 2053 3362 2127 pronuntiabit
3409 2051 3706 2126 eloquium

2060 2143 2255 2210 tuum,
2306 2164 2333 2190 »
2375 2144 2529 2214 quod
2561 2132 2859 2215 eloquium
2892 2143 3038 2199 bene
3068 2141 3570 2216 pronuntiandum
3595 2145 3707 2213 est,

2061 2253 2089 2281 «
2123 2230 2265 2302 quia
2293 2231 2492 2287 omnia
2518 2233 2798 2288 mandata
2827 2236 2933 2289 tua
2964 2255 2992 2282 »
3037 2235 3177 2288 sunt
3208 2253 3237 2283 «
3284 2230 3550 2304 aequitas,
3580 2240 3616 2281 ‘n
3646 2229 3706 2287 id

2061 2324 2151 2376 est
2179 2319 2325 2376 nihil
2357 2320 2644 2393 injustam
2676 2321 3091 2395 prmeipientia.

2131 2408 2204 2464 Et
2245 2413 2311 2464 ut
2352 2409 2575 2482 possim
2629 2411 2847 2467 intrare
2897 2410 2956 2466 in
2997 2412 3313 2483 conspectu
3346 2413 3468 2477 tuo,
3501 2411 3559 2465 et
3585 2407 3709 2466 hac

2060 2498 2194 2564 alia,
2224 2500 2387 2568 ﬁant,
2426 2522 2447 2549 α
2482 2500 2586 2555 fiat
2615 2517 2828 2556 manus
2859 2505 2977 2567 tua,
3014 2522 3042 2549 ››
3076 2500 3133 2555 id
3173 2501 3263 2555 est
3310 2497 3493 2555 Filius
3542 2501 3706 2565 tuus,

2064 2610 2092 2639 ‹‹
2124 2592 2188 2643 ut
2216 2588 2400 2645 salvet
2428 2605 2541 2655 me,
2578 2610 2605 2637 »
2638 2588 2693 2644 id
2726 2593 2834 2657 est,
2869 2588 3120 2644 salvator
3164 2604 3332 2644 meus
3380 2588 3501 2656 fiat,
3535 2585 3707 2644 nobis

2058 2678 2235 2734 etiam
2265 2677 2374 2733 hoc
2404 2682 2703 2750 tempore:
2740 2678 2805 2732 ﬁt
2832 2677 2988 2732 enim
3019 2674 3278 2748 quotidie
3307 2674 3578 2732 Christus
3598 2675 3709 2733 sal-

2056 2771 2224 2822 vator
2274 2770 2512 2838 peccata
2566 2765 2936 2834 remittendo,
2986 2769 3043 2821 et
3101 2762 3438 2837 spirituales
3484 2754 3706 2837 gratias

2058 2855 2455 2912 conferendo:
2507 2855 2649 2927 quid
2700 2854 2844 2910 mihi
2909 2852 3115 2909 merito
3178 2853 3299 2922 ﬁat,
3355 2874 3376 2903 α
3424 2851 3703 2925 quoniam

2058 2945 2338 3001 mandata
2367 2947 2468 2999 tua
2497 2942 2664 3016 elegi.
2696 2966 2718 2993 ι»

2135 3034 2264 3090 Ideo
2296 3033 2474 3089 etiam
2504 3049 2717 3088 manus
2744 3036 2845 3088 tua
2893 3032 3075 3088 salvet
3119 3048 3235 3101 me,
3265 3028 3544 3103 quoniam
3593 3045 3702 3104 ego

2061 3148 2088 3175 ‹‹
2123 3121 2425 3195 concupivi
2462 3121 2719 3177 salutare
2748 3125 2938 3190 tuum,
2956 3119 3332 3188 Domine,»id
3358 3122 3466 3187 est,
3490 3118 3701 3175 salvari

2059 3229 2163 3285 per
2179 3211 2391 3268 Filium
2415 3210 2634 3283 ipsum,
2649 3227 2823 3283 quem
2845 3227 2950 3283 ego
2971 3209 3211 3281 cognovi
3227 3207 3573 3265 salvatorem
3585 3224 3704 3264 om-

2056 3302 2250 3356 nium:
2274 3323 2302 3350 «
2322 3304 2379 3356 et
2411 3323 2439 3349 »
2471 3299 2647 3355 etiam
2681 3298 2810 3355 ideo
2841 3298 3021 3355 debeo
3053 3296 3569 3369 salvari,quianon
3582 3299 3706 3352 tan-

2056 3393 2183 3445 tum
2217 3388 2405 3461 legem
2438 3386 2636 3454 dilexi,
2651 3388 2750 3443 sed
2783 3386 2959 3442 etiam
2991 3386 3120 3458 ipsa
3151 3408 3178 3436 ‹‹
3209 3385 3301 3441 lex
3326 3388 3433 3440 tua
3452 3384 3705 3441 medita-

2057 3477 2136 3534 tio
2167 3495 2299 3532 mea
2326 3480 2434 3545 est,
2459 3500 2486 3525 ››
2516 3477 2586 3531 de
2618 3477 2789 3546 cujus
2810 3474 3147 3547 impletione
3168 3472 3412 3529 sollicite
3430 3472 3702 3529 meditor.

2130 3567 2247 3637 Ego
2275 3564 2579 3635 concupivi
2612 3562 2891 3630 salutare,
2924 3579 3029 3617 nec
3078 3562 3317 3630 frustra,
3350 3560 3489 3633 quia
3518 3578 3621 3632 per
3649 3564 3706 3618 te

2058 3653 2414 3710 Salvatorem
2444 3676 2471 3701 ‹‹
2507 3652 2658 3707 vivet
2689 3651 2888 3707 anima
2918 3667 3047 3705 mea
3081 3674 3108 3699 »
3140 3654 3355 3705 mterna
3369 3650 3515 3705 vita:
3540 3672 3567 3699 ‹‹
3592 3652 3651 3705 et
3674 3672 3702 3699 η

2056 3742 2115 3797 in
2148 3742 2248 3797 illa
2276 3741 2395 3796 vita
2426 3764 2452 3790 ‹‹
2487 3740 2753 3795 laudabit
2784 3743 2838 3794 te
2872 3761 2900 3787 ››
2924 3739 3095 3809 juxta
3124 3737 3269 3793 illud
3305 3755 3318 3792 :
3353 3760 3380 3787 ‹‹
3415 3736 3574 3792 Beati
3600 3736 3703 3809 qui

2056 3830 2324 3886 habitant
2339 3829 2394 3884 in
2416 3830 2588 3883 domo
2604 3831 2725 3895 tua,
2741 3826 3018 3894 Domine;
3037 3825 3095 3880 in
3121 3825 3334 3881 saecula
3354 3823 3701 3881 saeculorum

2055 3918 2384 3975 laudabunt
2404 3921 2479 3972 te.
2515 3938 2543 3967 ››
2577 3916 2745 3988 (Psal.
2780 3914 3029 3986 Lxxxm.)
3058 3915 3129 3969 Et
3154 3914 3227 3969 ad
3257 3912 3379 3968 haec
3408 3916 3476 3969 ut
3504 3911 3705 3969 anima

2058 4024 2189 4063 mea
2216 4007 2289 4062 ad
2320 4004 2482 4061 illam
2512 4003 2691 4060 vitam
2730 4002 3051 4075 perveniat,
3102 4000 3379 4074 «judicia
3425 4004 3547 4070 tua,
3582 4022 3611 4051 »
3639 4000 3700 4058 id

2056 4099 2144 4153 est
2175 4093 2586 4161 correctiones,
2618 4091 2841 4148 scilicet
2870 4089 3101 4164 ﬂagella
3130 4084 3256 4163 quae
3289 4089 3433 4146 mihi
3474 4090 3546 4147 ad
3575 4106 3701 4147 eor-

2056 4183 2375 4242 rectionem
2405 4180 2696 4249 immittis,
2731 4185 2790 4237 et
2838 4178 3213 4252 suscipienda
3251 4178 3526 4251 judicas;
3563 4178 3705 4253 quia

2057 4298 2085 4325 ‹‹
2122 4272 2377 4347 ﬂagellat
2408 4276 2561 4328 Deus
2589 4286 2822 4327 omnem
2855 4268 3045 4325 filium
3078 4285 3253 4342 quem
3285 4268 3492 4342 recipit
3519 4268 3700 4342 (Hebr.

2056 4363 2157 4436 xu)
2191 4380 2203 4419 :
2240 4385 2268 4412 ››
2308 4384 2329 4411 α
2365 4361 2728 4432 adjuvabunt
2775 4376 2867 4414 me
2905 4381 2925 4407 ι»
2980 4358 3120 4430 quia
3168 4361 3406 4431 peccata
3453 4374 3558 4430 per
3605 4356 3705 4414 illa

2058 4453 2399 4526 punientur,
2435 4453 2492 4507 et
2517 4466 2621 4523 ego
2650 4449 2932 4521 probatus
2963 4446 3203 4502 alliciar.

299 4536 622 4592 mationem
654 4537 945 4607 precatur,
978 4538 1043 4590 ut
1072 4534 1257 4590 oratio
1288 4553 1399 4592 sua
1428 4537 1501 4592 ad
1538 4535 1640 4593 Dei
1674 4555 1949 4612 conspec-
1979 4550 2028 4615 D
2128 4543 2197 4597 Et
2220 4545 2285 4597 ut
2314 4540 2513 4597 anima
2539 4555 2667 4594 mea
2694 4536 2848 4591 vivat
2870 4535 2968 4590 illa
2996 4551 3132 4590 vera
3150 4533 3288 4605 vita,
3301 4534 3375 4590 ad
3397 4549 3574 4606 quam
3595 4548 3704 4605 ego

298 4630 430 4681 tum
478 4623 795 4698 perveniat,
831 4626 896 4677 ut
944 4627 1000 4678 et
1048 4623 1174 4695 ipse
1223 4623 1377 4680 Deus
1426 4642 1529 4697 per
1575 4643 1810 4684 carnem
1854 4647 1946 4686 as-

299 4718 603 4786 sumptam
635 4714 826 4769 factus
858 4711 1060 4768 Pastor
1109 4730 1274 4785 suus,
1307 4731 1370 4770 se
1419 4731 1603 4785 ovem,
1638 4720 1953 4779 commisso

299 4801 477 4874 primi
507 4802 771 4874 parentis
802 4800 862 4855 in
902 4803 1131 4858 deserto
1180 4807 1494 4871 errantem,
1528 4806 1600 4861 ad
1650 4823 1851 4865 verum
1898 4815 1955 4866 et

300 4895 652 4963 perpetuum
702 4890 847 4946 ovile
898 4891 1155 4946 reducat.
1191 4892 1344 4946 Ordo
1384 4911 1615 4965 quoque
1660 4914 1954 4970 congruus

299 4983 395 5035 est
425 4997 438 5034 :
474 4983 788 5052 postquam
820 4979 977 5034 enim
1011 4979 1218 5035 beatus
1246 4981 1426 5055 homo
1457 4984 1529 5038 ad
1562 4983 1672 5041 hoc
1701 4989 1953 5058 perduc-

299 5072 402 5123 tus
426 5071 518 5124 est
546 5072 611 5123 ut
632 5067 1042 5124 tribulationcs
1067 5068 1179 5124 sibi
1201 5069 1696 5130 medicamentum
1715 5076 1951 5149 faciant,

301 5155 453 5211 nihil
485 5155 645 5212 aliud
679 5160 859 5213 restat
888 5155 1002 5212 nisi
1033 5160 1097 5211 ut
1127 5158 1197 5212 ad
1242 5159 1600 5230 promissum
1648 5166 1953 5236 praemium

302 5244 608 5317 pervenire
638 5246 970 5301 contendat.

380 5332 783 5389 Continuatio:
803 5333 950 5400 Quia
970 5333 1142 5390 dilexi
1163 5338 1221 5392 et
1237 5336 1455 5391 servavi
1480 5340 1777 5409 mandata,
1802 5343 1951 5410 ideo,

303 5436 344 5475 ο
380 5439 403 5468 ι
434 5421 1049 5495 Domine,depreeatio
1081 5439 1211 5479 mea
1241 5426 1669 5498 apprOpinquet
1688 5450 1715 5478 ››
1740 5428 1954 5502 tibi,ita

305 5513 379 5565 ut
404 5510 481 5565 sit
508 5533 537 5559 ι‹
572 5511 630 5566 in
661 5514 977 5584 conspectu
1008 5515 1130 5580 tuo,
1160 5535 1189 5561 »
1222 5513 1279 5568 id
1310 5518 1401 5570 est
1446 5514 1573 5587 ipsa
1611 5517 1794 5573 oratio
1825 5536 1955 5578 mea

306 5597 488 5656 faciat
518 5617 613 5656 me
642 5601 1111 5674 appropinquare
1142 5601 1245 5659 tibi
1281 5620 1292 5658 :
1329 5620 1441 5660 non
1474 5603 1861 5677 localiter,sed
1882 5611 1955 5666 si-

2058 4648 2160 4703 per
2180 4648 2271 4686 me
2293 4646 2408 4684 non
2431 4643 2673 4700 possum
2696 4623 3013 4698 pervenire,
3036 4626 3117 4691 tu,
3142 4621 3441 4692 Domine,«
3461 4637 3654 4694 quaere
3674 4644 3702 4670 ››

2063 4737 2157 4775 me
2189 4741 2216 4770 «
2246 4734 2478 4774 servum
2518 4720 2687 4771 tuum
2722 4736 2750 4763 ››
2782 4711 3117 4786 aspirando,
3148 4711 3431 4783 vocando,
3460 4710 3705 4767 virtutes

2064 4805 2527 4878 multiplicando,
2581 4802 2720 4875 quia
2768 4819 2874 4875 ego
2926 4800 3173 4857 «erravi
3223 4801 3379 4857 sicut
3420 4798 3546 4855 ovis
3577 4815 3704 4871 quas

2062 4896 2253 4968 periit,
2292 4917 2319 4943 ››
2350 4895 2404 4948 id
2438 4897 2528 4949 est
2557 4892 2742 4948 erravi
2786 4891 2847 4945 in
2897 4891 3150 4962 peccatis
3198 4889 3372 4962 primi
3421 4885 3703 4960 parentis,

2062 4984 2383 5040 reccdendo
2412 4982 2470 5037 in
2501 4981 2797 5054 regionem
2830 4978 3333 5035 dissimilitudinis
3368 4980 3462 5045 ;et
3489 4974 3707 5048 dignus

2063 5090 2194 5130 sum
2226 5088 2401 5145 quem
2431 5088 2679 5143 quaeras,
2714 5093 2741 5119 α
2775 5068 2914 5140 quia
2944 5069 3217 5124 mandata
3255 5071 3356 5121 tua
3406 5081 3522 5120 non
3571 5078 3706 5119 sum

2062 5161 2302 5221 oblitus.
2335 5161 2500 5218 Sicut
2527 5158 2684 5214 enim
2716 5158 2868 5213 Deus
2917 5156 3276 5228 negligentes
3325 5171 3406 5224 se,
3440 5151 3707 5226 negligit,

2061 5253 2145 5309 ita
2174 5266 2405 5324 quoque
2435 5247 2795 5319 requirentes
2821 5261 2884 5300 se
2915 5244 3179 5316 requirit.

2543 5388 2614 5443 IN
2657 5385 3004 5441 PSALMUM
3048 5386 3232 5442 CXIX.

2408 5479 2662 5532 TITULUS
2696 5493 2709 5529 :
2745 5477 3033 5532 Canticum
3069 5476 3361 5547 graduum.

2126 5608 2243 5664 «Ad
2256 5602 2569 5663 Dominum
2583 5618 2718 5658 cum
2732 5601 3062 5658 tribularer.
3075 5600 3365 5674 nSingulis
3376 5600 3710 5674 quindecim
