4060 6180
422 418 425 421 _
472 330 591 394 635

841 332 1252 394 HAYMONIS
1300 333 1834 395 HALBERSTA'I‘.
1883 332 2097 395 EPISC

2219 334 2348 398 >PP.
2393 337 2596 401 PARS
2641 338 2688 401 Ι.
2736 374 2814 385 -
2857 341 3262 405 ΟΟΜΜΕΝΤ.
3308 342 3505 405 BIBL.

3749 344 3869 409 636

473 464 670 541 Moyse
691 468 915 540 poterat
928 464 1013 522 vel
1031 464 1209 521 David
1226 466 1521 540 accepisse
1539 485 1552 522 :
1571 467 1694 524 haec
1714 469 1951 541 quidem
1975 472 2114 527 sunt
2140 467 2197 536 Α
2226 468 2335 526 hoc
2366 469 2476 527 erit
2496 495 2525 523 «
2552 473 2919 531 abundantia
2943 497 2971 525 »
2994 475 3271 533 omnibus
3302 498 3332 527 ‹‹
3354 475 3735 551 diligentibus
3753 483 3868 536 te.»

473 556 620 613 mihi
651 556 806 611 dicta
837 573 849 611 :
879 579 907 605 ‹‹
941 556 1006 610 In
1033 555 1275 610 domum
1306 556 1535 612 Domini
1560 558 1835 625 ibimus,»
1857 559 1915 614 id
1938 564 2025 616 est
2045 560 2116 616 ad

472 645 765 703 ccclestem
787 644 1206 701 habitationem
1230 647 1766 720 perveniemus,ego
1783 652 1840 703 et
1856 647 1951 703 alii
1972 648 2115 704 mihi

470 733 828 801 consimiles,
853 732 954 805 qui
976 735 1126 805 jam,
1148 734 1305 791 vitiis
1326 734 1563 803 relictis,
1585 740 1923 792 sanctorum
1946 738 2118 793 inter-

467 823 730 880 cessione
758 821 1021 877 divinum
1044 827 1393 894 acceperunt
1415 824 1696 880 auxilium
1722 826 1875 881 sicut
1895 826 2118 899 ego.Li-

470 914 561 968 cet
589 928 695 985 ego
727 910 918 967 dicam
951 911 1117 983 quasi
1151 899 1437 979 futurum,
1463 936 1490 962 ‹‹
1517 913 1576 967 in
1608 915 1851 969 domum
1883 915 2113 970 Domini

468 1001 722 1071 ibimus;
752 1024 779 1049 »
809 1004 1005 1057 tamen
1030 1003 1155 1073 jam
1184 1002 1449 1058 inhabito
1480 1006 1674 1058 mente
1696 1004 1754 1058 in
1779 1004 1877 1059 illa
1899 1006 2108 1060 domo:

466 1090 578 1147 hoc
606 1093 716 1161 est,
749 1113 775 1139 ‹‹
810 1091 989 1162 pedes
1020 1091 1223 1159 nostri,
1252 1114 1278 1139 »
1303 1091 1358 1145 id
1391 1095 1480 1146 est
1514 1095 1723 1147 nostrae
1758 1092 2112 1162 affectiones,

467 1206 494 1230 ι(
528 1183 755 1236 stantes
788 1182 974 1247 erant,
1012 1202 1038 1227 »
1075 1178 1129 1234 id
1160 1183 1249 1234 est
1278 1180 1525 1235 firmiter
1562 1181 1853 1236 collocatae
1885 1186 1943 1236 et
1972 1183 2115 1238 bene

465 1273 688 1337 erecta,
722 1286 755 1325 o
787 1292 813 1318 ‹‹
852 1267 1211 1324 Hierusalem
1246 1292 1272 1317 »
1303 1269 1572 1337 ccelcstis,
1600 1293 1628 1320 ‹‹
1652 1270 1711 1325 in
1739 1270 1904 1326 atriis
1935 1270 2111 1339 tuis,»

463 1358 524 1441 id
555 1362 646 1416 est
662 1358 723 1413 in
744 1362 847 1414 tua
869 1358 1272 1431 amplitudine.
1294 1359 1655 1415 Hierusalem
1678 1360 2032 1416 determinat
2053 1377 2115 1416 se

463 1478 580 1519 non
614 1456 804 1515 dicere
834 1448 905 1504 de
934 1451 1218 1519 terrestri,
1247 1450 1349 1505 sed
1373 1449 1443 1503 de
1474 1448 1694 1504 scelesti
1726 1449 2111 1507 Hierusalem.

535 1547 710 1617 Quasi
729 1545 972 1601 diceret:
993 1558 1026 1596 ο
1044 1537 1543 1605 l-Iierusalem,nos
1560 1537 1851 1594 stabimus
1870 1538 1929 1593 in
1949 1539 2112 1596 atriis

350 1626 371 1647 “’
463 1639 604 1707 tuis,
636 1639 695 1694 et
722 1629 845 1692 haec
877 1655 904 1684 «
938 1628 1303 1688 Hierusalem
1328 1649 1355 1677 »
1378 1630 1468 1683 est
1489 1648 1517 1677 «
1542 1644 1671 1699 qua:
1702 1626 2025 1683 aedificatur
2048 1632 2114 1684 ut

461 1727 667 1785 civitas
692 1748 719 1776 ››
745 1721 1009 1798 quotidie
1027 1718 1171 1775 vivis
1191 1716 1522 1790 lapidibus;
1547 1740 1574 1766 «
1602 1719 1667 1772 ut
1686 1715 1949 1785 civitas,«
1974 1717 2114 1790 quia

461 1816 615 1874 cives
635 1814 721 1871 illi
737 1812 999 1871 caelestes
1015 1811 1227 1867 coeunt
1238 1808 1311 1863 ad
1324 1806 1779 1862 conservandam
1799 1805 2105 1877 unitatem,
2138 1839 2185 1903 Β

459 1910 527 1963 ut
547 1907 683 1979 jure
711 1903 908 1960 vivant
934 1902 992 1956 et
1018 1896 1251 1953 unicam
1283 1896 1399 1951 Deo
1429 1894 1663 1951 laudem
1695 1894 1975 1951 faciant.«
2001 1895 2107 1951 Cu-

450 1996 555 2068 jus
577 2017 604 2047 »
629 1991 881 2050 civitatis
904 2012 932 2040 «
958 1984 1383 2060 participatio,»
1408 1982 1465 2038 id
1489 1987 1579 2039 est
1600 1984 1771 2055 cujus
1792 1983 1947 2039 cives
1967 1987 2109 2039 sunt

459 2081 776 2157 participes
808 2100 836 2129 «
868 2078 997 2148 ejus
1027 2096 1056 2126 »
1082 2074 1185 2141 rei,
1209 2089 1336 2145 qua:
1358 2071 1545 2127 tendit
1569 2094 1597 2120 «
1622 2070 1681 2125 in
1703 2071 2020 2143 idipsum,»
2046 2071 2104 2127 id

457 2174 549 2227 est
576 2169 638 2224 in
667 2162 1209 2223 immutabilitatem
1240 2159 1462 2215 scilicet
1480 2157 1666 2231 ipsius
1687 2158 1891 2214 divina;
1913 2176 2106 2215 essen-

457 2258 572 2327 tia,
597 2274 725 2329 quae
746 2257 838 2311 est
856 2250 1093 2309 refectio
1115 2248 1381 2305 omnium
1402 2246 1795 2302 habitantium
1817 2246 1878 2303 in
1900 2246 2001 2303 illa
2022 2247 2104 2303 οἱς

456 2346 657 2402 vitate.
687 2341 790 2399 Vel
820 2341 992 2413 cujus
1021 2335 1271 2394 civitatis
1299 2334 1777 2409 participatio,ita
1796 2335 1925 2392 dico
1946 2339 2102 2409 quod

456 2434 536 2491 sit
564 2434 694 2506 ejus
723 2427 998 2495 civitatis,
1032 2426 1089 2483 id
1119 2428 1210 2482 est
1255 2424 1647 2481 communiter
1692 2424 1979 2497 omnium,
2013 2430 2105 2482 est

456 2523 705 2580 tendens
735 2519 795 2576 in
823 2517 1105 2592 idipsum,
1137 2513 1196 2570 id
1228 2513 1401 2571 estin
1433 2530 1556 2570 rem
1585 2530 1713 2586 qua:
1738 2512 1977 2569 omnino
2001 2514 2104 2570 im-

457 2609 761 2669 mutabilis
789 2610 899 2680 est,
922 2605 1147 2664 scilicet
1168 2626 1196 2656 (ι
1217 2602 1278 2660 in
1304 2603 1583 2677 idipsum,
1604 2623 1631 2652 »
1653 2603 1836 2659 Deum
1861 2602 2101 2671 scilicet,

456 2704 516 2757 et
546 2701 671 2773 ipse
699 2698 854 2755 Deus
881 2693 1250 2770 participatio
1281 2695 1371 2750 est
1406 2691 1566 2749 illius
1614 2690 1866 2748 civitatis
1899 2710 1913 2747 :
1947 2695 2005 2748 et
2033 2708 2100 2749 eo

455 2790 606 2847 bono
628 2788 713 2845 illi
742 2787 894 2844 cives
923 2782 1297 2859 participant,
1329 2780 1598 2854 quamvis
1627 2798 1744 2837 non
1776 2780 2096 2854 mqualiter.

522 2880 595 2935 Et
621 2879 769 2934 bene
798 2875 928 2932 dico
959 2873 1114 2947 quod
1148 2889 1255 2928 nos
1291 2892 1319 2922 (ι
1348 2870 1407 2927 in
1441 2871 1681 2927 domum
1725 2869 1956 2926 Domini
1989 2870 2096 2926 ibi-

453 2985 609 3036 mus,
641 2965 782 3040 quia
809 2963 969 3032 illuc,
1007 2983 1035 3013 »
1064 2961 1122 3017 id
1153 2965 1245 3018 est
1273 2962 1343 3016 ad
1378 2959 1539 3015 illam
1589 2958 1881 3015 ccelcstem
1931 2958 2096 3015 babi-

451 3056 733 3115 tationem
764 3076 792 3106 ‹‹
824 3052 1212 3110 ascenderunt
1240 3048 1454 3121 tribus,
1487 3070 1515 3099 »
1548 3066 1666 3104 non
1709 3062 2094 3120 quaecunque,

2296 561 2366 616 Et
2382 565 2447 617 ut
2462 578 2565 635 per
2581 567 2841 619 nostram
2859 564 3284 620 abundantiam
3300 566 3371 621 ad
3394 570 3555 622 tuam
3572 566 3873 640 possimus

2226 650 2524 720 pervenire
2570 651 3015 723 habitationem,
3049 677 3078 703 «
3111 654 3214 709 ﬁat
3244 675 3272 703 »
3323 654 3493 711 nobis
3525 676 3553 706 (ι
3582 673 3715 729 pax,
3749 678 3778 705 »
3810 654 3872 712 id

2225 742 2315 793 est
2343 739 2509 811 quies
2538 743 2595 796 et
2616 742 2831 798 mentis
2859 741 3256 815 tranquillitas
3280 759 3293 797 :
3318 743 3503 800 ethoc
3524 768 3549 794 ‹‹
3577 745 3636 799 in
3655 744 3874 801 virtute

2226 829 2347 896 tua,
2382 850 2410 877 »
2442 828 2500 884 id
2530 833 2618 885 est
2645 829 2705 885 in
2734 830 3037 900 charitate,
3072 848 3200 903 quae
3232 831 3557 905 specialiter
3596 832 3657 888 in
3688 836 3745 889 te
3779 851 3871 889 re-

2224 920 2387 988 gnat,
2416 918 2602 973 «etin
2628 919 2890 975 turribus
2922 919 3064 988 tuis,
3089 943 3116 969 »
3138 920 3197 976 id
3218 925 3327 987 est,
3347 919 3565 977 sanctis
3586 920 3871 994 apostolis

2224 1006 2282 1059 ct
2310 1005 2442 1062 aliis
2471 1007 2572 1079 qui
2594 1024 2656 1063 se
2675 1011 3068 1080 exposuerunt
3087 1010 3259 1065 morti
3281 1027 3384 1082 pro
3408 1009 3743 1068 defensione
3762 1011 3871 1067 Ec-

2225 1093 2433 1164 clcsiae,
2450 1119 2476 1145 ‹‹
2503 1095 2581 1151 sit
2601 1097 2965 1153 abundantia
2985 1120 3010 1147 »
3026 1097 3311 1155 virtutum
3333 1098 3419 1154 vel
3442 1099 3870 1171 acquisitorum

2225 1183 2635 1255 praedicatione
2664 1204 2791 1253 sua,
2827 1191 2892 1241 ut
2920 1204 3054 1243 cum
3087 1186 3289 1243 multis
3321 1187 3459 1244 filiis
3489 1191 3599 1243 Deo
3629 1205 3692 1245 se
3721 1205 3870 1261 prae-

2224 1276 2458 1328 sentent
2486 1274 2544 1328 in
2569 1275 2816 1346 judicio.

2294 1362 2420 1417 Non
2450 1366 2683 1419 tantum
2713 1382 2916 1437 precor
2945 1368 3009 1421 ut
3038 1364 3116 1422 sit
3154 1382 3265 1437 pax
3310 1368 3369 1422 et
3412 1366 3775 1422 abundantia
3811 1367 3873 1424 in

2221 1449 2485 1505 turribus
2512 1450 2652 1519 tuis,
2685 1453 2785 1508 sed
2834 1452 3012 1508 etiam
3058 1452 3205 1508 bene
3250 1451 3459 1524 loquar
3495 1452 3566 1508 de
3598 1455 3652 1509 te
3682 1451 3823 1509 aliis
3857 1471 3869 1509 :

2222 1537 2331 1594 hoc
2356 1542 2463 1607 est,
2492 1539 2823 1613 «loquebar
2852 1557 3055 1613 pacem
3082 1563 3109 1598 »
3132 1539 3263 1597 aliis
3281 1564 3308 1591 ‹‹
3333 1540 3405 1596 de
3435 1543 3510 1608 te,
3534 1562 3563 1590 »
3594 1540 3650 1596 id
3682 1545 3776 1597 est
3809 1541 3870 1596 in

2219 1629 2277 1681 te
2306 1642 2509 1699 pacem
2540 1628 2975 1698 abundare,nee
2994 1630 3066 1686 ad
3090 1632 3250 1685 tuam
3271 1627 3756 1701 tranquillitatem
3784 1630 3875 1686 in-

2220 1714 2470 1787 quietos,
2493 1719 2551 1772 et
2580 1716 2706 1791 sine
2735 1734 2877 1789 pace
2902 1735 3038 1775 vera
3066 1717 3161 1773 hic
3193 1718 3447 1774 viventes
3478 1731 3648 1791 posse
3670 1734 3873 1791 pervo-

2220 1805 2344 1861 nire
2378 1821 2391 1861 :
2424 1809 2481 1861 et
2524 1804 2634 1862 hoc
2675 1804 2960 1880 loquebar
2989 1830 3017 1857 «
3049 1811 3287 1880 propter
3343 1806 3550 1863 fratres
3597 1823 3758 1864 meos
3811 1812 3873 1864 et

2213 1893 2509 1966 proximos
2558 1910 2719 1951 meos
2748 1917 2776 1946 ››
2810 1894 3030 1953 scilicet
3060 1899 3126 1952 ut
3153 1895 3213 1951 in
3243 1894 3328 1952 eis
3377 1893 3553 1952 talem
3582 1910 3870 1968 ponerem

2213 1999 2438 2055 pacem,
2461 2000 2579 2056 qua
2606 1989 2847 2057 possent
2875 1984 3174 2057 pervenire
3204 1984 3276 2040 ad
3310 2000 3580 2057 superna;
3609 1984 3871 2041 civitatis

2213 2087 2416 2142 pacem
2448 2076 2508 2128 et
2542 2072 2986 2130 habitationem.
3027 2094 3054 2123 «
3082 2074 3312 2129 Fratres
3345 2095 3373 2123 »
3406 2072 3620 2145 accipit
3668 2072 3869 2146 magis

2213 2158 2323 2216 sibi
2354 2161 2663 2233 adjunctos
2684 2166 2741 2218 et
2760 2161 2981 2218 similes
3003 2162 3063 2217 in
3088 2161 3258 2218 bonis
3277 2161 3554 2235 Operibus
3574 2178 3589 2231 ;
3613 2186 3641 2212 «ι
3666 2161 3868 2235 proxi-

2213 2266 2362 2315 mos,
2400 2272 2427 2300 »
2454 2267 2838 2324 quoscunque
2869 2251 3255 2308 Christianos.

2281 2340 2351 2395 Et
2382 2356 2497 2394 non
2526 2342 2758 2396 tantum
2787 2339 2960 2397 verbo
3004 2339 3284 2413 loquebar
3313 2339 3385 2395 de
3414 2342 3490 2407 te,
3524 2338 3626 2395 sed
3677 2339 3867 2397 etiam

2209 2445 2382 2501 opere
2411 2431 2469 2483 et
2498 2427 2695 2484 labore
2728 2452 2755 2478 ‹‹
2781 2427 3019 2501 quaesivi
3047 2428 3204 2485 bona
3231 2427 3393 2497 tibi,»
3425 2426 3482 2483 id
3506 2431 3616 2496 est,
3641 2427 3867 2486 multos

2210 2517 2364 2574 cives
2393 2515 2603 2573 attraxi
2628 2533 2641 2572 :
2673 2520 2732 2573 et
2760 2517 2871 2574 hoc
2899 2517 3028 2574 ideo
3060 2517 3441 2590 quia-domus
3472 2516 3573 2573 Dei
3604 2532 3668 2573 es
3701 2534 3715 2572 :
3747 2517 3867 2575 hoc

2208 2608 2299 2662 est
2327 2605 2483 2677 quod
2514 2605 2657 2662 dicit
2688 2623 2701 2661 :
2736 2629 2764 2657 ‹‹
2797 2608 3034 2679 propter
3064 2606 3306 2663 domum
3336 2604 3569 2662 Domini
3601 2605 3703 2662 Dei
3753 2624 3864 2664 no-

2209 2694 2335 2752 stri.
2370 2715 2398 2745 )›

2680 2783 2752 2840 ΙΝ
2794 2782 3142 2840 PSALMUM
3183 2783 3391 2841 CXXII.

2476 2892 2479 2893 '
2551 2872 2807 2929 Trruws
2841 2890 2853 2928 :
2889 2871 3176 2930 Canticum
3211 2872 3503 2946 graduum.

2277 2986 2304 3013 ‹‹
2339 2963 2419 3019 Ad
2455 2965 2509 3018 te
2538 2960 2718 3018 levavi
2741 2960 2946 3018 oculus
2968 2977 3185 3018 meos.»
3210 2961 3375 3018 Sicut
3394 2962 3455 3017 in
3476 2960 3608 3018 aliis
3629 2961 3859 3017 dictum

2202 3056 2311 3117 est,
2347 3055 2403 3107 et
2431 3050 2541 3106 hoc
2572 3049 2873 3123 praemisso
2905 3050 3134 3124 psalmo
3164 3050 3420 3107 ostendit
3452 3069 3514 3107 se
3543 3050 3736 3107 fidelis
3764 3051 3859 3106 lo-

452 3147 555 3202 sed
587 3169 615 3197 «
646 3144 836 3201 tribus
869 3138 1120 3207 Domini,
1156 3160 1184 3188 »
1217 3138 1277 3193 id
1319 3140 1410 3194 est
1456 3137 1649 3193 tribus
1696 3135 1809 3191 illae
1858 3153 1987 3209 qua:
2036 3135 2095 3190 in
2130 3206 2163 3213 _
2203 3140 2377 3212 quiet
2391 3140 2645 3213 gaudere
2667 3140 2739 3195 de
2760 3138 3121 3195 habitatione
3140 3138 3464 3195 coelestiwt
3484 3137 3580 3195 hic
3601 3137 3858 3195 familia-

452 3233 641 3290 multa
671 3228 1067 3289 sollicitudine
1096 3206 1213 3283 Deo
1256 3225 1583 3282 servierunt
1615 3241 1627 3280 :
1660 3228 1718 3280 et
1743 3206 2093 3280 determinat
2121 3206 2165 3272 C
2203 3206 2284 3285 ris
2305 3206 2432 3300 jam
2464 3228 2653 3284 factus
2683 3227 2794 3300 ipsi
2816 3228 2954 3294 Deo,
2977 3227 3179 3301 dirigit
3202 3226 3409 3284 oculus
3429 3228 3500 3283 ad
3525 3226 3856 3301 ipsum,po-

450 3339 579 3396 quae
608 3322 729 3379 sint
757 3320 949 3376 tribus
978 3314 1232 3382 Domini,
1266 3313 1488 3370 scilicet
1521 3336 1549 3363 «
1580 3312 1984 3368 testimonium
2018 3313 2092 3369 Is-

449 3409 590 3479 rael,
624 3432 653 3462 »
684 3410 745 3465 id
777 3411 865 3464 est
894 3405 976 3461 illi
1010 3404 1111 3476 qui
1141 3404 1295 3459 bona
1324 3401 1760 3458 conversatione
1804 3405 2094 3457 testantur

449 3516 513 3557 se
544 3497 720 3555 Israel
740 3512 868 3553 esse
892 3511 905 3549 :
931 3495 1001 3549 ad
1026 3494 1134 3548 hoc
1155 3492 1636 3557 ascenderunt,ut
1655 3491 1993 3546 laudaretur
2012 3489 2092 3545 ibi

434 3592 659 3645 nomen
686 3583 932 3642 Domini.
952 3583 1067 3637 Hoc
1091 3580 1234 3636 dicit
1257 3597 1270 3635 :
1296 3604 1323 3629 «
1351 3580 1421 3635 ad
1445 3580 1845 3635 confitendum
1869 3579 2090 3633 nomini

446 3675 736 3742 Domini,»
762 3674 935 3745 juxta
965 3670 1149 3726 illud:
1180 3668 1391 3725 «Beati
1421 3668 1519 3741 qui
1552 3668 1817 3724 habitant
1837 3668 1896 3722 in
1917 3668 2091 3723 domo

443 3769 564 3824 tua.
598 3762 865 3831 Domine,
900 3760 959 3816 in
989 3758 1203 3816 saecula
1231 3756 1578 3813 sazculorum
1605 3756 1931 3812 laudabunt
1959 3760 2033 3812 te.
2060 3779 2086 3807 ιι

445 3855 615 3928 (Psal.
650 3853 905 3920 Lxxxm.)
944 3850 1070 3905 Non
1121 3851 1359 3921 propter
1404 3846 1514 3902 hoc
1560 3845 1721 3914 dicit,
1755 3869 1781 3895 ‹‹
1817 3846 2091 3901 ascende-

445 3946 603 4009 runt,
639 3964 666 3991 »
698 3941 855 4013 quod
888 3943 1150 4012 tempore
1182 3935 1358 3993 David
1383 3935 1676 4009 prophetae
1698 3933 1879 4007 aliqui
1900 3934 2092 3990 adhuc

445 4029 866 4094 ascendissent,
882 4027 985 4082 sed
1003 4032 1201 4083 tamen
1219 4026 1347 4082 ideo
1369 4043 1473 4098 per
1492 4023 1847 4097 praeteritum
1869 4040 2094 4079 annun-

447 4117 556 4174 tiat
584 4115 723 4189 quia
750 4117 946 4170 certus
975 4117 1121 4185 erat,
1152 4131 1255 4186 per
1282 4113 1492 4169 merita
1538 4112 2003 4184 patriarcharum
2034 4115 2093 4168 et

446 4204 694 4263 aliorum
718 4205 1043 4275 justorum,
1067 4202 1223 4274 quod
1246 4201 1357 4273 ipsi
1389 4202 1447 4256 in
1480 4202 1729 4257 adventu
1752 4199 2091 4257 mediatoris

447 4296 643 4351 essent
672 4289 973 4348 ascensuri
1003 4291 1074 4346 ad
1107 4288 1269 4344 illam
1301 4288 1593 4345 caelestem
1628 4290 2008 4345 Hierusalem.

516 4383 587 4438 Et
615 4399 746 4438 vere
776 4380 1190 4444 ascenderunt,
1224 4376 1365 4449 quia
1406 4381 1463 4431 et
1512 4377 1593 4432 ibi
1640 4376 1817 4432 etiam
1857 4377 2091 4448 judices

445 4470 750 4528 constituti
780 4472 955 4537 sunt;
984 4467 1095 4524 hoc
1132 4470 1222 4522 est
1253 4483 1267 4521 :
1302 4489 1329 4515 «
1365 4463 1505 4537 quia
1554 4464 1694 4531 illic,
1729 4488 1756 4514 »
1786 4463 1843 4521 id
1891 4469 1983 4522 est
2029 4467 2089 4522 in

2201 3317 2351 3373 situs
2381 3316 2533 3371 inter
2561 3315 2859 3372 molestias
2880 3315 3061 3387 hujus
3082 3317 3233 3371 vitm.
3260 3316 3321 3371 In
3345 3315 3538 3388 prima
3559 3320 3856 3388 parte,os-

2199 3405 2387 3461 tendit
2408 3404 2608 3461 oculos
2628 3406 2702 3461 ad
2722 3405 2909 3460 Deum
2929 3422 2991 3461 se
3012 3404 3280 3477 dirigere.
3296 3405 3359 3460 In
3380 3405 3638 3461 secunda
3661 3410 3853 3477 parte,
3899 3389 3916 3407 ’

2200 3511 2327 3566 quae
2359 3492 2598 3565 incipit:
2633 3516 2661 3543 «
2696 3493 2966 3550 Miserere
2996 3492 3202 3561 nostri,
3236 3492 3499 3561 Domine,
3528 3516 3556 3541 »
3579 3498 3854 3565 precatur

2201 3581 2684 3639 misericordiam.
2715 3581 2963 3638 Intentio
3007 3586 3099 3639 est
3144 3599 3252 3638 nos
3299 3581 3519 3638 hortari
3570 3582 3642 3636 ad
3692 3582 3853 3637 hunc

2199 3670 2470 3744 gradum,
2499 3674 2556 3726 et
2583 3669 2913 3743 specialiter
2942 3670 3001 3725 in
3031 3670 3240 3743 primis
3270 3670 3404 3726 istis
3418 3673 3643 3744 ssptem
3668 3670 3856 3744 loqui-

2201 3763 2299 3816 tur
2329 3761 2400 3816 de
2429 3759 2620 3816 Veteri
2653 3761 3053 3816 Testamento.

2272 3847 2446 3915 Quasi
2479 3849 2560 3904 ita
2589 3848 2807 3905 diceret
2838 3864 2852 3904 :
2882 3848 2999 3905 Vos
3044 3848 3217 3921 positi
3248 3849 3308 3904 in
3338 3848 3739 3914 tribulatione,
3771 3848 3855 3903 le-

2198 3942 2328 3994 vate
2361 3938 2562 3994 oculos
2589 3941 2814 3994 vestros
2837 3938 2909 3993 ad
2932 3938 3140 4006 Deum,
3156 3937 3311 3993 sicut
3332 3954 3440 4012 ego
3462 3961 3491 3988 «
3515 3937 3697 3994 levavi
3722 3954 3859 3994 ocu-

2200 4027 2287 4083 los
2319 4044 2480 4083 meos
2508 4049 2537 4077 »
2569 4025 2876 4082 interiores
2906 4049 2933 4076 ‹‹
2968 4027 3040 4082 ad
3072 4028 3149 4094 te,
3184 4048 3212 4075 »
3245 4043 3278 4082 o
3309 4027 3485 4095 Deus,
3513 4026 3616 4099 qui
3645 4030 3854 4100 potens

2199 4134 2262 4173 es
2290 4115 2597 4184 exaudire;
2630 4113 2741 4170 hoc
2770 4117 2951 4184 notat,
2977 4114 3179 4172 dicens
3204 4132 3216 4171 :
3242 4138 3270 4166 «
3296 4115 3397 4188 qui
3418 4114 3647 4172 habitat
3667 4115 3726 4171 in
3747 4132 3858 4172 caa-

2199 4204 2294 4261 lis.
2318 4227 2346 4253 »
2370 4203 2470 4260 Ille
2497 4203 2714 4260 dicitur
2742 4203 2943 4261 oculos
2976 4205 3047 4260 ad
3079 4205 3265 4261 Deum
3296 4204 3548 4279 dirigere
3575 4203 3699 4277 qui,
3735 4221 3851 4262 non

2199 4294 2497 4350 confidens
2529 4293 2589 4348 in
2622 4293 2714 4373 his
2745 4292 3017 4363 terrenis,
3050 4292 3109 4348 in
3140 4291 3264 4349 solo
3293 4292 3542 4351 Domino
3572 4292 3851 4349 ﬁduciam

2197 4381 2381 4456 ponit.

2268 4468 2538 4525 Ostendit
2552 4467 2846 4540 quomodo
2862 4467 3062 4524 oculos
3078 4467 3294 4542 dirigat
3309 4470 3379 4525 ad
3400 4468 3599 4542 ipsum
3622 4469 3805 4525 Deum
3831 4483 3847 4521 :

444 4560 547 4617 illa
574 4558 932 4617 habitatione
953 4581 981 4607 ‹‹
1005 4557 1283 4613 sederunt
1304 4577 1331 4605 »
1358 4553 1527 4627 quasi
1549 4553 1839 4626 judices,«
1864 4556 2087 4623 sedes,»
2119 4571 2167 4637 Ι)
2198 4581 2226 4609 ‹‹
2258 4559 2403 4614 Ecce
2433 4555 2587 4612 sicut
2614 4555 2767 4612 oculi
2786 4572 3085 4613 servorum
3103 4556 3164 4612 in
3182 4557 3459 4614 manibus
3473 4557 3849 4614 dominorum

443 4650 503 4707 id
535 4655 625 4706 est
653 4649 737 4705 illi
766 4647 826 4704 in
860 4646 1077 4720 quibus
1108 4645 1271 4702 sedet
1310 4645 1464 4699 Deus
1512 4648 1569 4700 et
1615 4642 1864 4716 quiescit
1888 4644 1949 4699 in
1979 4644 2087 4701 hac

443 4739 600 4796 vita:
625 4738 934 4805 sedebunt,
952 4737 1082 4792 dico
1117 4757 1145 4785 ‹‹
1169 4734 1227 4789 in
1252 4732 1477 4806 judicio
1502 4756 1529 4782 »
1552 4734 1842 4803 futuro,ut
1864 4734 2087 4806 ipsiju-

446 4828 660 4894 dicent,
675 4824 898 4881 scilicet
916 4822 1336 4880 consentiendo
1357 4821 1563 4877 divina;
1585 4822 1885 4878 sententiae
1902 4840 1914 4890 ;
1926 4821 2088 4894 judi-

445 4917 665 4973 cabunt
691 4915 849 4970 enim
879 4913 1065 4969 sancti
1107 4912 1372 4968 nationes
1404 4928 1416 4966 :
1443 4910 1799 4983 judicabunt
1848 4912 2087 4983 quidem

444 5006 559 5079 ipsi
589 5004 717 5060 dico
746 5003 968 5077 praelati
999 5026 1027 5051 «
1061 5002 1228 5057 sedes
1259 5018 1435 5073 super
1464 5001 1705 5056 domum
1737 5001 1936 5069 David,
1974 5023 2002 5051 »
2029 5000 2086 5056 id

444 5099 533 5152 est
561 5110 738 5165 super
773 5090 1060 5148 familiam
1103 5089 1571 5147 Christianorum
1621 5089 1906 5157 fidelium,
1940 5106 2088 5161 quos

442 5182 555 5255 ipsi
587 5183 659 5238 ad
690 5180 1070 5238 salvationem
1096 5178 1471 5252 judicabunt.

517 5290 546 5320 «
579 5269 818 5343 Rogato.
844 5292 872 5319 »
904 5268 1043 5324 Pars
1075 5268 1350 5324 secunda.
1373 5267 1547 5333 Quasi
1573 5267 1791 5323 diceret
1815 5284 1827 5322 :
1852 5266 1968 5323 Vos
1992 5267 2089 5321 tri-

443 5358 575 5426 bus,
610 5374 737 5429 qua:
780 5358 909 5429 jam
948 5358 1029 5413 ibi
1061 5357 1298 5425 sedetis,
1336 5378 1364 5405 «
1398 5360 1613 5429 rogate,
1652 5379 1672 5404 υ
1709 5356 1765 5410 id
1792 5360 1883 5411 est
1910 5354 2087 5427 petite

443 5450 501 5501 et
529 5447 838 5518 impetrate
890 5445 1057 5503 nobis
1106 5446 1378 5518 precibus
1428 5444 1636 5502 vestris
1676 5448 1733 5500 et
1765 5445 1992 5500 meritis
2021 5461 2090 5500 ea

444 5556 470 5582 ‹‹
506 5551 633 5604 qua:
662 5538 802 5589 sunt
831 5557 859 5584 »
891 5533 1060 5590 utilia
1095 5558 1115 5583 α
1146 5536 1219 5590 ad
1252 5556 1279 5584 »
1313 5534 1784 5606 consequendam
1820 5554 1848 5583 ι(
1883 5550 2085 5605 pacem

444 5620 802 5678 Hierusalem
829 5640 841 5677 :
867 5645 895 5674 ››
929 5623 1014 5679 sic
1045 5626 1260 5695 rogate,
1294 5623 1350 5678 id
1384 5626 1472 5680 est
1499 5622 1760 5694 quwrite,
1793 5646 1820 5673 «
1853 5627 1911 5678 et
1932 5646 1959 5672 ››
1985 5640 2088 5696 per

2197 4662 2461 4714 suorum,
2490 4668 2518 4695 »
2550 4649 2618 4701 ut
2638 4643 2875 4717 aliquod
2899 4646 2970 4701 ab
2996 4645 3121 4718 ipso
3144 4645 3495 4702 beneficium
3518 4646 3847 4720 accipiant:

2196 4738 2308 4807 vel,
2342 4737 2392 4792 si
2426 4735 2748 4808 puniantur
2777 4751 2813 4790 a
2841 4735 3100 4805 domino,
3131 4738 3197 4790 ut
3226 4735 3570 4792 liberentur.

2269 4827 2339 4882 Et
2359 4849 2386 4876 ‹‹
2415 4824 2569 4880 sicut
2598 4822 2752 4879 oculi
2781 4823 3003 4879 ancilla:
3028 4847 3056 4873 »
3080 4823 3352 4880 similiter
3377 4830 3518 4881 suut
3538 4847 3566 4876 κ
3584 4824 3641 4879 in
3666 4821 3856 4879 mani-

2198 4916 2309 4971 bus
2332 4913 2581 4970 dominae
2606 4930 2745 4982 suae,
2760 4912 2841 4967 ita
2856 4912 3008 4969 oculi
3028 4913 3213 4969 nostri
3231 4914 3303 4969 ad
3322 4913 3639 4969 Dominum
3659 4912 3850 4969 Deum

2197 5006 2487 5069 nostrum,
2512 5002 2696 5057 donec
2715 5001 3064 5056 misereatur
3092 4999 3335 5069 nostri,»
3358 5000 3504 5059 vela
3524 4999 3852 5057 tribulatio-

2198 5092 2373 5148 nibus
2398 5091 2721 5157 liberando,
2743 5089 2830 5146 vel
2857 5106 3223 5163 quaecunque
3253 5089 3539 5147 beneficia
3558 5088 3848 5146 faciendo.

2196 5182 2513 5253 Postquam
2538 5179 2684 5235 dixit
2709 5180 2779 5235 de
2810 5179 3014 5248 servis,
3032 5179 3160 5234 ideo
3191 5180 3474 5252 supponit
3491 5180 3562 5235 de
3584 5175 3849 5234 mulieri-

2195 5272 2327 5338 bus,
2360 5269 2510 5325 utin
2540 5285 2607 5324 eo
2639 5285 2780 5324 sexu
2812 5266 3054 5324 salvatio
3089 5267 3290 5324 futura
3317 5267 3706 5342 intelligatur:
3734 5281 3852 5335 per

2196 5358 2491 5427 mulieres,
2514 5375 2642 5431 quae
2674 5356 3018 5412 naturaliter
3042 5356 3267 5430 fragilis
3297 5360 3441 5413 sunt
3469 5354 3849 5430 corporis,ac-

2196 5449 2450 5522 cipimus
2467 5464 2582 5504 non
2600 5446 2791 5502 solum
2808 5444 3078 5512 feminas,
3094 5446 3197 5502 sed
3220 5446 3399 5502 etiam
3421 5445 3649 5518 aliquos
3668 5441 3852 5514 fragi-

2195 5538 2280 5595 les
2309 5538 2495 5593 viros:
2524 5535 2737 5591 iterum
2759 5535 2913 5590 inter
2929 5534 3084 5591 viros
3103 5534 3428 5607 accipimus
3446 5533 3724 5607 quasdam
3747 5547 3854 5586 ro-

2195 5627 2400 5684 bustas
2418 5623 2693 5681 mulieres
2709 5640 2720 5679 :
2736 5627 2793 5680 et
2809 5623 2963 5679 sicut
2978 5623 3218 5679 domina
3237 5624 3565 5697 promptior
3579 5621 3649 5679 ad
3669 5616 3855 5676 mise-
