4018 6176
237 306 350 368 637

1397 317 1898 383 EXPLANATIO
1937 317 2020 384 IN
2062 321 2443 391 PSALMOS.

3523 345 3646 408 638

235 439 484 496 rendum
503 456 678 513 quam
697 440 974 498 dominus
990 444 1310 513 dicitur,ita
1331 449 1484 504 Deus
1505 456 1882 522 comparatur
1908 453 1962 520 Α
1993 458 2082 510 set
2103 460 2338 525 nos,sed
2357 462 2636 532 quoniam
2671 464 2781 520 fuit
2812 467 2868 521 in
2900 468 3089 539 nobis,
3115 493 3142 520 «
3168 469 3368 529 anima
3387 479 3640 545 nostra,»

233 528 506 597 dominae,
531 529 671 602 quia
698 530 812 585 cito
838 537 1100 588 movetur
1120 551 1257 606 erga
1291 537 1524 610 fragiles
1553 555 1564 593 :
1590 557 1887 614 compara-

231 621 330 672 tur
352 621 410 672 et
435 618 694 686 domino,
728 636 862 674 cum
898 622 1182 692 permittit
1210 624 1355 681 bene
1390 629 1643 699 torqueri
1678 631 1882 686 robus-

230 704 766 779 tiores,unicuique
797 708 1016 764 faciens
1048 714 1374 768 secundum
1399 732 1564 771 suam
1599 718 1886 789 possibili-

226 798 412 849 tatem
444 810 457 848 :
492 795 650 851 unde
690 797 1006 868 Apostolus
1041 815 1054 852 :
1089 823 1115 848 ‹‹
1154 801 1365 858 Fidelis
1414 804 1590 873 Deus,
1619 807 1718 879 qui
1767 825 1881 863 non

226 883 487 956 patietur
518 884 728 940 tentari
762 904 940 958 supra
973 887 1028 941 id
1063 891 1217 959 quod
1243 893 1553 962 potestis.»
1580 899 1631 964 (Ι
1659 897 1779 952 Cor.
1802 898 1883 969 x.)

301 996 329 1020 «
363 972 637 1028 Miserere
660 973 1144 1040 nostri,Domine.
1169 1000 1189 1026 α
1227 979 1364 1035 Pars
1396 983 1882 1050 secunda.0uan-

223 1061 546 1132 doquidem
564 1061 763 1117 oculos
786 1068 1014 1120 nostros
1031 1065 1113 1121 ita
1133 1067 1200 1122 ad
1227 1069 1534 1125 Dominum
1549 1073 1881 1146 dirigimus,

222 1149 380 1218 ideo,
404 1173 433 1199 ‹‹
469 1150 733 1219 Domine,
767 1152 1042 1209 miserere
1070 1157 1565 1222 nostri,miserere
1613 1165 1814 1218 nostri.
1856 1188 1882 1213 ιι

221 1237 362 1294 Ideo
416 1239 618 1294 binam
676 1245 947 1312 precatur
993 1242 1475 1317 misericordiam,
1505 1251 1645 1321 quia
1683 1252 1881 1308 binam

219 1327 391 1398 ponit
420 1327 985 1396 miseriam,scilicet
1017 1335 1345 1390 secundum
1375 1354 1589 1410 corpus
1610 1344 1667 1396 et
1683 1358 1884 1397 secun-

216 1415 367 1471 dum
426 1415 710 1472 animam.
745 1440 771 1467 ‹‹
799 1419 1072 1476 Miserere
1108 1444 1134 1472 »
1187 1423 1340 1491 dico,
1378 1447 1403 1474 «
1437 1427 1576 1498 quia
1627 1431 1882 1487 multum

213 1504 429 1576 repleti
464 1522 676 1562 sumus
707 1507 1078 1579 despectiono
1115 1533 1140 1558 ››
1173 1515 1501 1570 secundum
1532 1533 1763 1590 corpus.

287 1593 428 1648 Ideo
460 1609 695 1666 quoque
730 1616 758 1644 «
790 1597 1091 1666 miserere,
1129 1622 1156 1648 »
1188 1600 1327 1672 quia
1358 1620 1471 1659 non
1504 1608 1732 1662 tantum
1765 1623 1884 1664 cor-

212 1681 466 1753 pus,sed
498 1681 676 1738 etiam
707 1706 735 1732 «
761 1684 900 1756 quia
927 1687 1124 1742 anima
1155 1693 1355 1746 nostra
1387 1692 1640 1748 multum
1665 1695 1884 1768 repleta

1993 560 2344 618 quocunque
2365 551 2537 606 modo
2559 568 2771 624 corpus
2793 557 3159 627 tractaretur,
3176 583 3203 609 ‹‹
3228 563 3643 632 pertransivit»

1992 631 2175 688 illaesa
2199 658 2224 684 «
2259 640 2598 707 torrentem,
2633 662 2660 690 »
2694 641 2752 697 id
2785 647 2875 699 est
2897 631 3291 717 impetuosain
3325 651 3648 709 tribulatio-

1994 737 2150 776 nem.
2186 725 2302 795 Ego
2350 726 2500 793 dico,
2548 728 2794 784 Domino
2844 733 3180 803 auxiliante,
3209 737 3408 794 anima
3446 745 3647 798 nostra

1994 812 2386 881 pertransivit,
2403 820 2459 868 et
2489 840 2514 865 ‹‹
2544 817 2788 872 forsitan
2817 842 2844 868 »
2866 820 3083 878 diceret
3105 823 3319 896 aliquis
3340 830 3493 898 quod
3518 829 3646 885 sine

1993 897 2223 953 Domini
2240 901 2455 957 auxilio
2469 927 2495 952 «
2513 904 2710 960 anima
2723 912 2924 962 nostra
2944 897 3644 987 pertransissetaquam,»

1993 984 2052 1040 id
2111 991 2200 1042 est
2251 988 2661 1047 inuudantiam
2722 993 3034 1064 malorum,
3071 999 3580 1072 «intolerabilem,
3615 1028 3642 1054 »ι

1993 1077 2282 1145 quantum
2315 1079 2386 1132 ad
2422 1079 2711 1136 humanas
2732 1083 3067 1155 vires,quod
3097 1085 3456 1160 impossibile
3473 1110 3646 1165 appa-

1992 1166 2079 1216 ret
2108 1181 2176 1218 ex
2209 1164 2317 1220 hoc
2349 1168 2503 1238 quod
2535 1186 2690 1239 aqua
2717 1169 2818 1226 illa
2847 1170 3234 1230 intolerabilis
3265 1183 3373 1233 est.

2065 1274 2091 1300 ‹‹
2127 1252 2475 1309 Benedictus
2506 1255 2811 1313 Dominus.
2850 1282 2876 1307 n
2910 1261 3048 1315 Pars
3081 1265 3356 1320 secunda.
3391 1268 3460 1321 Et
3508 1270 3647 1340 quia

1993 1357 2096 1412 pcr
2123 1359 2259 1396 eum
2292 1343 2694 1413 transivimus,
2727 1346 2858 1402 ideo
2907 1348 2986 1404 sit
3015 1373 3042 1398 «
3074 1351 3417 1409 benedictus
3449 1357 3644 1413 Domi-

1993 1431 2243 1501 nus,qui
2275 1449 2390 1486 non
2414 1434 2580 1488 dedit
2611 1452 2716 1490 nos
2747 1435 2805 1490 in
2851 1438 3178 1509 captionem
3202 1463 3230 1490 »
3257 1447 3324 1497 ut
3374 1451 3648 1516 caperent

1992 1536 2099 1574 nos
2128 1524 2186 1574 et
2215 1519 2674 1592 incorporarent,
2711 1545 2738 1574 «
2771 1526 3068 1592 dentibus,
3097 1550 3124 1577 ››
3155 1527 3210 1583 id
3243 1534 3334 1586 est
3359 1533 3646 1590 corrosio-

1993 1605 2191 1678 nibus,
2221 1612 2280 1663 et
2310 1608 2538 1665 feritate
2569 1633 2594 1660 ‹‹
2630 1628 2856 1678 eorum,
2884 1636 2910 1663 »
2944 1614 3083 1686 quia
3111 1616 3265 1673 sicut
3295 1620 3428 1675 fera)
3445 1622 3649 1679 volunt

1993 1711 2099 1750 nos
2129 1695 2432 1752 dilaniare.

212 1774 308 1826 est
329 1771 908 1843 »despectione.Nec
928 1778 1340 1835 tantummodo
1361 1780 1551 1837 dicam
1576 1784 1877 1860 repletam,
1908 1821 1957 1886 Β
2062 1807 2090 1833 ‹‹
2125 1784 2248 1840 Non
2282 1785 2443 1842 dedit
2472 1810 2499 1838 »
2533 1787 2684 1854 dico,
2716 1791 2818 1844 sed
2868 1791 3062 1861 potius
3113 1815 3140 1842 «
3194 1794 3393 1851 anima
3443 1801 3643 1854 nostra

212 1857 338 1886 ξηιλ
368 1858 491 1886 ζκηι.
519 1864 602 1886 ..-ι
629 1860 771 1886 ι’.-ι-
831 1885 835 1886 ,
873 1865 1242 1886 -....__La:___-
1290 1869 1334 1886 ,ι
1463 1870 1477 1886 1
1569 1873 1627 1886 ,η
1820 1875 1832 1886 .
2019 1872 2030 1884 ι
2119 1877 2127 1886 .
2541 1881 2548 1886 .
2695 1881 2703 1886 .
2759 1879 2773 1886 -
2865 1877 2876 1886 .
3196 1883 3205 1886 -
3232 1883 3245 1886 -
3452 1885 3455 1886 ,

211 1857 340 1914 imo
368 1858 498 1931 ipsa
516 1864 606 1916 est
629 1860 779 1917 facta
808 1885 836 1912 «
870 1865 1251 1936 opprobrium
1285 1869 1776 1930 abundantibus»
1817 1857 1877 1932 in

211 1945 464 2020 divitiis.
499 1947 716 2006 Divites
747 1949 901 2005 enim
933 1954 1345 2024 opprobriosos
1378 1961 1434 2012 et
1477 1959 1688 2016 stultos
1711 1964 1877 2034 judi-

211 2041 363 2092 cant
391 2037 598 2105 bonos,
633 2038 774 2110 quia
822 2057 937 2096 non
983 2048 1256 2112 quierunt
1304 2045 1538 2104 divitias
1583 2049 1738 2106 sicut
1767 2052 1878 2126 ipsi

207 2125 448 2182 faciunt
474 2142 486 2180 :
513 2149 542 2175 ‹‹
567 2131 622 2182 et
643 2151 669 2175 ››
693 2128 951 2184 estfacta
967 2153 996 2179 «
1017 2132 1312 2204 despectio
1336 2137 1664 2208 superbis,»
1689 2125 1879 2198 mente

207 2213 422 2282 elatis;
455 2215 790 2287 despiciunt
848 2218 1005 2273 enim
1050 2235 1168 2287 eos,
1199 2237 1332 2276 cum
1367 2241 1470 2295 pro
1521 2227 1874 2300 coelestibus,

207 2318 353 2376 quas
386 2307 603 2359 aeterna
634 2308 865 2376 putant,
900 2311 1305 2366 contemnunt.

673 2447 746 2504 ΙΝ
788 2447 1137 2506 PSALMUM
1180 2451 1418 2510 CXXIII.

579 2537 834 2593 Trruws
869 2553 881 2591 :
916 2538 1200 2595 Canticum
1229 2542 1519 2613 graduum.

281 2684 312 2707 «ε
347 2660 471 2715 Nisi
505 2660 641 2733 quia
671 2661 978 2718 Dominus.
1007 2687 1035 2714 ››
1067 2664 1171 2721 Hic
1193 2667 1482 2726 habemus
1506 2674 1878 2745 quodjustus

209 2748 339 2815 ille,
361 2747 460 2820 qui
482 2749 539 2804 in
565 2748 676 2806 alio
694 2750 920 2822 psalmo
943 2753 1014 2808 ad
1043 2754 1358 2812 Dominum
1381 2759 1639 2832 erigebat
1654 2765 1874 2832 oculos,

212 2839 380 2894 inter
395 2838 698 2911 angustias
710 2841 781 2895 de
803 2840 1030 2897 liberati
1038 2860 1146 2899 one
1158 2844 1512 2919 clamabat,“
1521 2850 1875 2910 berationem

216 2942 412 2999 quam
444 2927 685 3000 accepit,
699 2928 784 2984 vel
817 2928 1050 3002 aliquod
1075 2932 1232 2988 aliud
1257 2934 1476 2990 bonum
1499 2940 1653 3009 quod
1678 2939 1874 3009 habet,

219 3034 347 3072 non
381 3015 629 3085 sibi,sed
661 3018 861 3074 omnia
891 3020 1303 3078 misericordiae
1343 3024 1444 3080 Dei
1491 3028 1794 3086 attribuit:
1820 3037 1878 3087 et

213 3104 483 3161 intendit
511 3107 582 3160 ad
615 3108 886 3163 eumdem
936 3111 1184 3182 gradum
1233 3117 1469 3170 czeteros
1518 3115 1778 3187 invitare,
1814 3126 1878 3175 ut

214 3193 427 3250 omnia
457 3193 782 3252 attribuant
813 3195 1222 3254 misericordiae
1255 3201 1375 3257 Dei.
1413 3203 1474 3258 In
1506 3204 1695 3277 prima
1716 3184 1880 3280 parte
1911 3184 1955 3250 (ἶ

213 3283 486 3339 ostendit
511 3300 547 3338 a
576 3285 824 3341 Domino
856 3287 977 3343 solo
1009 3305 1071 3344 se
1101 3289 1315 3346 habere
1346 3293 1502 3362 quod
1544 3294 1875 3354 tribulatio-

212 3371 400 3427 nibus
460 3372 647 3444 possit
693 3373 982 3431 resistere.
1016 3377 1079 3432 In
1129 3380 1405 3447 secunda,
1443 3398 1568 3453 qua:
1623 3383 1872 3458 incipit:

213 3485 241 3509 κ
280 3460 643 3517 Benedictus
676 3463 962 3520 Dominus
992 3466 1092 3536 qui
1126 3484 1240 3522 non
1273 3469 1485 3539 dedit,»
1522 3473 1591 3528 de
1612 3491 1719 3529 sua
1741 3475 1879 3532 libe-

211 3549 454 3604 ratione
484 3549 705 3622 gratias
737 3551 856 3624 agit
881 3554 1148 3610 Domino.

283 3636 472 3702 Quasi
506 3639 588 3693 ita
607 3639 826 3696 diceret
855 3658 866 3696 :
899 3642 1016 3699 Vos
1047 3645 1144 3716 qui
1171 3645 1323 3701 inter
1347 3651 1650 3721 angustias
1674 3651 1876 3711 libera-

208 3726 442 3782 tionem
502 3726 831 3800 accepistis,
864 3729 1268 3790 liberationem
1317 3741 1569 3795 vestram
1627 3742 1873 3801 Domino

210 3813 834 3890 ascribatis.exemplo
865 3820 1067 3889 nostri,
1093 3823 1190 3894 qui
1233 3824 1479 3880 Domino
1514 3829 1659 3886 bene
1687 3835 1873 3888 conﬁ-

212 3906 459 3958 temur:
488 3921 517 3951 α
537 3904 674 3976 quia
704 3906 816 3962 nisi
843 3935 865 3959 ››
895 3913 1050 3964 esset
1069 3910 1368 3984 hoc,quod
1392 3939 1418 3963 «
1444 3916 1730 3975 Dominus
1750 3926 1874 3976 erat

209 3989 273 4047 in
306 3990 488 4048 nobis
507 4014 536 4042 »
560 3994 916 4052 conﬁrmans
933 4014 1060 4065 nos,
1086 4021 1115 4048 «
1138 4016 1273 4056 cum
1296 4011 1673 4078 exsurgerent
1692 4008 1874 4065 homi-

211 4095 322 4138 nes
348 4080 413 4136 in
445 4083 976 4155 nos,deglutissent
1005 4105 1170 4156 nos,»
1195 4090 1252 4144 id
1283 4095 1373 4146 est
1404 4092 1874 4167 incorporassent

209 4187 323 4225 nos
357 4169 476 4225 sibi
509 4194 538 4219 «
571 4171 749 4244 vivos,
777 4195 804 4222 »
838 4174 894 4229 id
943 4180 1051 4242 est,
1085 4177 1334 4235 scientes
1368 4195 1382 4236 :
1417 4182 1556 4253 quia
1601 4188 1872 4256 quamvis

207 4273 711 4330 cognosceremus
732 4259 955 4316 malum
980 4268 1329 4335 esse,tamen
1349 4274 1639 4339 oporteret
1660 4272 1742 4327 eis
1766 4291 1870 4329 nos

208 4345 550 4402 consentire
580 4364 695 4418 pra)
724 4350 1130 4423 magnitudine
1161 4353 1606 4414 tribulationum
1634 4377 1645 4416 :
1673 4365 1730 4416 et
1762 4362 1871 4420 hoc

210 4456 241 4485 «
271 4435 451 4503 forte,
476 4457 504 4484 »
526 4434 585 4490 id
617 4442 728 4503 est,
759 4443 818 4493 et
849 4444 1046 4511 posset
1077 4442 1222 4508 ﬁeri,
1252 4445 1339 4499 vel
1365 4463 1478 4500 non
1511 4448 1634 4504 ﬁeri
1660 4467 1671 4504 :
1707 4454 1764 4506 et
1791 4453 1869 4508 si-

1985 1877 2137 1929 sicut
2165 1890 2367 1946 passer
2395 1881 2595 1948 erepta
2623 1881 2713 1932 est
2742 1879 2813 1934 de
2863 1877 3092 1950 laqueo,
3132 1903 3158 1930 n
3192 1883 3249 1937 id
3283 1887 3392 1955 est,
3429 1885 3638 1958 decep-

1986 1962 2144 2018 tione
2176 1986 2203 2013 ‹‹
2236 1964 2599 2033 venantium,
2636 1989 2656 2014 ιι
2695 1965 2752 2021 id
2783 1971 2890 2035 est,
2923 1969 3312 2040 quaarentium
3361 1979 3638 2046 opportu-

1988 2051 2230 2106 nitatem
2262 2051 2588 2123 decipiendi
2622 2071 2736 2109 me.

2058 2141 2128 2194 Et
2159 2158 2270 2196 non
2306 2145 2534 2196 tantum
2569 2142 2767 2198 anima
2788 2148 2987 2199 nostra
3006 2149 3095 2200 est
3126 2151 3342 2220 erepta,
3367 2150 3468 2204 scd
3504 2172 3532 2200 «
3563 2150 3642 2207 la-

1989 2244 2196 2300 queus,
2221 2251 2248 2278 ))
2281 2228 2340 2284 id
2373 2234 2461 2284 est
2487 2229 2600 2301 ipsi
2649 2230 3032 2303 illaqucantes
3064 2252 3190 2302 nos,
3227 2257 3255 2286 ‹‹
3286 2242 3376 2292 est
3427 2240 3641 2294 contri-

1988 2319 2144 2384 tus,»
2167 2316 2436 2389 quiaipsi
2470 2319 2706 2373 tandem
2739 2319 2958 2392 duplici
2981 2322 3328 2381 contritione
3348 2331 3642 2384 conteren-

1989 2409 2105 2473 tur,
2141 2428 2168 2456 «
2203 2411 2260 2462 et
2291 2423 2397 2462 nos
2448 2405 2680 2463 liberati
2737 2425 2966 2475 sumus,
3006 2432 3032 2459 »
3064 2409 3122 2465 id
3173 2415 3262 2468 est
3315 2413 3373 2469 in
3427 2432 3641 2489 magna

1988 2494 2272 2567 dignitate
2302 2512 2337 2551 a
2364 2496 2480 2551 Deo
2507 2496 2830 2552 constituti.

2058 2587 2126 2637 Et
2155 2582 2264 2640 hoc
2287 2607 2314 2633 ‹‹
2339 2583 2700 2655 adjutorium
2724 2590 2989 2641 nostrum
3011 2608 3037 2636 »
3057 2591 3213 2660 quod
3237 2589 3318 2646 ita
3337 2608 3547 2650 sumus
3570 2594 3638 2650 li-

1988 2671 2326 2739 berati,non
2357 2677 2447 2727 est
2476 2690 2510 2728 a
2542 2673 2850 2741 nobis,sed
2875 2675 3015 2747 quia
3044 2694 3253 2733 sumus
3275 2701 3302 2728 «
3320 2679 3378 2734 in
3404 2682 3638 2740 nomine

1987 2759 2242 2831 Domini,
2281 2783 2306 2809 ››
2340 2760 2440 2832 qui
2474 2779 2580 2816 nos
2613 2763 2757 2817 bene
2785 2767 2975 2834 potest
3004 2765 3319 2834 custodire,
3359 2770 3636 2840 quoniam

1985 2847 2110 2920 ipse
2140 2853 2230 2903 est
2262 2870 2288 2897 ‹‹
2322 2849 2422 2920 qni
2453 2849 2586 2904 fecit
2616 2849 2827 2906 ccelum
2859 2855 2917 2906 et
2946 2855 3233 2922 terram,»
3265 2855 3350 2911 vel
3383 2859 3454 2914 ad
3481 2858 3634 2916 litte-

1987 2953 2136 3004 ram,
2166 2937 2250 2992 vel
2279 2938 2349 2992 ad
2384 2937 2743 3011 allegoriam.

2438 3079 2511 3134 ΙΝ
2552 3079 2898 3137 PSALMUM
2937 3083 3169 3141 CXXIV.

2335 3169 2591 3225 Trrunus
2625 3185 2638 3223 :
2673 3169 2957 3226 Canticum
2985 3173 3275 3243 graduum.

2058 3314 2081 3335 «ι
2105 3291 2211 3357 Qui
2243 3293 2549 3348 conﬁdunt
2577 3293 2634 3348 in
2658 3293 2974 3350 Domino.»
3005 3297 3108 3352 llic
3130 3297 3304 3355 habet
3327 3303 3632 3362 materiam

1985 3380 2142 3435 hunc
2171 3380 2677 3453 gradum,scilicet
2709 3384 3123 3440 conﬁdentiam
3149 3403 3160 3441 :
3185 3387 3437 3446 intendit
3457 3392 3632 3450 etiam

1985 3468 2130 3524 alios
2161 3470 2232 3524 ad
2265 3487 2390 3524 eam
2419 3469 2767 3526 invitare.In
2800 3472 2990 3544 prima
3019 3479 3471 3545 partc,ostendit
3491 3481 3630 3552 quid

1985 3558 2161 3613 faciat
2193 3558 2320 3630 ipsa
2341 3559 2714 3625 conﬁdentia,
2729 3561 2950 3616 scilicet
2973 3563 3128 3633 quod
3153 3563 3212 3617 in
3234 3565 3481 3622 Domino
3502 3586 3633 3624 con-

1985 3648 2229 3702 ﬁdentes
2262 3647 2406 3701 nihil
2439 3652 2630 3718 potest
2660 3666 2928 3720 separare
2959 3667 2992 3704 a
3012 3651 3293 3707 charitate
3323 3654 3630 3712 Christi.ln

1983 3735 2116 3803 alia,
2151 3754 2277 3807 quae
2309 3740 2398 3790 est
2427 3751 2439 3791 :
2479 3758 2506 3785 ‹‹
2538 3737 2802 3802 Benefac,
2840 3737 3147 3806 Domine,»
3177 3747 3451 3812 precatur
3480 3745 3632 3800 bona

1982 3825 2413 3880 conlidentibus
2442 3825 2498 3877 in
2524 3824 2790 3879 Domino.
2829 3825 2979 3880 Ordo
3011 3843 3306 3900 congruus
3336 3835 3444 3885 est.
3474 3832 3630 3888 Post-

1982 3931 2161 3986 quam
2193 3930 2228 3968 a
2256 3914 2371 3968 Dco
2401 3912 2805 3968 liberationem
2838 3914 3072 3986 recepit,
3100 3920 3158 3971 et
3186 3917 3384 3974 omnia
3409 3919 3630 3976 miscri-

1979 4002 2187 4059 cordize
2219 4001 2317 4057 Dei
2351 4000 2636 4069 attribuit,
2663 4001 2896 4071 justum
2928 4006 3018 4059 est
3046 4008 3112 4059 ut
3142 4004 3198 4060 in
3235 4005 3361 4078 ipso
3409 4008 3627 4066 ﬁrmis-

1981 4091 2128 4147 sime
2159 4091 2435 4146 conﬁdat.

2051 4180 2225 4248 Quasi
2263 4179 2344 4234 ita
2374 4178 2591 4233 diceret
2617 4195 2629 4234 :
2661 4179 2776 4235 Vos
2798 4180 2899 4252 qui
2930 4182 3214 4239 beneﬁcia
3242 4190 3436 4242 vestra
3453 4187 3626 4245 mise-

1980 4269 2240 4328 ricordia:
2274 4266 2374 4324 Dei
2405 4267 2748 4336 attribuitis,
2784 4269 3058 4342 deinceps
3106 4273 3380 4330 conﬁdite
3435 4275 3492 4330 in
3526 4277 3631 4333 Do-

1980 4359 2318 4431 mino,quia
2347 4356 2503 4413 ullus
2523 4375 2725 4413 eorum
2760 4358 2903 4430 «qui
2935 4362 3236 4417 conﬁdunt
3255 4362 3313 4417 in
3337 4364 3626 4422 Domino»

1981 4468 2093 4507 non
2119 4466 2220 4522 per
2236 4447 2886 4520 praasumptionem,sed
2915 4469 2942 4497 «
2966 4449 3062 4519 qui
3086 4449 3310 4504 habitat
3331 4450 3389 4504 in
3422 4453 3626 4508 Hieru-

207 4527 310 4580 cut
345 4540 457 4579 nos
486 4524 762 4595 dicimus,
798 4525 880 4582 ita
910 4550 938 4578 «
973 4529 1131 4585 dicat
1163 4533 1359 4600 Israel,
1389 4558 1414 4583 n
1446 4535 1502 4590 id
1534 4542 1624 4592 est
1653 4540 1740 4594 vir
1785 4542 1867 4596 vi-
1902 4551 1946 4615 Ι)
1978 4541 2217 4606 salem,»
2253 4537 2310 4591 id
2342 4540 2432 4592 est
2463 4535 2561 4606 qui
2585 4536 2788 4606 justus
2813 4536 3162 4602 est,scilicet
3190 4537 3415 4592 habitat
3443 4557 3545 4610 spe
3565 4541 3625 4596 in

207 4612 363 4667 dens
398 4613 603 4683 Deum,
638 4639 664 4665 ‹‹
696 4633 873 4685 nunc,
906 4639 933 4665 »
967 4618 1022 4672 id
1055 4623 1145 4674 est
1175 4619 1301 4676 sine
1339 4621 1636 4694 dilatione,
1669 4627 1750 4684 ita
1779 4630 1866 4684 di-

205 4717 356 4758 cens
389 4719 402 4756 :
443 4724 470 4751 ‹‹
503 4703 624 4758 Nisi
657 4705 797 4776 quia
833 4707 1111 4764 Dominus
1143 4715 1268 4765 erat
1297 4710 1356 4766 in
1391 4713 1557 4769 nobis
1584 4733 1718 4772 cum
1769 4737 1864 4774 ex-

206 4797 528 4863 surgerent
554 4790 823 4850 homines
854 4795 911 4850 in
947 4814 1072 4864 nos,
1109 4798 1255 4853 forte
1285 4801 1442 4856 vivos
1479 4803 1867 4875 deglutissent

208 4895 344 4933 nos.
381 4901 408 4927 ι)

279 4967 349 5024 In
380 4967 666 5040 principio
695 4971 1133 5041 defecissemus,
1159 4981 1216 5031 ct
1245 4977 1430 5033 multo
1458 4982 1646 5054 magis
1677 5007 1704 5035 «
1729 5002 1863 5042 cum

203 5055 394 5124 furor,
424 5078 453 5104 ››
479 5055 535 5111 id
567 5062 656 5112 est
685 5058 942 5131 impetus
974 5085 1001 5112 «
1027 5081 1228 5118 eorum
1252 5065 1662 5140 irasceretur,»
1694 5074 1750 5128 id
1776 5080 1866 5132 est

202 5145 612 5200 exardescerct
642 5169 670 5196 «
708 5147 766 5202 in
825 5167 952 5218 nos,
986 5169 1158 5223 aqua,
1198 5175 1225 5202 »
1275 5153 1332 5208 id
1382 5161 1471 5210 est
1517 5157 1867 5220 inundantia

203 5233 691 5304 tribulationum,
725 5259 753 5287 ‹‹
786 5239 1189 5296 absorbuissct
1218 5259 1344 5311 nos,
1383 5267 1409 5292 υ
1443 5245 1497 5300 id
1533 5253 1622 5303 cst
1655 5250 1866 5324 irrepa-

206 5320 477 5377 rabiliter
508 5322 620 5378 sibi
651 5328 988 5382 attraxisset
1021 5346 1033 5383 :
1068 5335 1123 5384 et
1155 5330 1262 5385 hoc
1293 5353 1320 5379 ‹‹
1347 5332 1613 5403 forsitan,
1640 5359 1666 5385 ››
1698 5338 1753 5392 id
1772 5320 1865 5396 est

201 5407 294 5464 ita
342 5411 688 5484 contigisset
745 5432 896 5482 vere,
921 5417 1031 5472 nisi
1088 5418 1227 5489 quia
1283 5419 1568 5477 Dominus
1625 5431 1749 5480 erat
1803 5429 1859 5484 in

205 5497 409 5553 nobis.

281 5610 310 5632 α
329 5586 452 5643 Nisi
467 5589 606 5659 quia
625 5591 905 5648 Dominus
919 5599 1040 5649 erat
1055 5595 1110 5649 in
1125 5595 1346 5665 nobis,»
1367 5614 1520 5668 aqua
1532 5599 1861 5662 absorbuis—

1979 4626 2235 4698 cwlo,vel
2258 4627 2459 4680 devote
2491 4623 2546 4677 in
2582 4623 2858 4689 Ecclesia,
2884 4647 2911 4673 ‹‹
2937 4640 3051 4678 non
3083 4627 3545 4683 commovebitur
3565 4629 3623 4685 in

1975 4723 2258 4775 mternum
2294 4736 2319 4762 ››
2354 4731 2387 4768 a
2413 4712 2643 4767 Christo
2674 4711 2762 4767 vel
2804 4730 2837 4767 a
2870 4713 3020 4769 bono
3050 4714 3346 4786 proposito
3388 4733 3490 4788 per
3517 4716 3622 4772 ali-

1974 4825 2122 4880 quas
2155 4802 2581 4871 tribulationes,
2607 4824 2633 4850 «
2669 4800 2821 4856 sicut
2851 4819 3020 4857 mons
3048 4803 3258 4872 Sion,»
3294 4804 3349 4859 id
3381 4810 3470 4862 est
3503 4807 3625 4878 ipse

1975 4895 2265 4964 Christus,
2305 4890 2405 4962 qui
2453 4889 2832 4961 corporaliter
2887 4890 2946 4946 in
3007 4897 3202 4948 monte
3261 4894 3398 4949 Sion
3456 4894 3621 4948 habi-

1973 4984 2136 5040 tavit.

2044 5105 2113 5114 ——
2145 5072 2277 5127 Ideo
2308 5069 2610 5126 conﬁdens
2640 5067 2767 5142 ipse
2818 5087 2933 5124 non
2981 5069 3460 5136 commovebitur,
3483 5070 3623 5141 quia

1977 5187 2004 5214 «
2034 5165 2318 5228 montes,»
2353 5159 2410 5214 id
2445 5163 2534 5214 est
2562 5158 2774 5229 angeli,
2804 5159 2891 5214 vel
2923 5157 3188 5229 apostoli,
3210 5162 3268 5213 et
3296 5157 3394 5214 alii
3434 5159 3621 5214 sancti

1972 5254 2078 5309 viri
2116 5251 2362 5320 meritis,
2387 5249 2657 5322 precibus
2688 5251 2744 5303 ct
2765 5246 3043 5317 exemplis
3073 5252 3213 5302 sunt
3233 5271 3261 5298 «
3292 5248 3349 5302 in
3372 5248 3621 5305 circuitu

1973 5345 2122 5415 ejus,
2161 5339 2553 5394 »_munientes
2603 5335 2944 5405 hujusmodi
2999 5335 3359 5392 conﬁdentes
3416 5342 3621 5394 contra

1973 5434 2170 5488 hostes
2203 5447 2215 5484 ε
2254 5450 2280 5477 ‹‹
2311 5431 2367 5481 ct
2400 5447 2426 5472 ››
2461 5423 2634 5479 etiam
2669 5423 2791 5493 ipse
2824 5446 2850 5471 α
2877 5422 3210 5480 Dominus»
3247 5430 3336 5482 est
3361 5449 3387 5477 «
3414 5425 3472 5481 in
3501 5427 3618 5481 cir-

1971 5521 2131 5578 cuitu
2165 5513 2361 5590 populi
2393 5509 2505 5577 sui,
2541 5533 2568 5559 ››
2603 5513 2667 5564 ut
2695 5526 2828 5564 eum
2863 5511 3091 5568 muniat
3118 5517 3174 5568 et
3205 5519 3468 5589 protegat
3499 5539 3526 5565 «
3551 5532 3618 5571 ex

1970 5612 2078 5667 hoc
2111 5621 2264 5662 nunc
2294 5607 2348 5657 et
2380 5615 2564 5672 usque
2596 5597 2653 5652 in
2684 5599 2982 5655 saeculum.
3022 5625 3046 5648 n
