4060 6180
386 308 528 375 ΕἰΒΒ

835 312 1241 374 HAYMONIS
1270 312 1808 374 HALBERSTAT.
1841 309 2042 371 EPISC

2161 309 2288 372 [ΕΡ.
2311 311 2523 374 PARS
2552 311 2601 372 Ῑ.
2632 347 2710 356 -
2735 311 3372 376 ϐΟΜΜΕΝΤπΒΙΒΙλ.

3685 312 3803 376 610

479 452 552 511 Et
576 449 714 508 licet
737 449 813 506 ad
831 463 1104 522 praesens
1121 445 1424 520 permittat
1441 463 1548 503 eos
1560 444 2047 512 tribulari,tamen
2077 442 2131 510 Α
2160 446 2560 519 tum,propter
2585 443 2996 502 certitudinem
3028 462 3150 503 rem
3180 446 3439 502 futuram
3469 445 3805 504 annuntiat.

389 557 608 600 ‘mvera
627 543 722 597 est
736 538 796 594 in
821 535 1067 594 circuitu
1088 535 1384 609 ejus,quia
1403 551 1518 592 non
1540 535 1833 609 relinquet
1851 533 2050 591 ﬁdeles

385 645 551 688 'suos
579 630 640 685 in
671 630 958 701 potestate
981 625 1116 681 inin
1131 626 1464 694 icorum,ne
1493 630 1552 682 et
1571 623 1682 698 ipsi
1704 622 2053 697 compellan-

384 724 506 776 Itur
536 730 803 792 peccare;
832 718 889 772 et
917 715 1027 771 hoc
1056 718 1164 784 est,
1184 737 1212 765 «
1232 714 1371 788 quia
1400 732 1515 771 non
1547 714 1838 786 relinquet
1861 712 2051 769 Domi-

385 823 520 864 :nus
547 807 832 880 virgam,»
860 804 918 860 id
943 809 1031 861 est
1051 809 1396 878 potestatem
1430 827 1458 854 «
1481 808 1852 878 peccatorum
1875 819 2052 874 super

381 901 621 954 "sortem
655 897 966 968 iustorum,
1003 917 1032 944 »
1052 895 1110 950 id
1141 898 1230 950 est
1258 910 1436 966 super
1477 892 1836 966 religionem,
1868 907 2048 964 quam

381 987 545 1060 ‘justi
575 986 798 1043 faciunt
828 1001 997 1042 suam
1030 987 1248 1040 sortem
1274 1001 1286 1038 :
1312 983 1441 1040 ideo
1461 999 1576 1038 non
1608 982 1916 1054 relinquet,
1935 1003 1961 1030 ‹‹
1986 983 2051 1034 ut

378 1089 518 1132 ‘non
551 1075 866 1132 extendant
876 1073 1026 1145 justi
1046 1075 1118 1130 ad
1142 1072 1511 1146 iniquitatem
1533 1089 1746 1127 manus
1766 1088 1959 1126 suas.»
1986 1071 2048 1126 Si

399 1165 558 1222 enim
591 1164 728 1220 mali
749 1181 933 1236 super
949 1164 1148 1236 justos
1169 1164 1514 1234 potestatem
1543 1159 2048 1229 haberent,justos

373 1269 470 1311 ‘ex
498 1253 843 1310 necessitate
873 1268 1111 1324 peccare
1141 1250 1573 1322 compellerent.

2231 549 2256 576 α
2288 535 2454 590 Tunc
2484 554 2507 580 η
2537 534 2741 604 xtiam,
2764 535 2824 591 id
2845 539 2936 592 est
2954 535 3188 609 quando
3209 535 3501 592 Dominus
3517 537 3812 592 convertet

2157 621 2555 696 captivitatem
2587 629 2871 694 nostram,
2905 641 2933 673 α
2955 625 3201 682 dicent»
3230 624 3412 698 aliqui
3443 654 3471 680 ιι
3499 624 3653 681 inier
3669 640 3810 698 gen-

2160 715 2248 769 tes
2279 740 2303 764 »
2335 713 2444 769 hoc
2477 730 2500 757 α
2532 715 2932 788 magniﬁcavit
2959 745 2984 771 ιθ
3018 715 3077 771 id
3107 719 3198 772 est
3246 713 3559 789 magniﬁce
3607 713 3812 787 dispo—

2159 802 2278 858 suit
2311 829 2334 856 ι(
2356 803 2642 860 Dominus
2663 805 2852 861 facere
2875 821 3009 860 cum
3031 805 3184 861 eis.»
3218 803 3614 878 Intelligentes
3651 803 3812 859 enim

2158 893 2314 964 quod
2345 892 2613 950 homines
2643 911 2679 949 a
2706 895 2962 966 peccatis
2992 911 3096 967 per
3122 894 3421 950 Christum
3465 892 3811 964 liberentur,

2156 985 2512 1053 cognoscent
2533 999 2632 1040 eos
2651 1000 2782 1040 esse
2797 983 2896 1039 Dei
2915 983 3088 1052 ﬁlios,
3103 987 3164 1040 et
3185 983 3424 1039 tandem
3445 981 3508 1036 in
3528 979 3813 1056 angelicis

2142 1071 2435 1127 .manibus
2454 1071 2514 1126 in
2547 1077 2889 1145 perpetuam
2921 1072 3183 1146 requiem
3213 1072 3630 1145 deportandos.

2230 1160 2346 1232 Ipsi
2377 1161 2574 1217 dicent
2604 1179 2618 1217 :
2653 1190 2678 1214 «
2711 1163 3105 1236 Magniﬁcavit
3143 1161 3428 1219 Dominus
3459 1162 3652 1218 facere
3667 1177 3811 1216 cum

2157 1248 2260 1317 eis,
2281 1267 2305 1291 ι)
2340 1267 2446 1306 nec
2485 1251 2544 1306 iu
2586 1251 2695 1308 hoc
2727 1255 2871 1307 sunt
2889 1251 3035 1307 fatui
3055 1249 3701 1324 velinsipientes,quia
3730 1249 3816 1306 ita

473 1344 688 1399 «'Bene
745 1343 855 1398 fac.
889 1363 917 1393 »
971 1341 1111 1397 Pars
1166 1341 1446 1396 secunda.
1475 1339 1844 1396 Co‘ntinuatio
1879 1356 1892 1394 :
1919 1337 2046 1393 Dixi
2135 1353 2356 1392 everum
2379 1341 2487 1406 est,
2507 1339 2610 1394 sed
2633 1342 2691 1394 et
2713 1365 2736 1390 οι
2757 1337 3455 1412 magniﬁcavitDominus
3483 1339 3814 1396 facereno-

373 1431 855 1505 ‘quiaDominus
885 1447 1001 1487 non
1047 1429 1356 1502 relinquet,
1387 1432 1446 1484 et
1474 1432 1558 1494 tu,
1589 1445 1683 1483 οεα
1715 1427 1980 1494 Domine,
2014 1449 2044 1478 ω

376 1521 554 1578 ‘sieut
582 1519 837 1594 coepisti,
857 1520 1204 1586 «‘bene‘i‘ac,
1239 1541 1268 1569 »
1297 1518 1356 1574 id
1386 1521 1494 1584 est,
1527 1534 1832 1589 persevera
1859 1520 2049 1573 custo-

372 1610 634 1677 "diendo,
663 1613 722 1667 et
751 1608 868 1668 alia
890 1609 1048 1666 bona
1075 1607 1336 1665 faciendo
1367 1629 1392 1653 «
1423 1607 1613 1678 bonis,
1639 1625 1662 1652 υ
1694 1607 1753 1662 id
1803 1610 1893 1664 est
1929 1605 2047 1662 illis

399 1700 499 1774 qui
524 1702 856 1772 sequuntur
885 1701 1174 1773 pracepta
1191 1703 1322 1766 tua;
1357 1717 1381 1742 α
1403 1701 1461 1754 et
1484 1695 1655 1753 rectis
1683 1696 1906 1762 corde,»
1927 1694 2046 1752 illis

368 1790 498 1862 “qui
529 1787 694 1846 nulla
723 1786 1270 1862 angustia'peccare
1297 1790 1608 1860 coguntur.

445 1877 605 1936 "lstis
635 1879 784 1936 bene
814 1877 988 1934 faciet
1016 1876 1332 1945 Dominus;
1365 1900 1391 1927 σι
1413 1875 1772 1933 declinantes
1790 1877 2042 1943 autem,»

371 1967 456 2026 'id
479 1973 576 2026 est
601 1971 842 2041 propter
872 1967 1101 2039 aliquas
1130 1965 1537 2022 tribulationes
1563 1983 1598 2021 a
1627 1963 1920 2021 mandatis
1943 1964 2043 2020 Dei

395 2058 802 2126 deﬁcientes,«
831 2056 1084 2112 adducet
1113 2055 1398 2111 Dominus
1427 2053 1494 2109 in-
1519 2053 1963 2127 obligationes,»
1985 2053 2043 2108 id

367 2145 487 2202 'ebt
514 2142 722 2200 multis
751 2141 1007 2215 peccatis
1025 2141 1325 2214 permittet
1345 2141 1571 2213 alligari
1605 2157 1629 2182 ιι
1651 2158 1786 2197 cum
1807 2157 2047 2214 operan-

367 2229 562 2290 ‘tibus'
584 2230 978 2304 iniquitatem,
993 2249 1019 2274 ι»
1050 2230 1120 2286 id'
1139 2234 1230 2286 est
1247 2229 1402 2286 sicut
1425 2229 1563 2285 facit
1581 2230 1728 2286 alios
1747 2230 2044 2302 operarios

370 2317 728 2394 "iniquitatis
760 2335 787 2374 :'
808 2337 832 2364 (ι
857 2336 1032 2392 super
1061 2319 1238 2376 Israel
1264 2342 1288 2366 »
1306 2323 1530 2388 autem,
1549 2319 1606 2374 id
1638 2322 1746 2388 est,
1769 2337 1949 2394 super
1967 2320 2045 2376 vi-

366 2409 872 2467 ‘rumwidentem
921 2409 1128 2476 Deum,
1163 2408 1276 2465 erit
1306 2426 1486 2482 «pax,
1521 2437 1546 2463 ››
1577 2409 1793 2481 partim
1841 2408 1902 2465 in
1933 2409 2043 2466 hac

391 2499 533 2570 vita,
554 2503 613 2556 et
635 2513 868 2556 summe
895 2497 956 2554 in
985 2497 1120 2554 alia.
1155 2498 1299 2554 Cum
1332 2497 1505 2555 malis
1532 2497 1688 2555 mala
1707 2499 2039 2568 annuntiat,

395 2603 513 2646 nos
532 2589 681 2646 bene
709 2588 794 2644 ad
813 2587 1226 2644 conﬁdentiam
1248 2587 1606 2655 cohortatur,
1622 2605 1694 2646 ne
1722 2588 1877 2645 mala
1905 2606 2041 2646 cum

367 2673 811 2741 "difﬁdentibus
830 2675 1146 2750 patiamur.

859 2855 957 2912 ΙΝ·
975 2855 1338 2914 PSALMUM‘
1359 2857 1565 2913 CXXV.

747 2965 1005 3022 Trruws
1037 2982 1049 3020 :
1085 2964 1371 3022 Canticum
1398 2965 1690 3038 graduum.

463 3150 492 3178 «
527 3128 590 3184 In
619 3125 1026 3182 convertendo.
1047 3145 1070 3170 »
1101 3125 1207 3182 Hic
1231 3125 1407 3181 habet
1425 3127 1730 3182 materiam
1754 3127 2039 3199 propheta

391 3214 878 3290 exspectationem
911 3214 1118 3270 futura:
1169 3214 1532 3270 liberationis
1574 3233 1678 3287 per
1723 3217 2052 3272 adventum‘

360 3303 374 3326 ‘
389 3301 706 3380 Christi,in
735 3316 860 3377 quo‘
881 3303 1084 3361 ﬁdeles
1105 3302 1156 3358 ei
1183 3303 1404 3375 priores
1413 3303 1586 3374 justi,
1603 3304 1704 3376 qui
1727 3303 1919 3360 adhuc
1940 3323 2043 3378 per

367 3393 626 3466 ’culpam
657 3391 959 3466 originalis
990 3391 1211 3464 peccati
1243 3408 1276 3446 a
1305 3389 1692 3457 diabolo,tam
1722 3392 1830 3448 viri
1863 3410 2040 3466 quam

393 3481 1002 3547 mortui,tenebantur,
1017 3479 1247 3534 liberati
1271 3484 1410 3536 sunt
1433 3496 1446 3534 :
1470 3484 1529 3536 et
1545 3479 1666 3536 haec
1686 3483 2040 3554 exspectatio

385 3567 528 3630 ‘ﬂnis
546 3570 656 3626 fuit
675 3569 938 3626 omnium
958 3570 1254 3642 justorum
1278 3569 1387 3624 sub
1411 3569 1603 3624 Veteri
1624 3571 2036 3628 Testamento:

361 3673 367 3678 '
390 3659 669 3733 perquod
693 3661 854 3731 patet
876 3659 1030 3732 quod
1061 3657 1159 3714 alii
1192 3674 1292 3714 sex
1313 3659 1704 3731 praecedentes
1724 3663 1944 3733 gradus
1966 3661 2039 3717 ad

355 3744 368 3766 ³
389 3748 666 3806 homines
687 3746 914 3804 Veteris
931 3747 1295 3804 Testamenti
1322 3746 1659 3820 specialiter
1681 3747 2038 3823 diriguntur.

356 3836 649 3899 'Intendit
676 3837 960 3911 propheta
988 3835 1234 3892 invitare
1275 3835 1544 3892 homines
1573 3835 1799 3894 Veteris
1829 3839 2040 3896 Testa-

389 3926 594 3996 menti,
624 3925 691 3982 ut
718 3925 781 3980 in
809 3926 1064 3982 adventu
1090 3923 1304 3982 Christi
1335 3942 1499 3998 spem
1527 3943 1646 3982 suae
1675 3925 2039 3986 liberationis

388 4016 702 4088 apponant.
715 4013 778 4069 In
796 4013 987 4085 prima
1001 4016 1166 4085 parte
1180 4015 1436 4070 ostendit
1447 4015 1643 4086 justos
1659 4014 1791 4072 illos
1811 4019 2038 4074 tantam

387 4101 448 4158 in
479 4102 730 4158 adventu
751 4099 964 4156 Christi
984 4101 1264 4158 habuisse
1283 4104 1766 4173 consolationem,
1779 4110 1846 4162 ut
1861 4107 2036 4162 etiam

359 4187 614 4246 'lnimici
640 4201 841 4243 eorum
863 4187 1318 4246 consolationem
1341 4189 1739 4248 laudarentJn
1757 4195 2037 4262 secunda,

383 4289 518 4350 qua;
539 4273 747 4348 incipit
771 4291 785 4330 :
813 4295 837 4322 ιι
859 4275 1222 4347 Convertere,
1237 4277 1533 4342 Domine,»
1557 4285 1830 4351 precatur
1851 4283 2037 4338 Deum

389 4369 456 4422 ut
477 4369 537 4422 et
565 4363 692 4438 ipse
739 4363 799 4421 in
833 4364 1086 4420 adventu
1136 4365 1352 4420 Christi
1397 4371 1623 4438 partem
1676 4367 2040 4428 liberationis

353 4451 618 4523 ’habeat,
653 4453 793 4528 quia
822 4451 1019 4509 laetum
1047 4453 1205 4510 videt
1235 4454 1412 4510 ﬁnem
1443 4453 1844 4514 liberatorum.

2137 1425 2408 1496 .biscum,
2429 1449 2452 1472 υ
2485 1427 2546 1483 id
2577 1432 2668 1484 est
2695 1428 2970 1486 discrevit
2995 1429 3154 1502 quod
3175 1445 3424 1502 magnos
3442 1445 3551 1484 nos
3569 1427 3812 1498 faceret,

2156 1519 2216 1571 et
2242 1533 2352 1572 nos
2371 1515 2481 1572 hoc
2509 1520 2832 1590 sperantes,
2859 1546 2884 1570 «ι
2919 1517 3063 1574 facti
3085 1533 3296 1574 sumus
3326 1515 3610 1574 latentes.
3631 1537 3662 1567 »

2229 1626 2252 1652 ιι
2283 1605 2896 1674 Converte,Domine.»
2921 1607 3060 1663 Pars
3090 1606 3370 1664 secunda.
3389 1604 3769 1663 Continuatio
3797 1623 3810 1661 :

2136 1695 2226 1750 ‘Et
2273 1695 2412 1767 quia
2443 1715 2473 1747 α
2502 1695 2892 1769 magniﬁcasti
2941 1695 3128 1753 facere
3177 1695 3508 1764 nobiscum,
3542 1695 3745 1767 uideo,
3779 1713 3816 1752 ο

2059 1814 2124 1880 ,Β
2159 1805 2182 1834 ι
2213 1783 2474 1852 Domine,
2500 1788 2768 1842 converte
2789 1785 3184 1859 captivitatem
3207 1789 3490 1853 nostram,
3511 1799 3681 1858 nqua
3707 1783 3816 1840 fri-

2153 1889 2292 1946 gore
2321 1873 2543 1946 peccati
2574 1872 2814 1948 obligati
2847 1890 3056 1931 sumus
3079 1891 3097 1932 ε
3119 1874 3204 1931 sic
3225 1876 3600 1943 convertant
3613 1891 3818 1947 perve-

2135 1961 2390 2020 niamus
2421 1963 2495 2020 ad
2525 1979 2767 2020 cursum
2799 1963 2964 2021 bona:
2986 1963 3350 2036 ,operationis
3381 1979 3396 2020 :
3428 1963 3815 2042 ita‘cenverte

2152 2073 2182 2102 «
2213 2051 2370 2108 sicut
2421 2057 2648 2110 torrens
2681 2074 2710 2104 »
2742 2053 2843 2127 qui
2900 2057 2990 2110 est
3038 2052 3258 2128 ligatus
3283 2071 3286 2081 ε
3307 2053 3520 2128 frigere
3549 2051 3812 2121 thiemis,

2151 2142 2511 2198 convertitur
2539 2169 2563 2194 «
2589 2142 2649 2198 in
2681 2146 2900 2212 austro,
2927 2172 2952 2197 ι)
2975 2143 3035 2198 in
3071 2147 3243 2199 vento
3273 2141 3374 2198 illo
3393 2140 3606 2208 calido,
3625 2139 3817 2197 itnait

2151 2248 2258 2304 per
2284 2236 2573 2302 austrum,
2591 2231 2652 2287 id
2681 2235 2773 2290 est
2791 2249 2896 2304 per
2922 2231 3174 2288 calorem
3199 2231 3456 2306 Spiritus
3471 2230 3664 2288 sancti
3679 2247 3818 2286 con-

2149 2323 2410 2376 vertatur
2432 2320 2646 2394 frigus,
2677 2320 2735 2376 id
2767 2323 2857 2378 est
2883 2320 3152 2395 pigrities
3181 2319 3426 2394 peccati,
3449 2317 3717 2376 zaznobis.

2223 2409 2362 2466 Dico
2393 2435 2422 2466 (ι
2451 2415 2743 2477 converte,
2765 2430 2790 2457 ιο
2826 2409 2967 2484 quia
2993 2413 3156 2479 tunc,
3181 2409 3238 2466 id
3269 2414 3361 2468 est
3390 2410 3544 2465 facta
3567 2425 3814 2465 conver-

2152 2499 2335 2567 sione,
2371 2529 2395 2554 ‹‹
2426 2503 2648 2555 metent
2678 2521 2702 2545 υ
2732 2497 2815 2554 illi
2850 2521 2875 2545 α
2907 2499 2968 2556 in
2999 2498 3458 2566 exsultatione,.c
3477 2497 3536 2554 id
3557 2501 3670 2564 est,
3703 2514 3813 2552 ex-

2150 2587 2438 2644 sultanter
2484 2587 2768 2661 recipient
2815 2586 3144 2644 mercedem
3189 2587 3319 2642 vitae
3367 2591 3616 2656 aeternae,
3645 2611 3676 2641 α
3707 2585 3818 2658 qui

2126 2675 2447 2733 iseminant
2474 2696 2498 2721 υ
2529 2677 2684 2733 bona
2711 2693 2890 2750 opera
2908 2694 3034 2744 sua,
3072 2677 3236 2733 unde
3256 2674 3640 2748 multiplicem
3679 2675 3814 2730 fru-

2149 2769 2310 2822 ctum
2337 2769 2691 2838 exspectent,
2725 2785 2754 2816 ‹‹
2783 2765 2844 2822 in
2875 2765 3171 2838 lacrymis,
3198 2786 3223 2811 π
3257 2765 3316 2822 id
3343 2769 3434 2822 est
3462 2763 3523 2820 in
3545 2780 3814 2827 mairem

2124 2857 2207 2910 'et
2235 2854 2476 2912 tristitia
2505 2854 2686 2928 huius
2713 2855 2865 2912 vitae.

2220 2943 2328 3010 Qui
2350 2949 2492 3001 sunt
2513 2944 2596 3000 illi
2622 2945 2720 3018 qui
2741 2949 2964 3001 metent
2989 2944 3051 3000 in
3071 2943 3508 3002 exsultatione?
3526 2939 3811 2998 illisali-

2147 3038 2240 3090 cet
2267 3034 2367 3107 qui
2400 3033 2566 3091 ibant
2593 3034 2666 3090 ad
2697 3037 2975 3090 aeternam
3005 3033 3299 3090 civitatem
3321 3049 3426 3107 per
3443 3033 3600 3089 bona
3625 3047 3815 3102 opera

2149 3140 2278 3192 sua,
2291 3127 2352 3180 et
2381 3141 2497 3180 non
2529 3128 2830 3180 cessantes
2850 3125 2925 3180 ad
2964 3123 3192 3193 horam,
3207 3125 3310 3180 sed
3334 3141 3358 3168 «ι
3379 3125 3586 3179 euntes
3605 3138 3636 3170 ιι
3653 3116 3812 3176 assi-

2150 3213 2265 3269 due
2287 3229 2301 3268 :
2327 3229 2355 3260 α
2377 3212 2542 3269 ibant
2563 3231 2586 3256 ι»
2611 3210 2762 3284 dico,
2779 3232 2802 3256 «ι
2825 3216 2883 3268 et
2913 3212 3132 3268 ﬁebant
3154 3233 3182 3261 ››
3208 3229 3314 3284 pro
3335 3214 3522 3268 mer-te
3539 3214 3601 3267 et
3619 3209 3814 3266 mise-

2123 3301 2239 3356 -ria
2262 3301 2442 3373 hujus
2470 3300 2599 3356 vitae
2624 3319 2638 3357 :
2663 3301 2774 3373 ipsi
2807 3299 2940 3357 dico
2969 3323 2993 3347 ιι
3016 3300 3318 3358 mittentes
3347 3301 3578 3357 semina
3602 3317 3810 3370 sua,»

2122 3389 2208 3445 iid
2240 3393 2332 3445 est
2359 3390 2514 3446 bona
2548 3407 2726 3462 opera
2751 3406 2887 3457 ~sua,
2902 3389 2990 3446 vel
3021 3388 3351 3464 specialiter
3377 3387 3810 3461 elemosynas.

2223 3507 2247 3532 ι(
2271 3478 2489 3534 Euntes
2516 3477 2684 3533 ibant
2715 3494 2728 3532 :
2763 3497 2787 3522 η
2819 3477 3120 3534 venientes
3149 3482 3372 3546 autem,
3401 3477 3461 3534 id
3491 3481 3582 3534 est
3601 3494 3820 3550 appro-

2149 3565 2504 3639 pinquantes
2522 3565 2718 3636 morti,
2733 3591 2756 3614 «
2771 3564 3045 3622 venient»
3065 3583 3251 3639 usque
3271 3566 3343 3623 ad
3352 3565 3649 3639 judicium
3669 3585 3814 3626 cum

2119 3654 2557 3721 exsultatione,
2590 3658 2910 3726 portantes,
2934 3655 2992 3710 id
3039 3658 3147 3723 est,
3174 3655 3532 3728 perferentes
3552 3655 3815 3715 Domino

2117 3775 2122 3778 -
2149 3767 2180 3794 ‹‹
2211 3742 2546 3816 manipulos
2576 3759 2739 3814 suos,
2775 3754 2806 3794 η’
2833 3743 2891 3799 id
2924 3747 3014 3800 est
3061 3743 3215 3800 bona
3261 3761 3440 3818 opera
3487 3762 3618 3814 sua,
3646 3747 3815 3804 unde

2121 3831 2682 3890 -remunerationem
2711 3831 3012 3905 recipient.

2571 4023 2578 4048 ε
2600 4009 2676 4065 IN
2714 4009 3074 4066 PSALMEM‘
3101 4009 3334 4066 CXXVI.

2321 4120 2637 4199 ‘Trruws:
2672 4117 2956 4174 Canticum
2981 4118 3251 4191 graduum
3281 4118 3610 4176 Salomonis.

2220 4300 2244 4326 ‹‹
2277 4280 2400 4336 Nisi
2419 4279 2703 4336 Dominus
2732 4279 3124 4336 mdiﬁcaverit.
3147 4298 3178 4332 ρ
3209 4281 3375 4338 Sicut
3403 4283 3631 4353 septem
3657 4299 3816 4354 pre-

2146 4370 2335 4427 dictos
2357 4370 2576 4444 gradus
2595 4367 2930 4442 specialiter
2965 4369 3038 4425 ad
3059 4369 3330 4426 homines
3349 4368 3577 4427 Veteris
3587 4371 3813 4428 Testa-

2147 4459 2328 4515 menti
2360 4457 2704 4526 direximus,
2719 4458 2802 4514 ita
2824 4463 2956 4516 octo
2981 4457 3128 4516 istos
3159 4458 3391 4516 futuros
3425 4459 3500 4516 ad
3528 4459 3817 4518 homines

459 4543 634 4611 Quasi
667 4544 888 4599 diceret
911 4560 926 4599 :
948 4543 1297 4616 Exspectare
1315 4543 1560 4613 debetis,
1585 4545 1814 4618 iratres,
1835 4564 2040 4606 conso—
2071 4555 2116 4620 ι)
2147 4549 2289 4604 Νονὶ
2321 4547 2682 4604 Testamenti
2726 4547 2958 4620 proprie
2987 4548 3318 4606 referimus.
3341 4549 3412 4604 Et
3431 4549 3724 4606 dicuntur
3743 4551 3816 4606 hi

351 4632 675 4690 ‘lationem‘
699 4631 757 4688 in
788 4634 1038 4690 adventu
1071 4631 1309 4698 Christi,
1343 4631 1531 4704 quiaa
1552 4633 1612 4688 in
1653 4639 2036 4694 convertenda

355 4719 735 4792 'Dominus,»
771 4721 826 4777 id
859 4726 948 4778 est
971 4722 1115 4776 dum
1145 4721 1430 4776 Dominus
1473 4723 1816 4792 convcrtit,«
1851 4727 2038 4799 capti-

357 4825 362 4828 '
390 4807 626 4866 vitatem
657 4809 862 4875 Sion,»
884 4808 944 4864 id
991 4813 1098 4878 est,
1123 4809 1360 4866 illorum
1393 4811 1494 4882 qui
1527 4816 1666 4868 sunt
1695 4813 2036 4885 speculatio,

383 4903 446 4956 'et
476 4897 784 4971 provident
813 4897 948 4966 sibi,
973 4915 1000 4944 σ
1022 4897 1158 4954 facti
1180 4915 1390 4956 sumus
1409 4899 1566 4957 sicut
1593 4902 1896 4973 consolati,
1922 4933 1945 4959 ι»
1978 4903 2038 4960 id

387 4991 479 5045 est
511 4987 665 5042 sicut
690 4985 772 5041 illi
803 4986 902 5059 qui
927 4985 1389 5044 consolationem
1428 4989 1724 5062 accipiunt
1754 4993 2036 5050 venienti-

355 5073 500 5134 "bus
531 5075 720 5134 bonis.

462 5189 490 5218 ‹‹
519 5165 704 5233 Tunc,
731 5191 756 5216 ι»
789 5164 848 5220 id
878 5168 986 5235 est,
1021 5165 1080 5221 in
1111 5165 1212 5222 illa
1242 5167 1618 5224 conversione
1657 5169 2032 5241 captivitatis,

391 5275 420 5302 ‹‹
453 5271 520 5310 os
551 5257 816 5310 nostrum
853 5278 880 5304 ››
911 5253 1134 5311 scilicct
1163 5273 1264 5310 cor
1301 5255 1518 5328 ipsum,
1553 5271 1580 5303 α
1613 5261 1703 5312 est
1749 5257 2035 5330 repletum

389 5341 604 5414 gaudio
639 5359 652 5397 :
688 5346 746 5398 et
775 5371 798 5395 υ
829 5360 944 5398 non
991 5349 1222 5400 tantum
1269 5363 1388 5412 cor,
1421 5345 1520 5402 scd
1570 5345 1746 5401 etiam
1783 5346 2038 5420 «lingua

394 5433 594 5485 nostra
626 5453 648 5480 ››
684 5431 949 5503 exterior,
973 5437 1063 5490 est
1097 5433 1157 5488 in
1180 5457 1208 5486 α
1241 5433 1692 5504 exsultatione,»
1726 5434 1785 5489 id
1815 5439 1907 5491 est
1933 5453 2037 5492 ex-

390 5517 680 5577 sultanter
706 5521 1073 5578 annuntiavit
1096 5521 1227 5578 aliis
1257 5521 1665 5580 liberationem
1687 5541 1864 5595 quam
1884 5523 2040 5580 videt

390 5621 498 5690 per
512 5605 825 5669 adventum
845 5607 1060 5666 Christi
1083 5610 1206 5667 ﬁeri
1233 5627 1245 5664 :
1270 5627 1375 5687 per
1403 5628 1658 5686 praesens
1697 5616 1754 5667 et
1789 5613 2041 5684 praeteri-

2145 4638 2365 4712 gradus
2387 4635 2720 4710 specialiter
2747 4635 3171 4707 Salomonis,-id
3203 4641 3293 4694 est
3314 4637 3820 4710 paciﬁci,scilicct

2114 4725 2512 4798 ‘Cliristi,qui
2539 4742 2712 4782 verus
2742 4725 3024 4798 paciﬁcus
3059 4726 3184 4799 fuit,
3199 4727 3339 4800 quia
3385 4727 3496 4802 ipsi
3542 4729 3816 4784 reconci-

2147 4815 2311 4871 liavit
2331 4815 2517 4872 Deum
2540 4813 2902 4884 hominibus,
2917 4819 2974 4870 et
3002 4832 3204 4888 pacem
3227 4816 3363 4872 fecit
3384 4816 3540 4872 inter
3563 4816 3818 4874 Judmos

2145 4909 2204 4961 et
2233 4907 2457 4978 gentes.
2473 4903 2638 4959 Unde
2658 4903 2972 4976 Apostolus
2993 4904 3138 4960 dicit
3163 4921 3177 4960 :
3209 4934 3232 4961 κ
3255 4905 3364 4970 Qui
3385 4905 3523 4962 fecit
3550 4909 3818 4988 utraque

2113 5019 2118 5026 ο
2147 5009 2387 5050 unum.»
2408 4992 2622 5066 (Ephes.
2649 4995 2744 5062 ιι.)
2763 4992 2954 5065 Hujus
2976 4996 3174 5050 autem
3199 4993 3426 5066 paciﬁci
3440 4993 3683 5068 proprie
3713 4997 3816 5052 di-

2144 5085 2360 5138 cuntur
2388 5081 2484 5137 isti
2513 5081 2750 5154 gradus,
2785 5081 2925 5154 quia
2973 5099 3078 5156 per
3125 5083 3493 5156 praesentiam
3535 5087 3817 5157 corporis

2143 5169 2521 5227 manifestum
2545 5170 2830 5226 auxilium
2852 5171 3113 5229 humano
3140 5173 3337 5246 generi
3359 5173 3628 5242 contulit,
3647 5179 3710 5229 et
3744 5175 3815 5232 in

2144 5259 2224 5316 sei
2233 5277 2337 5332 pso
2355 5258 2686 5332 exemplum
2705 5261 2888 5317 totius
2901 5255 3149 5332 justitiai
3170 5263 3397 5318 ostendi
3406 5267 3514 5332 t,et
3528 5261 3674 5318 alios
3697 5282 3818 5336 per

2144 5348 2363 5423 gradus
2383 5347 2664 5404 virtutum
2689 5349 2763 5404 ad
2787 5349 3080 5407 caelestem
3104 5351 3460 5408 Hierusalem
3479 5353 3817 5410 ascendere

2144 5437 2362 5494 docuit.
2397 5437 2461 5492 In
2491 5436 2602 5493 hoc
2629 5437 2856 5510 psalmo
2902 5437 3165 5512 loquitur
3204 5439 3545 5497 hominibus
3591 5439 3694 5513 qui
3745 5442 3818 5498 in

2145 5527 2397 5583 adventu
2439 5524 2677 5594 Christi,
2709 5542 2884 5598 quem
2934 5527 3048 5584 alio
3101 5528 3160 5584 in
3206 5527 3432 5602 psalmo
3470 5528 3615 5600 dicit
3656 5545 3820 5588 cum

2147 5631 2362 5687 magna
2372 5613 2755 5671 exsultatione
2772 5617 3116 5690 exspectari,
3139 5617 3560 5676 abundantiam
3581 5618 3822 5676 beneﬁ-
