4018 6176
198 366 319 431 64f

1380 366 1893 432 EXPLANA'PIO
1920 367 2013 427 IN-
2046 369 2428 433 PSALMOS.

3488 384 3631 445 642“

193 504 426 561 ciorum
457 506 820 576 receperunt,
842 502 1021 560 veluti
1066 504 1250 559 sancti
1296 501 1542 576 apostoli
1573 502 1845 557 fuerunt:
1874 497 1935 565 A‘
1958 500 2115 555 mani
2139 502 2368 573 generis
2388 508 2771 560 excusserunt
2795 508 2853 561 et
2881 507 3617 579 manifestaverunt,erunt-

190 597 256 649 et
287 592 542 648 intendit
568 592 643 647 ab
672 591 758 648 eis
787 593 1015 648 auferre
1042 608 1275 648 omnem
1306 590 1846 665 praesumptionem,

187 681 441 750 scilicet,
464 697 583 737 non
614 685 976 753 prmsumant
1003 680 1148 737 tales
1179 697 1307 737 esse
1338 680 1437 753 qui
1463 681 1690 753 possint
1720 679 1847 734 aedi-

186 770 369 825 ficare
398 785 503 841 per
530 786 612 840 se,
634 768 722 825 vel
745 767 1030 825 aedificata
1059 769 1351 825 custodire
1375 786 1387 824 :
1412 786 1519 824 nec
1550 773 1757 842 putent
1787 786 1848 824 se

184 874 434 913 securos
472 862 608 914 ante
663 859 987 914 secundum
1050 859 1362 914 adventum
1421 858 1657 926 Christi,
1708 857 1849 930 quia

186 946 396 1004 nullus
427 946 487 1002 in
518 947 627 1003 hac
655 947 774 1003 vita
805 952 998 1019 potest
1039 964 1167 1003 esse
1216 965 1478 1016 securus,
1506 948 1564 1001 in
1590 964 1708 1020 qua
1736 951 1849 1002 sta-

186 1038 311 1091 tim-
332 1036 585 1109 quilibet
615 1036 835 1091 labitur
860 1036 931 1091 ad
964 1040 1290 1109 peccatum.

262 1126 445 1192 Quasi
486 1125 569 1180 ita
606 1125 826 1181 diceret
858 1140 871 1181 :
904 1124 1020 1181 Vos
1078 1126 1177 1197 qui
1236 1126 1295 1182 in
1352 1127 1601 1205 adventu
1633 1122 1849 1180 Christi

188 1214 387 1270 multa
416 1213 700 1270 beneficia
743 1213 1071 1287 accepistis,
1102 1214 1279 1270 etiam
1321 1214 1571 1271 aliorum
1599 1214 1848 1269 aedifica-

188 1308 355 1359 tores
382 1301 757 1374 constitistis,
783 1302 965 1358 nolite
1002 1304 1073 1358 de
1109 1303 1274 1359 vobis
1313 1319 1683 1376 prmsumere,
1712 1302 1855 1374 quia

191 1390 347 1447 nihil
369 1390 617 1464 potestis
632 1406 870 1463 parvos,
890 1390 1004 1447 nisi
1021 1392 1306 1448 Dominus
1327 1392 1527 1462 faciat;
1546 1392 1657 1447 hoc
1674 1390 1847 1446 dicit:

189 1504 221 1529 ‹‹
258 1481 377 1537 nisi
410 1480 698 1536 Dominus
727 1479 1095 1537 aediﬁcaverit
1123 1482 1386 1551 domum,
1414 1504 1443 1530 η
1464 1482 1572 1538 hoc
1602 1485 1710 1550 est,
1736 1478 1849 1535 nisi

188 1570 487 1626 Dominus
508 1568 739 1625 interna
752 1568 1136 1642 inspiratione
1151 1570 1406 1643 aliquem
1428 1574 1713 1644 prmparet
1732 1585 1851 1626 sua;

188 1658 575 1726 habitationi,
598 1681 627 1708 ‹‹
656 1658 716 1712 in
743 1674 960 1714 vanum
991 1658 1402 1716 laboraverunt
1430 1660 1531 1733 qui
1563 1659 1854 1715 aedificant

186 1762 404 1817 eam,»
429 1747 607 1802 idest
634 1746 733 1819 qui
782 1747 871 1803 ad'
901 1762 1031 1803 eam
1080 1748 1483 1804 aediﬁcandam
1534 1748 1849 1804 laborant:

1956 588 2038 642 ita
2057 612 2084 637 ‹‹
2113 589 2266 645 sicut
2294 592 2520 664 sagittis
2554 593 2612 647 in
2654 610 2833 649 manu
2879 595 3156 652 Potentis.
3186 619 3213 646 ››
3236 598 3402 654 Sicut
3449 600 3625 657 enim'

1956 677 2297 749 sagittarius
2326 681 2527 753 dirigit
2556 681 2827 753 sagittam
2852 700 2968 755 quo
2996 684 3140 752 vult,
3167 703 3271 741 nec
3298 687 3426 760 ipsa
3447 691 3608 745 aber—

1958 770 2066 833 rat,
2128 769 2229 822 sed
2279 771 2528 840 percutit
2576 787 2748 842 quem
2778 772 2924 838 vult,
2956 773 3037 828 ita
3071 774 3221 830 Deus
3270 780 3475 847 potens
3526 777 3610 832 di~

1955 854 2109 910 citur
2156 856 2516 929 sagittarius,
2553 858 2690 930 quia
2739 860 2984 931 sagittas
3033 879 3194 930 suas,
3226 863 3281 918 id
3332 866 3422 919 cst
3470 882 3605 920 san-

1956 948 2079 999 ctos
2110 946 2405 1017 apostolos
2443 952 2501 1001 et
2547 946 2693 1003 alios
2742 948 2962 1020 legatos
3012 950 3212 1019 mittit,
3246 952 3307 1007 in
3337 970 3487 1025 quos
3516 972 3606 1010 re-

1956 1035 2147 1087 motas
2178 1038 2374 1105 partes
2420 1034 2546 1107 ipse
2586 1035 2770 1108 eligit,
2802 1041 2861 1091 et
2890 1054 2994 1109 per
3040 1037 3147 1094 hos
3194 1041 3371 1096 corda
3414 1042 3605 1098 homi-

1957 1138 2100 1176 num
2132 1121 2328 1195 divino
2358 1140 2556 1179 amore
2593 1124 2906 1197 transﬁgit.
2940 1126 3011 1181 Et
3055 1132 3432 1185 non‘tantum
3462 1149 3607 1204 apo-

1957 1208 2089 1265 stoli
2124 1215 2264 1265 sunt
2307 1211 2482 1279 beati,
2514 1216 2573 1267 et
2603 1211 2687 1266 illi
2719 1211 2817 1267 alii
2849 1213 2947 1285 qui
2981 1220 3365 1287 susceperunt
3395 1219 3607 1275 adven-

1958 1302 2083 1353 tum
2106 1298 2343 1369 Christi,
2368 1301 2468 1356 sed
2491 1301 2667 1356 etiam
2691 1317 2896 1356 omnes
2918 1301 2999 1357 illi
3024 1304 3121 1375 qui
3144 1320 3244 1359 cos
3264 1305 3606 1365 imitantur:

1956 1386 2067 1442 hoc
2096 1391 2204 1455 est,
2227 1388 2422 1443 omnis
2451 1388 2548 1443 ille
2568 1413 2595 1438 ‹‹
2621 1389 2709 1445 vir
2731 1412 2758 1439 η
2789 1394 2881 1445 est
2910 1391 3138 1461 beatus,
3163 1414 3191 1442 ‹‹
3214 1391 3316 1464 qui
3347 1393 3612 1467 implevit

1959 1476 2316 1532 desiderium
2368 1494 2543 1533 suum
2575 1494 2642 1532 ex
2672 1478 2841 1550 ipsis,
2869 1502 2896 1527 »
2918 1479 3031 1535 hoc
3077 1485 3187 1549 est",
3213 1481 3392 1538 vitam
3443 1500 3612 1540 suam

1957 1563 2218 1619 instituit
2254 1566 2325 1620 ad
2371 1566 2611 1621 modum
2665 1584 2866 1622 eorum
2895 1572 3003 1623 :et'
3037 1584 3170 1624 vere
3216 1570 3446 1641 beatus,
3476 1573 3617 1645 quia

1961 1678 1989 1703 ‹‹
2023 1670 2139 1709 non
2170 1656 2565 1710 confundetur
2595 1673 2728 1711 cum
2774 1656 3047 1729 loquetur
3093 1658 3361 1717 inimicis
3398 1662 3527 1719 suis
3553 1663 3614 1718 in

1961 1749 2150 1816 porta,
2176 1767 2204 1793 ››
2236 1744 2293 1799 id
2327 1748 2416 1799 est
2446 1744 2504 1798 in
2546 1744 2801 1817 publico.
2835 1745 2939 1801 Vel
2989 1763 3093 1819 per
3140 1752 3369 1820 portam
3398 1766 3615 1823 possis-

187 1852 233 1887 ‹‹⁸
252 1852 378 1893 non
407 1836 567 1935 enim
598 1836 711 1909 qui»
746 1835 991 1908 plantat,
1017 1841 1119 1894 aut
1148 1837 1249 1909 qui
1292 1838 1463 1910 rigat,
1488 1841 1576 1895 est
1605 1837 1849 1910 aliquid,
1882 1851 2097 1937 Bmus
2127 1833 2426 1937 Christum
2467 1834 2751 1934 accipere,
2783 1834 2882 1907 qui
2914 1839 3005 1891 est
3059 1840 3227 1909 porta
3284 1853 3389 1909 per
3434 1855 3613 1911 quam

185 1925 297 1981 sed
330 1924 437 1996 qui
467 1923 909 1980 incrementum
929 1925 1047 1993 dat,
1073 1925 1285 1982 Deus.»
1304 1927 1355 1995 (I
1384 1926 1505 1983 Cor.
1530 1926 1674 1998 xm.)

263 2013 414 2069 Dico
443 2028 548 2085 per
575 2029 638 2069 se
666 2028 781 2068 non
812 2017 1005 2085 potest
1034 2013 1250 2087 aliquis
1281 2014 1589 2086 aedificare,
1618 2032 1723 2071 nec
1752 2032 1858 2087 per

188 2117 255 2157 se
287 2100 583 2156 mdiflcat‘a
611 2101 927 2169 custodire,
951 2101 1061 2157 hoc
1087 2106 1177 2158 est
1208 2118 1258 2157 :u
1293 2102 1406 2158 nisi
1438 2102 1724 2159 Dominus
1754 2119 1856 2159 cu-

188 2190 479 2246 stadierit'
500 2189 818 2259 civitatem,
847 2212 874 2239 »
893 2190 950 2246 id
982 2195 1073 2247 est
1116 2191 1305 2264 ipsam
1354 2191 1693 2261 Ecclesium,
1726 2209 1857 2265 quis

189 2280 422 2336 dicitur
450 2279 675 2348 civitas,
700 2277 838 2352 quia
868 2280 938 2335 de
976 2279 1181 2336 multis
1220 2280 1463 2337 collecta
1493 2285 1584 2337 est
1625 2286 1682 2337 et
1710 2283 1856 2344 bene

192 2368 440 2424 munita
486 2366 888 2437 virtutibus;«
931 2368 1147 2425 frustra
1201 2369 1405 2443 vigilat
1452 2371 1551 2443 qui
1600 2371 1858 2426 custodit

188 2474 333 2514 eam
360 2480 391 2507 ››
419 2456 734 2512 civitatem.
758 2456 903 2512 Cum
934 2456 1078 2513 dicit
1101 2479 1129 2508 ‹‹
1160 2454 1382 2531 vigilat,
1409 2481 1435 2508 ››
1465 2459 1660 2514 innuit
1687 2460 1857 2515 nobis

188 2563 410 2602 curam
444 2549 501 2601 et
537 2544 995 2601 sollicitudinem
1046 2563 1222 2619 quam
1268 2551 1532 2620 pastores
1589 2548 1857 2603 Ecclesia:

188 2637 298 2709 qui
334 2633 584 2707 vigilant
620 2634 693 2689 ad
732 2650 938 2708 greges
979 2636 1392 2691 custodiendos
1431 2637 1669 2693 habent.
1695 2637 1861 2693 Unde

188 2726 249 2779 in
287 2722 553 2779 Canticis
577 2740 629 2778 :«
661 2723 1013 2779 Invenerunt
1037 2740 1131 2780 me
1158 2724 1365 2797 vigiles
1387 2725 1486 2796 qui
1518 2725 1860 2782 custodiunt

189 2812 522 2870 civitatem.
550 2833 579 2860 ι)
600 2809 777 2883 (Cant.

261 2898 765 2973 Quandoquidem
797 2897 960 2955 solus
990 2899 1144 2956 Deus
1184 2900 1431 2956 mdiﬁcat
1473 2906 1531 2957 et
1579 2902 1858 2974 custodit,

188 3005 341 3063 ergo
364 3010 393 3039 α
425 3004 643 3045 vanum
673 2992 764 3045 est
792 2988 957 3045 vobis
1002 3005 1298 3063 surgere,»
1322 2990 1378 3045 id
1412 2995 1502 3047 est
1539 2991 1609 3047 de
1639 2993 1858 3047 securi-

190 3084 323 3136 tate
356 3082 584 3134 aeterna:
614 3078 1001 3135 beatitudinis
1032 3094 1419 3152 praesumere:
1449 3081 1589 3153 quia
1617 3082 1858 3154 quicun‘

1963 1924 2081 1978 itur
2107 1923 2177 1978 ad
2210 1922 2410 1993 vitam,
2445 1923 2599 1979 sicut
2643 1923 2769 1996 ipse
2808 1924 2890 1980 ait
2924 1941 2937 1979 :
2966 1947 2995 1976 «
3026 1908 3134 1981 Per
3158 1942 3255 1982 me
3279 1908 3329 1983 si
3361 1908 3495 1999 quis
3523 1927 3614 1983 in-
3639 1908 3653 1923 ’

1961 2012 2207 2080 troierit,
2261 2011 2585 2068 salvabitur
2631 2014 2806 2085 (Ιοαη.
2856 2014 2945 2086 x);
2974 2037 3005 2063 »
3035 2018 3099 2069 ut
3152 2014 3239 2070 sic
3295 2015 3611 2073 dicamus:

1962 2103 2105 2157 Cum
2136 2100 2412 2173 loquetur
2439 2100 2697 2157 inimicis
2728 2102 2876 2171 suis,
2900 2124 2929 2152 »
2952 2103 3009 2157 id
3045 2107 3139 2158 est
3162 2102 3473 2172 haereticis,
3500 2128 3527 2155 ‹‹
3553 2105 3613 2161 in

1963 2193 2151 2263 porta,
2177 2212 2204 2237 ››
2236 2189 2293 2243 id
2325 2193 2415 2244 est
2464 2189 2522 2243 in
2569 2189 2822 2259 Christo,
2856 2189 3079 2247 scilicet
3108 2191 3180 2247 de
3211 2193 3339 2265 ipso
3384 2192 3617 2249 Christo

1964 2295 2167 2350 agens,
2198 2295 2311 2332 non
2344 2277 2755 2346 confundetur,
2786 2279 2941 2350 quod
2974 2278 3233 2351 aliquem
3264 2297 3518 2337 errorem
3545 2283 3618 2337 de

1963 2366 2091 2439 ipso
2140 2366 2434 2438 loquatur,
2468 2365 2555 2421 vel
2587 2365 2783 2439 aliquo
2824 2367 2995 2422 modo
3045 2368 3118 2423 ab
3166 2368 3452 2425 hmreticis
3480 2387 3616 2427 con-

1962 2455 2248 2511 vincatur.

2408 2597 2482 2651 IN
2525 2596 2872 2652 PSALMUM
2913 2597 3177 2653 CXXVII.

2336 2685 2611 2740 TITULUS.
2648 2686 2931 2740 Canticum
2957 2686 3250 2757 graduum.

2039 2829 2068 2859 ‹‹
2102 2808 2256 2863 Beati
2290 2823 2515 2863 omnes.
2543 2829 2571 2857 »ι
2602 2796 2665 2862 Γιι
2698 2807 2806 2863 hoc
2846 2807 3076 2880 psalmo
3107 2808 3285 2865 habet
3312 2811 3618 2868 materiam

1965 2896 2123 2951 hunc
2153 2897 2401 2968 gradum
2434 2895 2660 2952 scilicet
2694 2895 2966 2952 timorem
3008 2896 3262 2966 Domini,
3286 2903 3344 2955 et
3371 2898 3623 2957 intendit

1965 2985 2280 3041 admonere
2309 2985 2381 3040 ad
2412 2984 2686 3040 eumdem
2719 2985 2969 3057 gradum
3014 2985 3148 3043 illos
3178 3004 3326 3060 quos
3358 2990 3429 3045 de
3467 3006 3617 3063 prae-

1967 3073 2303 3146 sumptione
2334 3072 2604 3146 superius
2649 3074 2978 3129 admonuit.
3012 3076 3075 3131 In
3120 3076 3312 3148 prima
3341 3082 3505 3151 parte
3532 3095 3621 3135 os-

192 3186 315 3243 que
350 3172 440 3224 est
467 3167 528 3223 in
567 3167 678 3224 hac
716 3168 854 3240 vita,
879 3184 1101 3240 pronus
1144 3172 1235 3225 est
1277 3170 1348 3225 ad
1397 3170 1669 3244 lapsum:
1704 3171 1861 3227 unde
1903 3236 1936 3244 _
1971 3163 2160 3218 tendit
2216 3162 2358 3235 quid
2415 3162 2632 3217 efficiat
2688 3162 2867 3217 timor
2930 3163 3186 3220 Domini.
3239 3166 3309 3221 In
3363 3168 3621 3224 secunda

193 3236 431 3315 dicitur
464 3274 531 3315 ;‹‹
571 3256 677 3331 qui
731 3236 1112 3327 stat-videat
1158 3274 1230 3314 ne
1279 3236 1506 3316 cadat:»
1548 3260 1596 3334 (1
1622 3263 1747 3319 Cor.
1780 3260 1860 3334 x.)
1892 3236 1938 3307 (ἶ
1974 3255 2160 3324 parte,
2199 3267 2327 3323 quae
2375 3250 2581 3323 incipit
2611 3267 2624 3306 ε
2649 3274 2677 3300 «
2703 3251 3018 3308 Benedicat
3063 3252 3169 3308 tibi
3219 3253 3505 3311 Dominus
3552 3271 3622 3311 ex

197 3368 233 3399 ς(
251 3347 499 3403 Vanum
528 3351 637 3417 est,
662 3368 695 3397 ››
716 3346 869 3419 dico,
893 3370 922 3397 ‹‹
949 3351 1083 3404 ante
1112 3346 1302 3404 lucem
1342 3364 1601 3421 surgere,
1626 3372 1655 3401 »
1686 3349 1746 3406 id
1777 3354 1867 3406 est

199 3442 348 3493 ante
377 3436 706 3492 secundum
738 3435 953 3492 Christi
999 3438 1335 3506 adventum,
1358 3436 1417 3492 in
1455 3455 1572 3510 quo
1601 3456 1739 3495 vera
1765 3439 1865 3495 lux

200 3532 262 3583 et
294 3524 618 3582 manifesta
636 3524 894 3598 cognitio
915 3523 1233 3598 unicuique
1262 3526 1394 3581 erit.
1416 3526 1541 3597 Vel,
1565 3550 1595 3577 ‹‹
1618 3532 1754 3585 ante
1782 3526 1869 3584 lu-

202 3628 365 3684 cem,
389 3636 420 3665 η
456 3614 512 3669 id
544 3617 635 3671 est
673 3617 811 3670 ante
850 3613 1243 3687 cognitionem
1274 3631 1452 3688 quam
1482 3615 1688 3689 recipit
1714 3634 1865 3674 una-

202 3716 466 3779 quasque
493 3702 684 3760 ﬁdelis
726 3702 925 3759 anima
953 3706 1086 3775 post
1112 3702 1560 3761 dissolutionem
1608 3709 1861 3762 tantum.

195 3790 354 3851 Ante
385 3793 581 3849 lucem
612 3807 852 3866 surgere
880 3806 1097 3847 vanum
1118 3796 1226 3861 est,
1249 3792 1473 3849 scilicet
1496 3815 1524 3845 «
1551 3799 1864 3867 postquam

194 3881 505 3949 sederitis,
531 3904 560 3932 »
583 3880 645 3936 id
682 3885 772 3937 est
813 3879 1136 3937 sessionem
1167 3884 1225 3937 et
1251 3880 1635 3954 dejectionem
1684 3883 1865 3955 huius

192 3974 334 4029 vita:
365 3968 745 4040 transieritis,
778 3973 921 4024 tunc
950 3992 979 4019 ‹‹
1012 3968 1253 4043 surgite,
1276 3990 1306 4021 »
1330 3970 1389 4026 id
1419 3974 1508 4027 est
1550 3972 1738 4028 securi
1771 3988 1862 4030 es-

195 4067 341 4118 tote.
367 4059 552 4116 Vobis
582 4058 713 4115 dico
743 4062 815 4115 ut
852 4058 1131 4131 surgatis,
1158 4082 1185 4109 α
1219 4060 1320 4132 qui
1361 4062 1731 4118 manducatis
1761 4080 1861 4135 pa-

198 4167 343 4207 nem
375 4147 751 4216 doloris,»id
781 4152 875 4205 est
897 4148 1117 4221 quibus
1147 4148 1397 4205 miseriae
1438 4150 1619 4224 hujus
1656 4151 1863 4209 mundi

201 4244 355 4297 sum
380 4236 643 4306 refectio,
671 4236 825 4295 sicut
853 4235 1021 4310 panis
1048 4236 1241 4294 alicui.

274 4328 433 4393 Dico
450 4346 485 4379 «ε
510 4326 737 4400 surgite
758 4330 1074 4399 postquam
1107 4326 1404 4397 sedet-itis;
1429 4350 1457 4379 η
1481 4333 1538 4387 et
1568 4331 1736 4404 quasi
1770 4332 1864 4387 di-

204 4421 370 4476 ceret
426 4415 691 4489 aliquis:
728 4414 972 4484 Quando
1008 4414 1120 4471 erit
1173 4416 1428 4488 perfecta
1484 4416 1585 4475 illa
1639 4420 1871 4478 sessio?

207 4528 237 4560 α
260 4521 405 4564 cum
432 4528 461 4556 η
482 4504 769 4562 Dominus
795 4527 824 4555 «
847 4504 1072 4561 dederit
1101 4503 1331 4562 dilectis
1360 4506 1485 4563 suis
1516 4524 1813 4581 somnum,
1835 4532 1865 4561 »

1971 3341 2132 3408 Sion,
2155 3363 2184 3391 ‹‹
2218 3340 2383 3413 ponit
2429 3340 2751 3395 orationem
2782 3357 2913 3413 quis
2946 3342 3117 3412 bona,
3151 3341 3376 3399 scilicet
3422 3344 3619 3417 ipsum

1972 3430 2157 3485 Deum
2186 3429 2554 3502 timentibus,
2586 3433 2837 3502 exoptat.

2044 3518 2220 3586 Quasi
2258 3519 2479 3575 diceret
2508 3536 2521 3575 :
2553 3518 2671 3575 Vos
2702 3520 2803 3592 qui
2847 3519 3001 3576 bona
3029 3520 3246 3577 Christi
3295 3522 3618 3595 recepistis,

1974 3625 2080 3664 nec
2108 3608 2286 3664 etiam
2308 3607 2685 3679 prmsumitis,
2709 3608 2908 3663 timete
2930 3608 3267 3678 Dominum,
3291 3610 3431 3681 quia
3452 3633 3479 3660 «
3503 3627 3625 3665 om-

1974 3714 2079 3753 nes
2106 3696 2207 3769 qui
2247 3695 2456 3752 timent
2493 3695 2810 3751 Dominum
2837 3718 2867 3747 »
2896 3700 3059 3752 casto
3088 3695 3316 3763 timore,
3341 3720 3368 3747 ‹‹
3404 3697 3567 3752 beati
3590 3720 3619 3747 ››

1972 3790 2132 3855 sunt,
2155 3786 2213 3841 id
2245 3789 2336 3841 est
2373 3784 2459 3839 illi
2482 3808 2509 3835 ‹‹
2544 3784 2647 3857 qui
2680 3806 2708 3833 »
2730 3800 2865 3840 eum
2905 3784 3133 3853 timent,
3162 3806 3191 3835 κ
3222 3783 3530 3841 ambulant
3558 3788 3619 3841 in

1969 3876 2080 3931 viis
2109 3876 2297 3947 ejus,»
2316 3873 2404 3929 vel
2435 3874 2494 3927 in
2526 3874 2851 3945 praeceptis,
2875 3872 2964 3929 vel
2996 3871 3341 3928 imitatione.

2040 3963 2188 4019 Vere
2217 3964 2422 4019 beatus
2451 3961 2586 4031 eris,
2614 3984 2641 4012 κ
2663 3961 2805 4033 quia-
2830 3960 3237 4033 manducabis,
3260 3983 3288 4012 n
3320 3961 3379 4017 id
3409 3965 3501 4017 est
3531 3978 3620 4017 re-

1972 4053 2278 4110 fectionem
2309 4049 2414 4107 tibi
2446 4048 2660 4123 capies,
2685 4072 2713 4099 «
2746 4049 2975 4106 labores
3006 4066 3293 4106 manuum
3316 4054 3573 4119 tuarum,
3594 4072 3617 4102 ι

1968 4142 2029 4199 id
2060 4146 2151 4199 est
2177 4158 2354 4215 opera
2400 4155 2687 4197 manuum
2727 4143 2965 4195 tuarum
3014 4138 3172 4196 facta
3214 4156 3349 4197 cum
3407 4155 3623 4213 magno

1970 4232 2169 4290 labore
2193 4249 2206 4289 :
2231 4235 2289 4290 et
2309 4228 2448 4302 quia
2466 4229 2576 4286 hoc
2601 4227 3046 4298 manducabis,«
3070 4227 3283 4285 beatus
3300 4245 3363 4287 es
3387 4252 3414 4279 ιι
3433 4229 3493 4285 in
3513 4229 3634 4286 hac-

1969 4321 2112 4391 vita,
2136 4343 2163 4373 «
2196 4325 2255 4378 et
2283 4319 2431 4375 bene
2459 4317 2565 4375 tibi
2597 4318 2708 4376 erit
2731 4340 2765 4368 η
2783 4317 2845 4373 in
2877 4317 3096 4375 futura.
3122 4318 3285 4385 Quod
3309 4317 3474 4392 prius
3494 4317 3624 4392 plu-

1973 4410 2171 4467 raliter
2191 4409 2262 4465 de
2282 4406 2540 4464 Ecclesia
2558 4406 2842 4479 loquitur,
2868 4406 2941 4463 ad
2966 4405 3409 4462 multitudinem
3432 4423 3626 4479 perso-

1974 4515 2111 4555 nam
2143 4496 2408 4570 respicit;
2435 4496 2592 4569 quod
2624 4500 2819 4551 autem
2840 4495 2912 4550 de
2940 4495 3143 4549 eadem
3175 4492 3435 4550 Ecclesia
3464 4498 3623 4565 post-

206 4598 266 4653 id
300 4600 399 4653 est
441 4599 692 4651 mortem
717 4610 731 4650 :
754 4598 813 4651 ct
851 4610 986 4650 cum
1025 4592 1269 4661 dederit,
1293 4618 1320 4645 «
1348 4612 1480 4652 ecce
1513 4619 1542 4647 »
1567 4600 1871 4672 apparebit
1897 4588 2219 4677 ῃωοάυῐη
2250 4585 2311 4642 in
2332 4584 2610 4677 ASingmaf
2610 4583 2627 4637 ί
2657 4599 2901 4677 ηιξωθνξ)
2933 4580 3214 4677 Ῑρίῖυί-ίυνξ
3248 4582 3320 4637 αδ
3354 4581 3624 4677 ΕξοοῙθείᾶξ

206 4709 243 4737 ιο
261 4685 583 4743 hereditas
602 4682 835 4740 DOmini
858 4703 889 4732 »
910 4680 1135 4737 scilicet
1163 4681 1315 4752 Filii,
1340 4683 1399 4738 id
1428 4689 1518 4740 est
1538 4686 1687 4758 justi
1708 4689 1826 4744 Viri
1852 4707 1867 4747 :

208 4775 313 4848 qui
349 4773 458 4829 filii
490 4777 631 4829 sunt
658 4795 686 4823 «
720 4788 964 4840 merces,
992 4782 1021 4821 ἡ
1051 4770 1111 4826 id
1141 4775 1231 4828 est
1268 4776 1660 4831 remuneratio
1692 4795 1870 4849 quam

214 4864 509 4921 Dominus
540 4862 700 4919 dedit
718 4861 948 4917 Christo
978 4877 1085 4933 pro
1107 4860 1432 4933 explatione
1460 4881 1579 4919 suae
1609 4865 1876 4923 obedien-

212 4956 310 5011 tiaa
342 4970 358 5009 :
390 4967 618 5009 merces
658 4952 787 5007 dico
807 4974 835 5002 ‹‹
870 4951 1117 5018 fructus,
1145 4972 1173 4999 »
1193 4949 1252 5005 id
1284 4954 1372 5006 est
1417 4952 1606 5025 ipsius
1637 4953 1871 5024 Christi,

213 5042 315 5116 qui
351 5042 466 5097 fuit
495 5041 723 5096 fructus
752 5038 942 5111 ipsius
963 5062 989 5087 ‹‹
1015 5037 1234 5093 ventris
1268 5061 1296 5087 »
1318 5038 1754 5113 virginalis.Ubi
1787 5043 1873 5098 di-

214 5132 299 5188 cit
332 5149 399 5188 :u
435 5131 583 5187 Ecce
629 5129 961 5196 hereditas,
989 5148 1016 5179 »
1040 5126 1248 5199 incipit
1278 5127 1347 5183 de
1378 5130 1638 5185 secunda
1690 5136 1873 5204 parte,

215 5223 276 5277 in
301 5238 421 5294 qna
441 5219 699 5276 ostendit
719 5233 995 5291 magnam
1019 5216 1365 5290 dignitatem
1386 5234 1588 5272 eorum
1615 5219 1714 5290 qui
1738 5223 1878 5274 sunt

216 5310 532 5366 hereditas
564 5306 817 5363 Domini.
846 5306 908 5361 In
940 5304 1127 5379 prima
1160 5308 1323 5377 parte
1343 5305 1646 5362 dissuadet
1677 5323 1709 5361 a
1738 5325 1878 5378 pra:-

218 5397 589 5471 sumptione.

291 5488 457 5556 Dico,
491 5486 596 5541 filii
648 5488 822 5540 erunt
868 5500 1113 5554 merces,
1145 5486 1202 5538 et
1249 5482 1362 5555 ipsi
1383 5506 1411 5532 «
1446 5481 1570 5538 filii'
1597 5501 1877 5542 excusso-

219 5588 380 5647 mm,
406 5576 516 5631 πιὶει
555 5577 649 5631 est
691 5574 1131 5647 prophetarum,
1164 5570 1263 5645 qui
1295 5572 1575 5627 dicuntur
1599 5590 1877 5631 excusso-

220 5682 337 5734 res,
362 5664 503 5739 quia
532 5674 656 5720 rem
683 5663 987 5734 latentem,
1016 5661 1235 5719 scilicet
1265 5660 1729 5735 reprobationem
1762 5664 1876 5720 hu-

1980 4677 2218 4751 rcspicit
2244 4675 2551 4733 unitatem.
2570 4674 2640 4729 Et
2659 4672 2834 4728 etiam
2866 4671 2927 4727 in
2952 4671 3060 4727 hoc
3086 4671 3294 4727 beatus
3313 4670 3451 4743 eris,
3468 4672 3625 4746 quod

1981 4792 2009 4819 ‹‹
2034 4785 2180 4824 uxor
2207 4771 2329 4834 tua,
2354 4788 2383 4815 ››
2407 4765 2463 4819 id
2495 4766 2585 4819 est
2615 4760 2889 4818 animalis
2919 4764 3131 4816 natura
3160 4765 3283 4831 tua,
3302 4778 3432 4834 qua:
3458 4762 3629 4817 debet

1981 4857 2191 4929 subjici
2224 4855 2367 4922 viro,
2393 4853 2450 4908 id
2497 4856 2586 4907 est
2630 4850 2839 4916 rationi
2872 4867 2975 4922 per
3002 4867 3180 4922 quam
3230 4854 3487 4924 regatur,
3518 4848 3629 4905 erit

1985 4967 2013 4996 ‹‹
2045 4945 2355 5000 abundans
2380 4966 2405 4991 ››
2428 4940 2597 4997 bonis
2642 4940 2936 4996 fructibus
2986 4944 3043 4995 et
3090 4940 3386 5012 cperibns,
3414 4961 3443 4988 ››
3474 4938 3629 4993 sicut

1980 5034 2151 5090 vitis:
2187 5056 2212 5081 η
2235 5050 2381 5087 uxor
2408 5032 2560 5096 dico,
2584 5030 2775 5102 posita
2796 5053 2821 5078 α
2855 5028 2914 5083 in
2943 5029 3228 5084 lateribus
3260 5028 3489 5093 domus,
3519 5047 3548 5073 »
3570 5023 3641 5079 id‘

1983 5127 2072 5179 est
2113 5123 2171 5177 in
2217 5122 2511 5177 vicinitate
2570 5120 2735 5175 bona:
2792 5116 3160 5173 conscientia:
3191 5138 3219 5164 ‹‹
3270 5118 3407 5181 tua},
3434 5134 3461 5161 ››
3492 5112 3633 5184 quia

1984 5216 2137 5269 bona
2166 5210 2356 5268 vicina
2387 5209 2496 5266 erit
2526 5207 2648 5264 viro
2680 5224 2811 5272 suo,
2835 5207 2891 5261 id
2916 5209 3004 5260 est
3035 5202 3243 5259 rationi
3271 5219 3283 5259 :
3311 5206 3369 5257 et
3400 5218 3502 5273 per
3522 5201 3645 5257 hoc

1985 5320 2100 5359 non
2132 5303 2445 5357 seducetur
2493 5298 2622 5369 ipsa
2652 5313 2817 5364 uxor,
2838 5294 2990 5351 sicut
3020 5294 3133 5348 Eva
3179 5292 3424 5348 seducta
3472 5290 3582 5345 fuit
3615 5306 3629 5345 :

1985 5389 2401 5448 conscientiam
2423 5388 2664 5442 domum
2681 5381 3124 5453 vocamus,quia
3144 5380 3203 5435 in
3221 5397 3289 5437 ea
3308 5379 3633 5453 hospitium

1987 5481 2233 5537 Domino
2256 5491 2671 5550 praeparemus.
2697 5472 2798 5528 Vel
2819 5488 2922 5545 per
2942 5486 3180 5526 uxorem
3209 5485 3525 5543 possumus
3546 5484 3637 5525 ac-

1986 5573 2178 5644 cipere
2203 5564 2572 5639 sapientiam,
2598 5567 2666 5618 ut
2686 5563 2770 5619 sic
2796 5561 3064 5616 dicamus
3089 5575 3102 5614 :
3129 5559 3302 5629 Uxor,
3323 5562 3443 5627 tua,
3465 5557 3525 5613 id
3546 5561 3636 5614 est

1988 5657 2292 5729 sapientia,
2312 5670 2441 5727 quas
2479 5651 2629 5710 fovet
2655 5656 2714 5709 et
2744 5650 2929 5707 nutrit
2954 5648 3147 5706 virum
3178 5647 3330 5706 sicut
3359 5649 3651 5725 υκαι-,θαι

2131 5866 2169 5891 θ
