4060 6180
357 312 474 371 643

717 312 1125 376 HAYMONIS
1172 311 1705 373 HALBEllSTAT.
1755 306 1996 369 EPISC.
2043 306 2216 368 OPP.
2265 308 2483 369 I’AltS.
2533 309 2579 368 Ι.
2634 341 2707 351 -—
2751 307 3159 372 COMMENT.
3203 299 3400 366 BIBL.

3644 304 3760 362 644

316 452 323 456 '
359 445 669 502 abundans
691 443 860 499 bonis
883 443 1346 515 iructibus,quia
1369 442 1503 498 facit
1529 447 1584 498 te
1608 441 1832 514 operari
1856 440 2010 495 sicut
2035 438 2092 506 Α
2120 438 2258 509 quia
2283 466 2310 497 α
2341 456 2492 512 smpo
2521 443 2999 512 expugnaverunt
3024 456 3138 504 me,
3159 456 3180 486 ι
3211 439 3266 493 id
3297 440 3388 494 est
3415 435 3498 492 sic
3529 434 3768 492 tribula-

356 533 493 588 vitis
523 549 536 587 :
573 549 716 586 uxor
745 532 874 586 dico
917 531 1111 602 posita
1140 531 1199 585 in
1232 529 1517 586 lateribus
1547 531 1759 585 domus
1789 533 1922 594 tuae,
1949 527 2008 582 id

357 624 448 676 est
470 620 700 675 duobus
724 619 1151 674 Testamentis:
1179 618 1316 690 quia
1336 635 1438 690 per
1459 618 1806 690 sapientiam
1831 632 2008 688 quam

359 709 532 764 habet
564 708 622 762 in
665 707 809 780 ipsis
850 708 1264 775 ’l‘estamentis,
1297 712 1354 762 et
1393 725 1455 762 se
1493 712 1551 761 et
1593 708 1787 779 ipsum
1818 705 2006 759 virum

357 798 503 852 bene
534 796 673 850 facit
703 796 950 868 cperari,
976 801 1032 851 et
1056 796 1200 852 alios
1222 798 1390 852 docet
1411 798 1559 851 bene
1588 794 1814 867 Operari
1841 811 1853 849 :
1878 810 2007 864 quae

355 886 470 940 duo
503 886 879 940 Testamenta
924 888 1062 940 sunt
1103 884 1304 948 latera,
1337 885 1394 939 id
1427 889 1514 940 est
1544 886 2008 941 sustentamenta

355 975 519 1030 bona:
551 973 945 1042 conscientia),
976 977 1032 1028 et
1065 973 1172 1029 hoc
1203 979 1292 1028 est
1323 975 1532 1028 domus
1564 977 1696 1026 tum.

428 1063 490 1117 In
523 1062 632 1117 hoc
663 1063 839 1116 etiam
865 1064 1072 1116 beatus
1096 1063 1232 1130 eris,
1259 1063 1442 1134 quia«
1472 1061 1576 1115 lilii
1611 1062 1752 1129 tui,»
1776 1077 1923 1132 quos
1946 1064 2006 1113 tu

354 1168 600 1223 generas
632 1151 746 1205 Deo
779 1149 1187 1222 prazdicatione
1217 1156 1274 1206 et
1303 1149 1584 1222 exemplo,
1608 1155 1781 1204 erunt
1803 1175 1826 1196 u
1855 1149 2008 1203 sicut

357 1238 591 1296 novellae
623 1239 968 1306 olivarum,»
993 1239 1048 1294 id
1074 1244 1161 1295 est
1187 1241 1339 1295 sicut
1361 1238 1593 1294 novellae
1623 1239 1783 1293 olivae
1808 1255 1820 1292 :
1845 1237 2004 1308 quia,

356 1330 509 1386 sicut
538 1328 775 1384 novella:
807 1345 1038 1400 semper
1057 1328 1270 1385 virides
1293 1333 1450 1396 sunt,
1475 1329 1534 1382 id
1565 1333 1653 1383 est
1683 1328 1871 1400 magis
1893 1327 2009 1382 fru-

356 1417 636 1486 ctificant,
652 1434 831 1490 quam
854 1415 1002 1488 aliae,
1018 1416 1101 1472 sic
1126 1417 1230 1472 filii
1253 1417 1336 1473 tui
1361 1421 1419 1472 et
1438 1417 1688 1472 virentes
1709 1419 1883 1472 erunt
1900 1415 2008 1470 vir-

355 1508 584 1563 tutibus
615 1511 673 1562 et
702 1506 1120 1562 fructificantes
1161 1507 1332 1562 bonis
1373 1505 1649 1577 operibus
1681 1522 1694 1560 :
1730 1504 1831 1559 lilii
1877 1503 2006 1559 dico

357 1596 532 1669 positi
555 1619 582 1646 ‹‹
610 1595 669 1650 in
691 1595 942 1650 circuitu
966 1611 1182 1651 mensae
1214 1599 1347 1663 tuae,
1373 1618 1400 1645 »
1425 1594 1482 1650 id
1514 1599 1605 1651 est
1625 1594 1831 1649 divinas
1853 1594 2007 1648 Scri-

357 1689 564 1757 pturae,
592 1688 656 1739 ut
688 1688 789 1739 tua
806 1683 1074 1740 doctrina
1097 1683 1452 1739 reﬁciantur.
1476 1683 1599 1754 Vel,
1624 1712 1648 1736 ι(
1671 1683 1730 1737 in
1761 1681 2006 1738 circuitu

358 1791 574 1830 mensae
606 1777 738 1842 tua),
762 1799 786 1823 ιι
813 1772 868 1827 id
900 1776 990 1828 est
1032 1771 1257 1842 altaris,
1282 1772 1382 1828 ubi
1432 1771 1716 1828 Dominici
1748 1770 2007 1842 corporis

357 1863 670 1919 refectione
699 1862 986 1918 cibantur.
1013 1861 1146 1916 Ideo
1173 1861 1383 1916 melius
1412 1860 1577 1933 eligit
1606 1860 1713 1915 has
1744 1860 1891 1914 duas
1923 1876 2010 1915 ar-

357 1953 529 2008 bores
550 1968 728 2023 quam
753 1950 897 2005 alias
921 1951 1270 2017 fructiferas,
1285 1951 1425 2022 quia
1445 1967 1548 2021 per
1567 1948 1746 2003 vitem
1768 1947 2008 2002 austeri-

358 2046 538 2096 tatem
561 2039 828 2110 justitizn,
854 2055 957 2109 per
985 2037 1193 2092 olivam
1217 2039 1562 2092 suavitatem
1594 2035 2006 2092 misericordias

359 2127 744 2198 intelligimus
765 2143 778 2180 :
799 2142 927 2196 quas
951 2126 1065 2179 duo
1088 2125 1495 2196 unusquisque
1512 2124 1700 2180 fidelis
1720 2125 1890 2179 debet
1909 2123 2009 2178 ha-

360 2218 496 2272 bere
527 2215 586 2268 in
617 2230 678 2269 se
706 2230 718 2268 :
744 2214 960 2284 quibus
990 2213 1220 2268 duobus
1251 2213 1655 2282 Samaritanus
1684 2211 1899 2285 legitur
1925 2212 2011 2267 in-

361 2303 583 2358 fudisse
613 2303 672 2356 in
703 2301 944 2357 vulnera
987 2301 1146 2356 illius
1169 2325 1195 2355 (ι
1225 2301 1323 2373 qui
1366 2303 1667 2357 descendit
1696 2303 1768 2357 ab
1803 2301 2004 2357 I-Iieru-

360 2390 543 2448 salem
573 2391 634 2445 in
663 2389 950 2457 Hiericho,
973 2394 1032 2445 et
1052 2389 1256 2445 incidit
1284 2390 1344 2446 in
1376 2389 1632 2446 latrones
1662 2391 1811 2463 (Luc.
1835 2394 1913 2459 χ).
1942 2413 1970 2440 ιι

432 2481 583 2535 Bene
612 2482 854 2551 apparet
883 2480 1038 2550 quod
1070 2479 1276 2534 beatus
1305 2479 1419 2534 eris
1447 2478 1662 2536 timens
1693 2479 2006 2535 Dominum

359 2569 500 2643 quia
526 2588 553 2618 α
583 2585 716 2624 ecce
766 2567 870 2634 sic,
898 2591 920 2615 ιι
948 2568 1102 2624 sicut
1157 2569 1380 2624 dictum
1439 2573 1548 2637 est,
1578 2591 1599 2618 ι
1636 2569 2010 2625 benedicatur

362 2658 536 2715 homo
565 2658 666 2730 qui
699 2658 867 2712 timet
897 2657 1232 2713 Dominum.
1258 2680 1280 2704 ιι

435 2769 465 2801 α
496 2747 807 2804 Benedicat
836 2746 1004 2801 tibi.»
1038 2747 1176 2802 Pars
1209 2748 1486 2803 secunda.
1519 2747 1589 2801 Et
1616 2747 1676 2801 in
1707 2748 1816 2802 hac
1845 2752 2006 2819 opta-

360 2837 517 2893 tione
545 2836 800 2893 ostendit
827 2836 1098 2891 aﬂ'ectum
1140 2852 1314 2907 quem
1354 2834 1529 2891 habet
1567 2852 1704 2908 erga
1732 2836 2007 2891 timentes

360 2926 696 2982 Dominum.
719 2925 1090 2980 Continuatio
1115 2941 1127 2980 :
1152 2925 1290 2980 Dico
1337 2924 1422 2980 sic
1471 2924 1864 2992 benedicetur,
1887 2928 1946 2980 et
1973 2941 2006 2979 o

361 3020 424 3070 tu
454 3015 650 3082 homo,
685 3014 900 3068 timens
928 3012 1264 3081 Dominum,
1290 3032 1314 3056 ιι
1347 3013 1653 3068 benedicat
1680 3012 1786 3067 tibi
1817 3012 2008 3067 Domi-

362 3121 474 3158 nus
504 3121 572 3158 ex
603 3103 741 3157 Sion
765 3120 789 3145 ιι
812 3102 1072 3170 veniens,
1097 3101 1236 3171 quia
1265 3106 1437 3156 natus
1468 3101 1778 3156 carnaliter
1806 3101 1918 3156 fuit
1946 3101 2004 3155 i'n

2118 527 2378 583 tionibus
2401 529 2719 584 affecerunt
2742 532 2806 582 ut
2823 528 3001 583 etiam
3025 528 3378 599 quandoque
3399 525 3764 581 occiderent:

2117 620 2172 670 et
2202 615 2298 671 hic
2329 615 2588 688 loquitur
2616 617 2675 670 in
2707 633 2958 688 persona
2996 616 3262 672 omnium
3297 616 3596 687 justorum
3627 611 3769 669 Novi

2117 705 2473 760 Testamenti
2510 723 2522 759 :
2558 710 2615 760 et
2657 705 2765 759 hoc
2789 733 2813 755 «
2848 722 2882 758 a
2921 705 3231 775 juventute
3262 720 3412 770 mea,
3436 720 3463 749 ι)
3495 703 3553 757 id
3601 707 3692 756 est
3736 718 3772 756 a

2117 781 2378 864 tempore
2429 792 2604 865 primi
2645 793 2817 864 justi,
2851 810 2884 848 a
2915 810 3030 864 quo
3085 792 3323 863 inccnpit
3379 790 3679 846 Ecclesia:
3714 793 3773 844 et

2117 882 2270 936 sicut
2299 899 2404 953 ego
2436 881 2585 949 dico,
2616 882 2698 937 sic
2732 899 2757 924 α
2788 882 2945 936 dicat
2973 907 2998 937 ι)
3029 881 3223 936 omnis
3254 901 3279 925 ‹ι
3312 879 3508 947 Israel,
3531 898 3558 926 ο
3589 878 3648 933 id
3680 884 3772 934 est

2114 969 2202 1023 vir
2231 970 2432 1025 videns
2454 970 2656 1038 Deum,
2691 998 2713 1020 (ι
2737 987 2914 1035 nunc,
2942 999 2964 1021 ι)
2986 969 3042 1024 id
3069 974 3158 1025 est
3177 969 3376 1024 statim
3400 969 3456 1023 in
3491 968 3601 1023 hoc
3632 985 3774 1040 prae-

2117 1058 2264 1113 senti
2292 1076 2303 1114 :
2333 1059 2460 1114 ideo
2493 1059 2637 1113 dicit
2657 1085 2684 1114 α
2708 1076 2884 1125 nunc,
2912 1089 2934 1112 ι)
2961 1059 3099 1130 quia
3126 1060 3388 1113 futurum
3420 1061 3508 1112 est
3531 1056 3772 1128 quando

2118 1165 2229 1201 non
2262 1147 2541 1202 clamabit
2579 1148 2751 1202 Israel
2792 1149 2863 1202 de
2902 1165 3012 1202 sua
3051 1147 3512 1219 impugnatione,
3547 1145 3775 1202 scilicet

2115 1237 2351 1308 quando
2381 1237 2492 1291 erit
2523 1236 2579 1290 in
2613 1236 2830 1292 ccelesti
2865 1236 3248 1292 Hierusalem.

2187 1326 2304 1381 Hoc
2336 1324 2559 1381 scilicet
2601 1325 2758 1381 dicat
2789 1341 2802 1380 :
2830 1344 2854 1368 α
2888 1326 3048 1397 Saepe
3091 1327 3569 1397 expugnaverunt
3613 1339 3707 1378 me
3737 1339 3776 1378 a

2105 1415 2420 1485 juventute
2452 1431 2582 1470 mea
2615 1444 2637 1468 υ
2661 1418 2717 1470 ct
2744 1430 2874 1469 vere
2905 1430 3081 1486 saepe,
3101 1433 3128 1463 α
3157 1413 3372 1468 etenim
3406 1429 3521 1468 non
3555 1415 3772 1484 potue-

2111 1507 2250 1559 runt
2278 1502 2422 1560 mihi
2453 1525 2478 1551 ιι
2512 1502 2846 1576 praevalere,
2895 1502 3033 1575 quia
3064 1502 3114 1558 si
3145 1519 3240 1558 me
3290 1499 3471 1558 semel
3519 1499 3772 1556 occidis-

2115 1597 2267 1660 sent,
2301 1609 2417 1649 non
2447 1597 2602 1649 esset
2630 1593 3015 1665 pugnandum
3046 1591 3202 1646 ultra
3230 1607 3366 1646 cum
3395 1590 3502 1646 eis.

2186 1680 2324 1737 Dico
2349 1700 2374 1726 «
2405 1685 2908 1754 expugnaverunt,
2938 1709 2962 1734 ι»
2993 1684 3053 1736 et
3100 1679 3212 1736 hoc
3269 1696 3385 1736 non
3433 1682 3668 1735 tantum
3709 1678 3775 1732 in

2115 1770 2346 1838 faciem,
2381 1775 2446 1826 ut
2477 1787 2569 1825 me
2600 1769 2912 1826 manifeste
2943 1771 3372 1842 oppugnarent,
3393 1767 3494 1823 sed
3514 1794 3535 1818 α
3559 1781 3779 1838 pecca-

2113 1862 2269 1914 tores
2299 1857 2747 1927 fabricaverunt,
2774 1886 2798 1910 »ι
2831 1858 2891 1913 id
2920 1861 3009 1914 est
3040 1856 3226 1912 multa
3255 1856 3412 1913 mala
3441 1854 3781 1910 intulerunt

2117 1968 2146 1998 ‹‹
2177 1964 2359 2019 supra
2387 1948 2627 2003 dorsum
2670 1963 2890 2016 meum,
2919 1977 2943 2000 ››
2979 1946 3036 2000 id
3066 1949 3156 2001 est
3193 1962 3373 2018 supra
3401 1943 3531 2000 illos
3560 1943 3633 1998 de
3664 1943 3775 1998 Ec-

2115 2035 2291 2092 clesia
2321 2035 2421 2108 qui
2454 2053 2556 2108 per
2585 2052 2647 2100 se
2678 2052 2794 2091 non
2818 2035 3035 2090 habent
3064 2051 3266 2090 verum
3297 2033 3518 2101 lumen,
3551 2032 3654 2088 sed
3686 2047 3779 2086 se-

2114 2129 2379 2196 quuntur
2406 2123 2551 2180 alios
2581 2129 2639 2180 et
2668 2123 2777 2180 hoc
2816 2123 2946 2192 diu;
2981 2127 3039 2178 et
3085 2122 3195 2179 hoc
3240 2127 3329 2178 est
3361 2139 3374 2178 :
3401 2141 3425 2166 α
3454 2119 3775 2195 prolonga-

2112 2219 2322 2269 verunt
2352 2213 2721 2283 iniquitatem
2754 2229 2946 2268 suam.
2972 2241 2996 2267 ››

2188 2301 2276 2358 llli
2299 2301 2547 2373 superbe
2563 2300 2879 2356 Ecclesiam
2903 2301 3193 2372 persecuti
3214 2305 3408 2369 sunt,«
3430 2299 3722 2355 Dominus
3743 2321 3776 2346 ιι

2116 2391 2277 2448 solus
2299 2391 2550 2460 «justus
2573 2389 2905 2458 concidet,»
2930 2391 2990 2445 id
3021 2395 3110 2446 est
3139 2391 3211 2446 ad
3244 2389 3638 2445 humilitatem
3673 2405 3778 2444 re-

2115 2481 2308 2548 ducet,
2335 2509 2358 2534 «ι
2383 2479 2656 2550 cervices,
2681 2498 2703 2521 »
2728 2479 2785 2534 id
2818 2484 2908 2534 est
2946 2478 3290 2535 altitudines
3329 2481 3387 2534 et
3425 2477 3776 2548 superbiam

2120 2587 2147 2619 ιι
2173 2571 2566 2639 peccatorum,
2589 2597 2614 2622 ι.
2641 2566 2864 2622 scilicet
2891 2566 3125 2622 illorum
3149 2567 3415 2624 omnium
3447 2567 3546 2639 qui
3579 2565 3780 2622 Eccle-

2115 2656 2264 2712 siam
2296 2659 2754 2728 persequuntur.

2188 2746 2326 2801 Pars
2365 2745 2642 2800 secunda.
2677 2744 2817 2800 Dico
2850 2762 2875 2786 ι(
2906 2745 3174 2801 concidet
3211 2743 3460 2801 cervices
3501 2747 3778 2817 peccato-

2115 2852 2282 2903 rum;
2316 2858 2339 2882 ι·
2372 2833 2475 2906 qui
2503 2837 2699 2889 autem
2733 2839 2874 2890 sunt
2902 2834 3207 2902 obstinati,
3239 2834 3462 2890 scilicet
3485 2833 3569 2888 illi
3592 2857 3618 2884 (ι
3644 2851 3777 2889 οω-

2115 2940 2219 2979 nes
2250 2923 2350 2995 qui
2401 2924 2649 2978 oderunt
2699 2923 2858 2992 Sion,
2897 2954 2919 2978 ››
2953 2924 3012 2979 id
3067 2929 3158 2980 est
3211 2923 3548 2991 Ecclesiam,
3583 2921 3776 2978 obsti-

2117 3017 2269 3081 nate,
2304 3031 2331 3061 α
2361 3012 2796 3068 confundantur
2846 3032 2868 3055 »
2901 3029 3036 3068 cum
3087 3013 3315 3069 dicetur
3355 3031 3368 3070 :
3405 3032 3428 3055 α
3471 3011 3776 3068 Discedite

2115 3120 2154 3170 a,
2179 3118 2292 3172 me,
2326 3101 2642 3169 maledicti,
2675 3101 2734 3156 in
2768 3101 2962 3174 ignem
2994 3106 3275 3158 internum
3307 3101 3510 3175 (Matth.
3542 3104 3711 3170 xxv):
3740 3123 3771 3149 ιι

360 3193 520 3248 Sion.
545 3190 667 3257 Vel,
695 3206 720 3235 α
753 3205 823 3244 ex
852 3189 1011 3257 Sion,
1037 3217 1060 3241 ››
1093 3188 1152 3242 id
1184 3192 1273 3243 est
1301 3205 1370 3244 ex
1397 3189 1506 3246 hoc
1535 3191 1692 3261 quod
1724 3194 1787 3244 tu
1815 3191 2002 3246 factus
2033 3173 2076 3240 C
2117 3212 2146 3241 ί(
2176 3195 2234 3246 et
2291 3193 2707 3245 convertantur
2764 3173 3106 3260 retrorsum,
3131 3211 3154 3235 ιι
3201 3191 3261 3247 id
3317 3173 3408 3247 est
3462 3190 3775 3264 priventur

359 3296 429 3333 ex
457 3279 621 3345 Sion,
641 3277 700 3332 id
732 3281 821 3332 est
861 3276 1173 3348 speculans
1211 3282 1425 3334 aeterna
1447 3295 1460 3333 :
1486 3303 1510 3326 ‹‹
1541 3283 1598 3335 et
1627 3279 1824 3334 videas
1853 3280 2005 3335 bona

361 3366 722 3424 Hierusalem
758 3388 785 3419 ιδ
815 3365 1064 3422 cmlestis
1112 3366 1352 3438 scilicet,
1387 3370 1665 3440 perducat
1693 3373 1751 3423 te
1781 3369 1854 3423 ad
1906 3368 2005 3424 illa

361 3457 514 3513 bona
543 3454 827 3512 Dominus
854 3473 867 3512 :
899 3455 1098 3512 videas
1123 3455 1253 3512 dico
1276 3481 1300 3506 α
1333 3457 1609 3513 omnibus
1638 3456 1847 3514 diebus
1873 3458 2003 3513 vitae

358 3550 492 3616 tuas,
518 3566 542 3590 »
576 3545 635 3601 id
664 3549 755 3602 est
783 3543 842 3600 in
875 3545 1213 3601 aaternitate.

431 3663 457 3690 ιι
486 3636 556 3691 Et
584 3652 611 3682 ε)
644 3652 759 3690 non
790 3638 854 3691 tu
886 3635 1077 3690 solum
1126 3634 1235 3690 hoc
1277 3634 1494 3700 videas,
1523 3637 1624 3692 sed
1655 3637 1830 3692 etiam
1864 3653 1891 3683 α
1922 3637 2003 3693 vi-

358 3725 497 3782 deas
517 3747 542 3778 ι)
570 3724 630 3780 in
661 3724 762 3780 illa
792 3723 1173 3792 Hierusalem,
1202 3748 1225 3772 «
1251 3723 1402 3780 filios
1424 3724 1676 3780 ﬁliorum
1711 3731 2002 3796 tuorum,»

355 3813 414 3869 id
443 3819 532 3871 est
561 3813 885 3869 imitatores
917 3812 1174 3881 illorum,
1198 3813 1298 3885 qui
1339 3817 1439 3868 tua
1468 3814 1876 3886 praedicatione
1905 3832 2002 3888 ge-

357 3903 540 3958 nerali
574 3907 731 3958 sunt.
766 3903 835 3957 Et
863 3902 1005 3973 quid
1052 3920 1155 3974 per
1192 3901 1462 3974 singula?
1502 3903 1713 3960 Videas
1745 3927 1767 3950 ει
1801 3922 2002 3977 pacem

357 4009 534 4063 super
565 3990 762 4058 Israel,
788 4004 815 4034 υ
841 3991 896 4044 id
930 3995 1019 4045 est
1048 3995 1323 4046 aitemam
1349 3992 1853 4064 tranquillitatem,
1878 4012 2005 4066 quae

356 4084 446 4134 est
477 4103 500 4124 σι
533 4093 731 4148 super,
760 4095 782 4118 ιι
804 4076 863 4131 id
895 4081 1002 4142 est,
1033 4079 1223 4149 major
1261 4079 1438 4134 etiam
1469 4097 1644 4151 quam
1677 4081 1890 4154 aliquis
1920 4084 2008 4138 vir

355 4165 562 4222 videns
593 4166 777 4222 Deum
807 4165 998 4222 valeat
1026 4168 1364 4238 promereri.

783 4306 855 4362 IN
905 4305 1251 4362 PSALMUM
1291 4306 1578 4364 CXXVIII.

557 4397 834 4452 Trruws.
871 4395 1152 4452 Canticum
1184 4395 1455 4468 graduum
1483 4397 1808 4454 Salomonis.

2113 3297 2148 3335 a
2174 3282 2460 3351 potestate
2491 3295 2670 3350 quam
2724 3278 2783 3334 in
2835 3279 2945 3336 hac
2995 3279 3114 3335 vita
3144 3297 3322 3353 super
3368 3281 3564 3352 justos
3610 3279 3772 3335 obti-

2113 3372 2272 3424 nent.

2184 3481 2212 3513 α
2244 3455 2413 3514 Fiant
2452 3485 2475 3511 ιι
2509 3457 2686 3513 etiam
2720 3476 2744 3502 ιι
2793 3456 2947 3514 sicut
3002 3459 3202 3514 fenum
3259 3461 3568 3525 tectorum,
3603 3458 3772 3528 quod

2115 3545 2464 3617 priusquam
2492 3545 2769 3602 evellatur
2797 3547 3074 3603 exaruit.»
3097 3546 3344 3619 Superbi
3367 3547 3465 3619 qui
3497 3564 3560 3602 se
3589 3547 3648 3602 in
3683 3546 3775 3602 al-

2114 3640 2240 3692 tum
2271 3633 2524 3707 erigunt,
2549 3634 2756 3691 merito
2789 3637 2941 3694 Feno
2989 3639 3276 3693 tectorum
3323 3641 3774 3708 comparantur,

2115 3723 2254 3796 quia
2283 3723 2435 3780 sicut
2491 3723 2692 3779 fenum
2751 3729 3037 3781 tectorum
3071 3741 3132 3780 se
3161 3724 3222 3780 in
3253 3725 3438 3782 altum
3489 3723 3685 3798 erigit,
3714 3730 3778 3781 et

2114 3817 2312 3870 tamen
2345 3812 2472 3868 sine
2505 3811 2700 3869 radice
2725 3819 2836 3883 est,
2858 3813 2942 3869 ita
2971 3830 3032 3869 se
3061 3813 3174 3886 ipsi
3205 3813 3438 3887 erigunt
3469 3831 3483 3871 :
3517 3818 3576 3869 et
3603 3818 3775 3870 ante-

2115 3920 2294 3974 quam
2324 3901 2664 3971 evcllantur,
2696 3903 2753 3957 id
2787 3907 2878 3958 est
2907 3902 3254 3971 moriantur,
3285 3907 3562 3958 arescunt
3597 3903 3778 3960 bonis

2117 3991 2503 4061 animaa,quia
2535 3990 2820 4046 rationem
2853 3990 3106 4047 caelestis
3137 3991 3411 4047 doctrinae
3459 4009 3575 4048 non
3607 4008 3776 4064 qua:-

2117 4082 2256 4134 runt
2288 4095 2391 4134 nec
2418 4077 2690 4149 diligunt.
2717 4103 2744 4134 α
2771 4080 2845 4134 De
2874 4095 2990 4150 quo
3012 4078 3164 4147 feno,
3187 4098 3212 4122 »
3234 4078 3294 4133 id
3324 4083 3413 4134 est
3442 4079 3514 4134 de
3545 4078 3775 4150 quibus

2117 4167 2311 4235 malis,
2342 4190 2366 4215 α
2395 4183 2509 4222 non
2542 4165 2810 4238 implebit
2834 4185 3076 4224 manum
3097 4184 3267 4224 suam
3288 4183 3316 4216 ιι
3338 4166 3638 4240 angelus,«
3665 4169 3773 4239 qui

2117 4259 2315 4323 metet,
2341 4274 2364 4300 ιι
2389 4255 2446 4309 id
2477 4257 2566 4311 est
2596 4254 2891 4326 separabit
2920 4256 3103 4312 bonos
3132 4273 3166 4313 a
3193 4255 3367 4312 malis
3391 4273 3403 4312 :
3431 4279 3457 4305 ιι
3475 4260 3535 4312 et
3563 4256 3772 4312 sinum

2095 4361 2292 4400 suum
2316 4374 2339 4397 ››
2362 4343 2498 4398 inde
2528 4342 2792 4415 angelus,
2819 4362 2844 4386 α
2873 4343 2974 4416 qui
3007 4344 3340 4418 manipulos
3375 4344 3630 4417 colliget,
3656 4364 3680 4390 ιι
3709 4345 3770 4400 id

2115 4437 2204 4488 est
2240 4431 2617 4505 congregabit
2647 4431 2832 4488 bonos
2853 4433 3057 4504 (Matth.
3081 4437 3224 4502 xm).
3250 4434 3356 4490 Per
3397 4451 3642 4490 manum
3673 4434 3770 4490 in-

430 4544 451 4571 ι
479 4521 642 4594 Saepe
689 4525 1235 4595 expugnaverunt.»
1261 4521 1574 4592 Postquam
1617 4523 1688 4578 de
1726 4541 2006 4595 praesum-
2037 4539 2084 4603 Ι)
2116 4520 2399 4594 telligitur
2441 4537 2609 4592 opus,
2645 4538 2746 4593 per
2791 4521 2990 4577 sinum
3039 4521 3224 4594 quies.
3248 4523 3384 4578 Ideo
3430 4522 3626 4596 angeli
3675 4524 3770 4578 di-

356 4610 554 4683 ptione
585 4616 642 4665 et
671 4611 771 4666 Dei
805 4611 1013 4665 timore
1058 4608 1428 4681 praemonuit,
1463 4611 1737 4666 admonet
1763 4613 1835 4668 de
1865 4614 2003 4671 tole-

354 4699 566 4768 rantia,
606 4703 663 4752 et
709 4700 982 4753 eumdem
1040 4699 1286 4770 gradum
1346 4698 1521 4754 habet
1578 4702 1905 4757 materiam.
1941 4704 2003 4758 In

352 4786 545 4859 prima
574 4791 736 4858 parte
766 4789 1043 4842 admonet
1075 4786 1343 4864 homines
1374 4787 1512 4843 Novi
1541 4789 1900 4846 Testamenti
1931 4793 2003 4847 ad

353 4876 746 4943 tolerantiam,
783 4893 884 4947 per
935 4875 1265 4946 exemplum
1323 4875 1586 4932 omnium
1638 4879 1938 4949 justorum
1971 4897 2005 4936 a

352 4965 541 5037 primo
591 4966 776 5034 justo.
813 4964 874 5019 In
925 4964 1202 5029 secunda,
1235 4980 1362 5036 qua:
1421 4965 2002 5037 incipit:«Confun-

351 5055 566 5109 dantur
595 5058 653 5110 et
684 5057 1100 5108 convertantur
1133 5057 1472 5121 retrorsum,
1499 5075 1521 5097 ιι
1546 5055 1856 5112 obstinatis
1888 5075 2005 5112 ma-

351 5142 474 5196 lum
506 5147 778 5214 precatur
810 5158 822 5196 :
855 5157 956 5212 per
986 5141 1140 5212 quod
1194 5158 1310 5208 nos,
1345 5143 1416 5195 ad
1467 5143 1834 5199 tolerantiam
1868 5146 2000 5200 hor-

351 5235 528 5297 tatur,
561 5247 632 5285 ne
663 5247 798 5284 cum
830 5229 1028 5302 impiis
1073 5229 1129 5284 in
1174 5231 1423 5285 adventu
1465 5232 1686 5302 judicis
1727 5234 1998 5288 condem-

351 5335 579 5374 nemur.

421 5405 596 5472 Quasi
623 5405 875 5461 diceret:
901 5406 1017 5462 Vos
1047 5406 1145 5478 qui
1179 5408 1305 5479 jam
1339 5408 1408 5463 de
1441 5408 1602 5463 vobis
1635 5427 1749 5465 non
1781 5427 1997 5482 praesu-

351 5493 532 5560 mitis,
549 5493 689 5548 dum
715 5494 876 5549 filiali
899 5495 1105 5550 timore
1124 5495 1304 5550 Deum
1329 5496 1718 5565 timetis,cum
1743 5498 1881 5553 mali
1900 5516 1998 5554 vos

347 5584 806 5662 persequuntur,
837 5581 1207 5642 tolerantiam
1249 5584 1514 5644 habeatis
1555 5586 1817 5663 exemplo
1857 5589 1994 5662 mei,

2115 4615 2332 4666 cuntur
2373 4615 2602 4682 portare
2630 4610 2689 4664 in
2723 4611 3000 4667 manibus
3029 4611 3161 4668 illos
3191 4612 3288 4683 qui
3339 4612 3477 4668 boni
3525 4613 3772 4668 fuerunt

2113 4699 2384 4772 operarii,
2410 4704 2467 4754 ct
2495 4699 2554 4754 in
2580 4699 2713 4756 sinu
2750 4699 2880 4755 illos
2911 4700 3013 4771 qui
3046 4701 3284 4756 fuerunt
3301 4701 3766 4774 contemplativi.

2186 4790 2317 4844 Ideo
2350 4805 2464 4843 non
2496 4788 2845 4860 colligentur
2873 4790 2946 4844 ab
2975 4789 3222 4862 angelis,
3255 4790 3394 4862 quia
3423 4791 3481 4844 in
3514 4789 3624 4845 bac
3646 4791 3772 4848 vita

2114 4895 2227 4933 non
2263 4881 2604 4949 receperunt
2634 4878 3098 4934 benedictionem
3143 4879 3217 4934 ab
3257 4879 3539 4952 apostolis
3568 4879 3656 4935 vel
3689 4880 3765 4936 ab

2114 4966 2245 5022 aliis
2266 4966 2484 5021 sanctis
2505 4966 2671 5033 viris;
2696 4971 2751 5022 et
2772 4967 2880 5022 hoc
2901 4971 2990 5022 est
3017 4986 3028 5022 :
3057 4967 3140 5022 illi
3158 4985 3184 5015 ι(
3203 4967 3302 5040 qui
3324 4969 3764 5040 praeteribant,»

2113 5057 2169 5111 id
2200 5060 2288 5111 est
2316 5054 2563 5127 apostoli
2595 5061 2653 5109 et
2683 5053 2780 5110 alii
2813 5057 3001 5111 sancti
3033 5057 3159 5125 viri,
3189 5058 3284 5129 qui
3317 5062 3763 5114 contemnentes

2110 5143 2428 5214 terrestria,
2448 5147 2797 5216 praetereunt
2827 5146 2896 5200 ad
2930 5145 3211 5214 coelestia;
3232 5176 3256 5200 α
3279 5163 3392 5202 non
3421 5147 3698 5203 dixerunt
3726 5169 3758 5195 ιι

2109 5233 2193 5288 eis
2217 5249 2228 5287 :
2255 5255 2278 5279 ‹‹
2306 5232 2637 5288 Benedictio
2670 5234 2900 5288 Domini
2940 5251 3115 5306 super
3143 5252 3263 5303 vos,
3291 5264 3314 5289 α
3347 5236 3404 5291 id
3435 5239 3526 5291 est
3558 5235 3760 5291 multi-

2109 5320 2342 5394 plicatio
2373 5321 2686 5390 virtutum;
2721 5327 2777 5377 et
2805 5322 2982 5377 etiam
3030 5341 3143 5378 non
3177 5324 3449 5380 dixerunt
3479 5342 3492 5380 :
3521 5350 3544 5374 αι
3576 5325 3760 5379 Bene—

2109 5410 2364 5467 diximus
2397 5409 2558 5467 vobis
2590 5430 2612 5454 ιι
2645 5427 2713 5467 ex
2758 5415 2920 5482 parte
2959 5417 3179 5479 nostra,
3214 5414 3295 5469 ita
3322 5413 3476 5484 quod
3500 5444 3525 5467 (ι
3557 5413 3618 5468 in
3650 5429 3762 5468 no—

2109 5499 2265 5554 mine
2315 5499 2544 5554 Domini
2579 5524 2602 5546 »
2635 5517 2734 5555 vos
2788 5501 3226 5571 benedicamus,
3259 5503 3317 5557 id
3368 5506 3457 5558 est
3497 5503 3654 5574 quod
3684 5502 3762 5558 de

2107 5593 2299 5648 vestra
2333 5588 2732 5647 benedictione
2763 5605 2975 5647 nomen
3007 5590 3240 5650 Domini
3271 5591 3611 5651 honoratur.
