4060 6180
240 313 365 374 649

1430 317 1934 379 EXPLANATIO
1978 318 2056 379 IN
2103 322 2479 385 PSALMOS.

3531 338 3659 399 650

244 443 678 514 asocndit,t‘acit
708 445 1098 501 conscendere
1119 462 1315 502 arcam
1334 449 1591 516 suam,id
1609 454 1699 505 est
1713 450 1903 507 Eccle—
1930 452 1987 520 Α
2016 453 2261 511 desolati
2281 457 2341 511 in
2363 457 2494 513 istis
2512 459 2843 525 terrenis,et
2872 466 3068 518 tamen
3098 464 3213 519 Deo
3236 482 3408 522 suam
3431 469 3662 527 castita-

243 534 428 590 siam:
459 537 517 590 et
536 533 645 589 hoc
668 550 784 589 non
806 534 1188 600 enuntiativc,
1222 537 1322 590 sed
1350 537 1733 594 desiderative
1764 536 1899 595 Pro-

241 622 419 695 pheta
441 622 846 689 annuntiat,ut
862 641 980 679 suae
999 623 1212 679 mentis
1229 626 1590 682 affectionem
1607 630 1894 684 ostendat.

311 710 688 768 Continuatio
723 729 735 768 :
771 712 918 779 Quia
965 713 1218 785 impletae
1270 719 1410 770 sunt
1454 716 1895 788 promissiones,

239 802 564 874 perfectum
621 805 710 857 est
758 801 1228 869 tabernaculum,
1290 804 1441 874 ideo,
1488 823 1520 860 0
1565 828 1591 853 ‹‹
1631 806 1894 877 Domine,

234 907 418 963 surge
437 890 499 946 in
521 890 785 962 requiem
805 894 992 957 tuam,
1012 912 1040 939 »
1063 891 1121 946 id
1148 896 1238 947 est
1269 894 1538 957 ascende,
1564 917 1592 943 ‹‹
1617 898 1672 948 et
1704 917 1732 943 »
1766 899 1897 966 post

233 984 294 1035 te
330 980 616 1038 ascendat
642 1001 671 1030 ‹‹
705 996 863 1045 arca,
896 1001 925 1030 »
960 979 1018 1034 id
1051 984 1140 1035 est
1171 980 1447 1049 Ecclesia,
1478 982 1539 1037 in
1571 999 1686 1054 qua
1714 982 1896 1038 conti-

238 1074 456 1124 nentur
486 1068 785 1141 sapientia:
816 1073 875 1124 et
902 1068 1160 1125 scientiae
1195 1087 1207 1125 :
1242 1088 1377 1126 arca
1413 1070 1542 1127 dico
1573 1094 1600 1122 ‹‹
1634 1071 1892 1128 sanctifi-

237 1157 491 1213 cationis
519 1162 654 1226 tuae,
690 1179 719 1207 »
751 1157 809 1213 id
840 1160 950 1229 est,
983 1175 1161 1230 quam
1196 1162 1259 1215 tu
1288 1159 1643 1216 sanctiticas.

306 1247 377 1301 Et
393 1250 461 1302 ut
480 1263 617 1302 arca
644 1251 777 1318 post
803 1250 861 1303 te
891 1248 1079 1320 possit
1108 1249 1442 1316 ascendere,
1475 1248 1710 1305 interim
1742 1273 1772 1301 «
1805 1266 1894 1306 sa-

228 1335 501 1390 cerdotes
548 1334 635 1390 tui
670 1356 697 1385 ››
724 1334 1043 1392 servientes
1091 1336 1197 1391 tibi
1246 1338 1470 1404 devote,
1504 1361 1531 1387 «
1567 1338 1892 1394 induantur

222 1423 545 1495 justitiam,
580 1446 611 1474 »
641 1422 899 1480 habeant
945 1441 1050 1497 pro
1099 1424 1288 1480 infula
1317 1426 1580 1493 virtutes,
1613 1443 1741 1498 quae
1772 1427 1891 1483 sint

227 1513 316 1568 eis
363 1516 777 1569 ornamentum
832 1512 1065 1582 animae,
1089 1536 1117 1564 ‹‹
1142 1519 1199 1569 et
1217 1537 1247 1563 ››
1270 1514 1382 1587 ipsi
1406 1539 1433 1566 ‹‹
1459 1515 1648 1571 sancti
1678 1517 1760 1571 tui
1792 1533 1887 1572 ex-

225 1600 455 1659 sultent
486 1624 514 1651 »
547 1602 619 1658 de
646 1618 755 1659 sua
798 1602 1053 1676 justitia.
1085 1602 1211 1669 Vel,
1244 1604 1431 1659 sancti
1488 1604 1574 1659 tui
1632 1604 1889 1661 minores

228 1689 524 1747 exsultent
544 1692 615 1748 de
633 1708 740 1748 suo
760 1691 1114 1764 profectu,et
1137 1693 1209 1749 de
1228 1693 1554 1749 imitatione
1576 1694 1880 1751 bonorum.

299 1780 371 1836 Et
397 1780 539 1853 quia
566 1780 725 1837 videt
754 1779 815 1836 in
847 1780 1280 1838 illuminatione
1311 1783 1578 1855 gentium
1611 1784 1884 1839 excmcari

221 1869 484 1937 Judzeos,
514 1874 789 1943 precatur
836 1869 1019 1926 Deum
1066 1874 1133 1927 ut
1176 1871 1264 1926 vel
1284 1873 1455 1944 juxta
1484 1872 1659 1927 ﬁnem
1688 1872 1883 1928 visitet

221 1975 351 2016 eos.
374 1958 749 2015 Continuatio
783 1975 796 2015 :
830 1959 1172 2016 Sacerdotes
1199 1960 1523 2016 induantur
1541 1961 1795 2032 justitia,
1825 1964 1883 2018 et

221 2065 260 2104 ο
290 2071 319 2098 ι(
352 2048 670 2115 Domine,»
702 2047 908 2105 faciem
940 2049 1027 2104 tui
1058 2049 1296 2117 Christi,
1327 2049 1385 2105 id
1416 2055 1506 2106 est
1537 2055 1880 2122 praesentem

220 2142 286 2193 et
305 2136 524 2193 claram
547 2137 941 2210 cognitionem
966 2137 1095 2193 Filii
1119 2138 1360 2210 tui,quae
1385 2140 1558 2193 modo
1583 2143 1883 2195 aversaest

220 2244 259 2282 a
289 2226 533 2296 Judaeis,
565 2249 594 2277 α
627 2242 699 2282 ne
737 2230 964 2284 avertas
996 2250 1025 2276 »
1051 2228 1195 2299 quin
1240 2227 1557 2300 aliquando
1604 2228 1880 2284 ostendas

214 2315 466 2383 Judaeis,
498 2313 707 2372 saltem
756 2314 911 2372 circa
952 2316 1274 2372 novissima
1321 2321 1584 2389 tempora
1617 2334 1629 2372 :
1663 2321 1721 2372 et
1768 2316 1878 2372 hoc

210 2420 343 2461 non
391 2420 598 2477 precor
644 2408 879 2477 propter
920 2404 1133 2460 merita
1173 2422 1397 2468 eorum,
1431 2405 1549 2461 imo
1583 2428 1610 2456 ‹‹
1643 2409 1880 2481 propter

211 2492 406 2549 David
450 2509 685 2550 servum
736 2498 926 2559 tuum,
961 2515 988 2544 »
1041 2493 1100 2548 id
1148 2498 1259 2561 est,
1312 2498 1548 2566 propter
1598 2494 1874 2549 meritum

211 2581 414 2655 ipsius
460 2581 716 2639 Christi:
748 2587 808 2639 et
835 2582 930 2639 hic
961 2584 1135 2639 datur
1160 2582 1337 2656 plane
1366 2582 1613 2656 intelligi
1646 2582 1875 2637 nullum

211 2671 297 2726 de
314 2669 538 2726 meritis
561 2670 689 2727 suis
710 2671 919 2728 debere
940 2673 1422 2745 praesumere,sed
1439 2689 1672 2727 omnem
1696 2671 1879 2727 salva-

211 2759 444 2816 tionem
469 2776 541 2817 ex
568 2759 784 2817 Christi
816 2760 1042 2817 meritis
1072 2765 1431 2834 exspectem.

295 2870 328 2897 κ
357 2846 589 2904 Juravit
619 2847 924 2904 Dominus.
962 2870 991 2897 υ
1023 2848 1163 2905 Pars
1193 2847 1385 2904 tertia.
1417 2848 1556 2904 Dico
1588 2872 1614 2898 ‹‹
1640 2854 1878 2922 propter

213 2936 469 3008 David,»
499 2952 605 2992 nec
636 2936 861 3005 difﬁdo,
884 2958 913 2989 «
936 2938 1077 3009 quia
1104 2938 1387 2995 Dominus
1410 2960 1437 2988 »
1471 2938 1641 2995 Pater
1660 2962 1687 2990 «
1704 2941 1876 3011 jura-

212 3026 327 3093 νὴ,
364 3047 392 3074 ι»
441 3025 963 3097 ﬁrmiter'statuit,
1016 3048 1045 3077 ‹‹
1076 3026 1277 3093 David,
1316 3050 1343 3076 ››
1394 3027 1451 3081 id
1499 3031 1588 3083 est
1624 3027 1875 3096 Christo,

212 3138 240 3167 ι(
276 3114 609 3182 veritatem,
644 3138 675 3165 n
707 3116 848 3188 quia
895 3116 1049 3173 sicut
1090 3117 1380 3188 promisit,
1410 3117 1494 3172 sic
1526 3117 1873 3190 complevit;

2010 545 2129 596 tem
2153 545 2625 613 custodiunt,nec
2655 565 2789 603 cum
2826 550 3087 615 daemone
3118 553 3501 621 fornicantur,
3526 558 3661 614 «be-

2010 631 2285 687 nedicens
2316 634 2711 702 benedicam,»
2738 637 2794 691 id
2825 643 2914 693 est
2943 638 3179 695 assidue
3211 641 3656 714 multiplicando

2006 718 2341 787 virtutibus,
2373 745 2399 772 ‹‹
2433 741 2720 796 pauperes
2752 727 2880 797 ejus
2906 749 2933 776 »
2966 727 3101 783 Sion
3137 750 3164 779 «
3197 732 3473 787 saturabo
3498 733 3659 803 pani-

2007 807 2138 874 bus,
2177 832 2202 857 ››
2236 809 2293 864 id
2328 816 2416 866 est
2445 812 2738 884 spirituali
2771 816 3100 871 refectione.

2077 919 2105 946 «
2140 898 2480 956 Sacerdotes
2511 903 2640 972 ejus
2672 903 2912 959 induam
2945 904 3210 974 salutari,
3250 928 3275 956 »
3308 909 3364 963 id
3396 913 3486 966 est
3516 927 3653 966 con-

2005 985 2361 1043 formitatem
2394 989 2609 1045 Christi
2664 992 2961 1059 salutaris,
2994 994 3051 1049 id
3084 999 3173 1051 est
3202 994 3306 1049 ﬁlii
3339 997 3452 1052 mei
3486 1015 3499 1053 :
3534 1022 3563 1049 «
3596 1003 3655 1056 et

2003 1074 2211 1129 sancti.
2242 1077 2371 1146 ejus
2406 1101 2428 1127 ι
2467 1078 2742 1145 minores,
2777 1080 2880 1152 qui
2938 1083 3268 1139 sacerdotes
3324 1085 3651 1156 imitantur,

2003 1184 2031 1210 «
2064 1162 2453 1221 exsultatione
2473 1167 2901 1236 exsultabant,»
2922 1168 2978 1224 id
2998 1175 3087 1226 est
3104 1174 3331 1227 tantam
3351 1172 3655 1232 habebunt

1999 1250 2447 1331 exsultationem
2458 1272 2607 1326 ,quae
2621 1255 2782 1312 nullo
2804 1258 2976 1313 modo
2997 1258 3184 1315 valeat
3194 1260 3266 1315 ab
3278 1260 3363 1316 eis
3375 1264 3650 1320 amoveri.

2070 1361 2098 1386 «
2134 1338 2335 1407 Illuc,»
2367 1342 2425 1396 id
2458 1347 2547 1398 est
2576 1343 2635 1399 in
2669 1344 2769 1399 illa
2803 1345 2963 1412 Sion,
2997 1369 3024 1395 «
3050 1346 3393 1418 producam,
3423 1371 3449 1399 »
3481 1348 3538 1405 id
3564 1355 3654 1409 est

1998 1428 2303 1483 extendam
2336 1429 2395 1485 in
2431 1431 2626 1487 futuro
2648 1433 2877 1503 judicio
2910 1458 2937 1484 «
2968 1451 3149 1491 cornu
3182 1436 3386 1507 David,
3421 1461 3448 1488 ››
3478 1437 3535 1493 id
3567 1444 3657 1496 est

1996 1513 2338 1574 altitudines
2365 1518 2553 1590 ipsius
2583 1520 3222 1589 Christi,manifestans
3251 1524 3442 1598 ipsius
3458 1532 3655 1599 poten-

1998 1602 2141 1658 tiam
2174 1606 2452 1661 omnibus
2474 1613 2559 1664 :et
2589 1610 2824 1665 interim
2858 1631 2880 1655 ‹‹
2914 1613 3111 1682 paravi
3143 1613 3374 1670 Christo
3405 1632 3535 1673 meo
3562 1617 3653 1674 lu-

1997 1708 2252 1761 cernam,
2285 1717 2311 1741 »
2344 1694 2520 1751 veluti
2577 1697 2862 1755 Joannem
2897 1704 2956 1755 et
2998 1699 3146 1757 alios
3198 1719 3517 1774 praecones,
3550 1706 3653 1776 qui

1992 1780 2146 1836 viam
2180 1782 2420 1839 Domino
2451 1790 2863 1858 praepararent.

2063 1871 2404 1930 Sacerdotes
2444 1875 2687 1931 induam
2721 1875 2987 1945 salutari,
3022 1900 3051 1929 ‹‹
3082 1878 3354 1936 inimicos
3389 1901 3412 1934 ι
3449 1886 3646 1939 autem

1992 1984 2017 2008 ‹‹
2053 1960 2181 2032 ejus
2240 1961 2481 2018 induam
2542 1965 2905 2034 confusione,
2941 1988 2968 2015 »
3001 1966 3061 2023 id
3091 1973 3182 2024 est
3218 1969 3644 2039 erubescentia,

1988 2050 2226 2120 quando
2248 2051 2604 2107 descendent
2623 2053 2682 2108 in
2697 2053 2891 2126 ignem
2906 2059 3188 2111 internum
3205 2059 3642 2132 :«superipsum

1991 2140 2188 2192 autem
2226 2161 2252 2187 »
2283 2138 2582 2194 Christum
2614 2141 2958 2198 «.eltlorebit
3004 2144 3393 2202 sanctificatio
3423 2163 3574 2212 mea,
3610 2170 3640 2197 ››

1989 2226 2129 2298 quia
2149 2227 2278 2298 ejus
2300 2228 2685 2284 sanctificatio
2702 2235 2759 2285 et
2775 2230 2960 2303 gloria
2978 2232 3089 2287 erit
3108 2234 3635 2293 immarcescibilis.

2432 2317 2507 2374 IN
2550 2317 2898 2374 PSALMUM
2938 2320 3196 2378 CXXXII.

2343 2406 2597 2462 Trruws
2631 2423 2644 2461 :
2679 2408 2962 2464 Canticum
2988 2410 3281 2481 graduum.

2059 2514 2087 2543 ‹‹
2120 2493 2263 2549 Ecce
2294 2511 2472 2566 quam
2504 2495 2747 2551 bonum.
2777 2519 2804 2546 ››
2837 2497 2900 2552 In
2933 2497 3043 2554 hoc
3070 2499 3299 2572 psalmo
3329 2501 3639 2559 materiam

1987 2580 2207 2652 pariter
2227 2587 2284 2637 et
2300 2585 2547 2656 gradum
2571 2584 3065 2657 habet,Propheta
3095 2588 3468 2647 dilectionem
3501 2608 3642 2663 pro-

1986 2669 2211 2741 ximi,et
2230 2688 2357 2726 eam
2381 2674 2755 2729 commendat
2775 2673 3046 2745 pluribus
3069 2678 3288 2733 modis:
3313 2678 3641 2735 etintendit

1988 2775 2094 2813 nos
2107 2758 2350 2815 invitare
2363 2765 2427 2815 ut
2439 2760 2620 2816 istum
2634 2762 2882 2834 gradum
2896 2765 3511 2833 conscendamus,sine
3523 2784 3639 2839 quo

1988 2848 2057 2903 ad
2084 2865 2400 2921 supernam
2424 2849 2786 2907 Hierusalem
2809 2852 3136 2926 pertingere
3157 2871 3274 2909 non
3295 2870 3636 2926 possumus.

2056 2938 2135 2992 Ac
2165 2936 2214 2993 si
2246 2937 2329 2992 ita
2359 2937 2577 2993 diceret
2611 2956 2624 2994 :
2659 2938 2773 2994 Vos
2800 2940 3034 3012 fratres,
3066 2941 3165 3013 qui
3210 2958 3315 3015 per
3356 2943 3638 3001 meritum

1988 3024 2200 3080 Christi
2233 3024 2635 3095 collecti,Sion
2671 3027 2809 3083 facti
2839 3029 3003 3096 estis,
3027 3049 3051 3075 (ι
3074 3046 3207 3087 ecce
3238 3049 3262 3075 »ι
3295 3030 3435 3103 quid
3467 3026 3638 3088 nobis

1988 3116 2190 3181 restat,
2218 3134 2240 3157 ‹ι
2273 3112 2540 3170 habitare
2571 3116 2629 3171 in
2661 3134 2846 3171 unum
2878 3145 2901 3171 ››
2934 3121 2999 3173 ut
3030 3142 3057 3169 ‹‹
3088 3118 3353 3192 fratres,»
3376 3118 3434 3174 id
3464 3123 3553 3175 est
3572 3122 3640 3177 ut

218 3227 245 3256 α
269 3208 336 3260 et
357 3220 476 3259 non
500 3187 884 3261 frustrabitur
910 3223 1044 3261 eum
1071 3187 1107 3254 »ί
1130 3204 1209 3260 ita
1241 3205 1440 3261 dicens
1465 3224 1478 3261 :
1516 3229 1543 3258 «
1575 3187 1879 3263 θετηιοω
1911 3187 1955 3254 C
1989 3203 2304 3258 fraternam
2328 3203 2673 3260 charitatem
2696 3205 2860 3262 vobis
2882 3206 3128 3263 invicem
3151 3187 3637 3265 exhibeatis.ldeo

214 3293 445 3349 ventris
471 3291 581 3359 tui,
612 3313 641 3347 ι
677 3292 736 3349 id
759 3297 854 3349 est
909 3294 981 3349 de
1041 3295 1335 3366 generatis
1392 3312 1497 3367 per
1549 3296 1878 3352 doctrinam

213 3388 543 3455 tuamque:
573 3387 777 3439 venter
806 3383 1042 3451 dicitur,
1061 3382 1200 3456 quia
1222 3384 1482 3439 continet
1502 3384 1561 3439 in
1585 3401 1647 3440 se
1668 3402 1882 3442 arcana

212 3472 324 3528 Dei
345 3476 404 3527 et
434 3471 622 3527 nutrit
646 3471 1100 3540 homines,sicut
1128 3477 1332 3529 venter
1360 3490 1641 3546 puerum:
1667 3474 1739 3530 de
1765 3474 1880 3530 illis

214 3559 520 3633 generatis
551 3557 636 3615 sic
667 3582 696 3611 ‹‹
728 3576 944 3632 ponam
976 3578 1154 3633 super
1196 3561 1393 3617 sedem
1428 3566 1610 3630 tuam,
1645 3586 1666 3613 ιι
1700 3563 1759 3617 id
1792 3566 1882 3619 est

213 3649 437 3705 faciam
467 3664 569 3705 eos
590 3648 863 3705 doctores
910 3649 1064 3706 sicut
1114 3654 1179 3705 tu
1224 3649 1388 3705 fuisti
1418 3650 1475 3705 in
1508 3651 1615 3706 hac
1651 3650 1787 3717 vita,
1823 3655 1882 3707 et

213 3739 397 3795 etiam
422 3737 695 3809 judicare
726 3742 917 3796 totum
947 3740 1257 3795 mundum.

290 3849 323 3880 α
346 3828 571 3884 Ponam
595 3850 625 3877 »
648 3828 777 3885 dico
800 3828 911 3886 hoc
928 3833 1122 3901 pacto,
1143 3851 1172 3878 ‹‹
1187 3829 1237 3885 si
1255 3828 1359 3883 filii
1387 3828 1472 3884 tui
1497 3829 1882 3885 custodierint

215 3920 647 3974 testamentum
670 3934 891 3986 meum,
918 3940 946 3968 »
971 3917 1028 3973 id
1060 3922 1152 3974 est
1180 3922 1469 3990 prmoepta
1495 3917 1705 3973 veteris
1734 3917 1880 3991 legis

216 4011 278 4061 et
300 4006 885 4079 prophetarum,quae
914 4006 1217 4080 proferunt
1242 4006 1646 4062 testimonium
1666 4010 1880 4061 nostra:

212 4094 393 4152 ﬁdei:
430 4116 460 4147 α
487 4099 548 4152 et
571 4095 915 4152 testimonia
944 4112 1076 4151 mea
1105 4095 1227 4150 haec
1255 4113 1382 4167 quae
1406 4117 1433 4145 »
1463 4112 1568 4168 ego
1601 4118 1628 4145 «
1662 4095 1880 4151 docebo

212 4198 343 4255 eos,
370 4208 399 4236 ι
439 4201 561 4240 non
591 4200 719 4257 qua:
747 4183 864 4257 ipsi
894 4201 964 4241 ex
993 4201 1101 4241 sua
1134 4183 1248 4240 sibi
1287 4189 1451 4256 parte
1481 4183 1877 4240 adinvcniant.

288 4271 423 4328 Filii
446 4272 535 4329 tui
565 4272 860 4329 sedebunt
888 4290 1068 4347 super
1096 4273 1297 4329 sedem
1330 4276 1515 4340 tuam,
1536 4277 1679 4329 «et»
1702 4272 1879 4329 etiam

218 4381 248 4408 α
280 4357 391 4415 ﬁlii
420 4375 655 4429 eorum,
687 4382 716 4409 ››
748 4360 809 4416 id
840 4365 933 4417 est
962 4360 1309 4427 imitatores,
1339 4382 1366 4408 ‹‹
1402 4376 1589 4431 usque
1620 4359 1679 4414 in
1707 4376 1882 4414 saecu-

214 4446 371 4521 lum,
400 4470 430 4500 ιι
461 4448 524 4504 id
554 4452 645 4505 est
669 4448 932 4521 quandiu
963 4448 1200 4505 durabit
1227 4446 1508 4505 saeculum
1528 4464 1542 4502 :
1566 4447 1742 4504 etiam
1774 4447 1880 4502 filii

205 4536 681 4594 novissimorum
727 4541 1060 4611 temporum
1093 4560 1121 4587 ‹‹
1155 4537 1445 4594 sedebant
1475 4553 1653 4608 super
1680 4538 1877 4592 sedem
1910 4559 1960 4624 Β

210 4629 410 4693 tuam,
440 4650 464 4677 ι
497 4630 569 4683 ut
596 4644 797 4699 supra.

288 4716 574 4772 Promisit
602 4716 857 4784 Christo,
894 4717 1049 4789 quod
1100 4715 1182 4772 sic
1233 4716 1505 4771 sederent
1548 4714 1652 4769 ﬁlii
1681 4714 1794 4781 sui,
1828 4720 1884 4771 et

209 4803 329 4861 hoc
361 4821 477 4860 non
516 4805 846 4861 secundum
896 4806 1108 4861 merita
1151 4822 1377 4872 eorum,
1410 4826 1437 4854 ‹‹
1471 4804 1571 4859 sed
1604 4806 1883 4876 quoniam

208 4892 511 4950 Dominus
539 4893 719 4968 elegit
748 4894 909 4959 Sion,
942 4914 971 4943 ››
1005 4893 1060 4948 id
1095 4898 1183 4949 est
1214 4892 1554 4959 Ecclesiam,
1589 4917 1615 4943 ‹‹
1649 4893 1822 4965 elegit
1854 4916 1883 4943 »

207 4981 353 5037 dico
382 4999 550 5038 «eam
571 4982 633 5038 in
656 4982 1078 5038 habitationem
1103 4981 1277 5048 sibi,»
1312 4987 1376 5036 ut
1408 4999 1521 5037 non
1554 4982 1626 5037 ad
1657 4983 1881 5048 horam,

208 5071 320 5126 sed
359 5072 597 5128 assidue
627 5071 986 5129 inhabitaret
1014 5089 1167 5129 eam.

289 5182 324 5211 α
358 5160 548 5235 Elegit
576 5184 606 5213 »
643 5160 881 5228 dico,ita
909 5161 1112 5217 dicens
1146 5178 1159 5217 :
1196 5184 1223 5211 ‹‹
1256 5161 1385 5216 Ηωο
1410 5184 1437 5209 ››
1471 5160 1692 5216 scilicet
1723 5160 1882 5227 Sion,

205 5253 305 5305 est
339 5272 374 5300 ς(
403 5250 637 5324 requies
668 5267 842 5307 mea»
878 5249 939 5305 in
970 5267 1089 5322 qua
1122 5250 1424 5323 requiesco
1457 5266 1469 5304 :
1507 5267 1619 5304 non
1655 5254 1883 5305 tantum

205 5337 272 5393 in
299 5338 420 5394 hac
437 5338 696 5406 vita,sed
731 5339 841 5394 «in
874 5338 1158 5395 saeculum
1184 5362 1211 5388 ››
1242 5337 1679 5394 subsecutivum
1706 5338 1885 5410 hujus

206 5451 236 5479 σι
272 5427 484 5484 εωθωὶ
518 5445 533 5484 :
566 5428 664 5484 hic
689 5446 702 5485 ε
729 5453 752 5482 ι
790 5426 851 5483 id
883 5432 973 5486 est
1001 5427 1062 5483 in
1094 5428 1204 5484 hac
1234 5426 1491 5483 Ecclesia
1529 5450 1555 5477 ‹‹
1587 5426 1882 5494 habitabo,

203 5516 505 5591 quoniam
537 5517 687 5592 elegi
718 5534 870 5574 eam.
905 5540 928 5572 ι

280 5631 315 5660 ι(
351 5605 608 5665 Viduam
639 5608 771 5681 ejus
806 5631 834 5658 »
867 5606 1161 5677 Ecclesiae,
1189 5606 1249 5664 id
1291 5612 1379 5665 est
1426 5606 1557 5663 illos
1606 5608 1705 5682 qui
1748 5612 1889 5666 sunt

544 5736 820 5802 ΡΑτιιοι..
867 5735 1071 5803 CXVI.

1989 3290 2185 3362 potius
2202 3290 2376 3363 elegit
2406 3292 2725 3349 fraternam
2756 3293 3129 3351 dilectionem
3159 3295 3639 3369 persuadere,qui

1988 3397 2116 3435 eam
2140 3396 2268 3451 qua:
2281 3380 2534 3437 estinter
2545 3387 2771 3454 patrem
2796 3401 2864 3440 ac
2884 3382 3149 3454 tilios,vel
3163 3384 3419 3458 aliquem
3438 3384 3642 3457 talem,

1989 3468 2127 3541 quia
2147 3486 2214 3524 ea
2235 3486 2361 3540 quae
2382 3474 2472 3525 est
2499 3469 2651 3528 inter
2680 3472 3173 3541 fratres,maxima
3199 3478 3290 3531 est
3318 3474 3378 3529 in
3409 3471 3644 3547 {squali-

1988 3562 2144 3613 tate:
2173 3575 2287 3613 non
2316 3564 2552 3631 propter
2572 3560 2682 3615 hoc
2716 3561 2857 3616 dicit
2886 3561 3153 3618 habitare
3183 3562 3242 3617 in
3271 3560 3641 3634 unum,q'uod

1990 3650 2224 3700 moneat
2252 3663 2357 3701 nos
2387 3648 2460 3702 ad
2493 3647 2736 3703 localem
2769 3649 2955 3705 solam
2988 3649 3645 3722 habitationem,quam-

1986 3734 2075 3789 vis
2097 3734 2273 3789 etiam
2297 3735 2515 3790 bonum
2540 3735 2616 3791 sit
2637 3736 2896 3793 localiter
2924 3736 3104 3794 simul
3134 3737 3530 3807 habitare,sed
3552 3735 3641 3793 in-

1989 3822 2271 3895 telligitin
2286 3841 2471 3878 unum
2493 3824 2758 3881 habitare
2780 3825 3077 3897 quoslibet
3097 3826 3356 3882 diversos
3381 3843 3447 3881 ac
3463 3843 3645 3882 remo-

1989 3915 2101 3979 tos,
2135 3914 2192 3966 et
2219 3912 2395 3966 etiam
2427 3930 2708 3985 personas
2740 3930 2866 3986 quae
2897 3931 2966 3971 ex
2994 3912 3240 3970 diversis
3270 3912 3480 3970 officiis
3513 3914 3638 3972 suis

1989 3999 2102 4056 sibi
2137 4001 2511 4057 subserviunt
2542 4001 2811 4071 invicem,
2847 4006 2904 4059 et
2932 4003 3003 4059 ad
3038 4003 3326 4060 unitatem
3369 4002 3640 4074 tendunt,

1990 4106 2056 4144 ac
2076 4087 2305 4145 vinculo
2324 4090 2459 4145 ﬁdei
2490 4090 2756 4162 ejusdem
2779 4096 2836 4148 et
2856 4090 3189 4148 dilectionis
3210 4090 3463 4165 colligati
3478 4096 3640 4164 sunt,

1989 4182 2056 4233 ut
2076 4195 2191 4233 non
2214 4179 2369 4233 dicat
2390 4179 2578 4251 major
2597 4179 2840 4236 minori:
2861 4180 2986 4236 Non
3005 4197 3144 4254 egeo
3165 4179 3379 4237 auxilio
3393 4184 3493 4237 tuo
3510 4198 3522 4238 :
3539 4172 3643 4237 sed

1990 4271 2156 4323 orent
2186 4266 2281 4323 alii
2311 4284 2415 4340 pro
2447 4268 2663 4337 aliis,et
2693 4268 2885 4325 cazteri
2916 4269 3184 4342 expleant
3213 4287 3322 4327 sua
3344 4287 3480 4326 cum
3508 4268 3645 4328 dile-

1988 4358 2178 4414 ctione
2207 4357 2434 4413 ol‘ficia:
2468 4361 2671 4429 pascat
2699 4358 2957 4415 rusticus
2988 4357 3568 4427 clericum,similiter
3587 4356 3645 4429 et

1990 4445 2088 4502 alii
2112 4446 2336 4502 debetis
2357 4446 2619 4502 habitare
2653 4446 2713 4501 in
2736 4446 3092 4517 unum,quia
3112 4468 3139 4496 «
3164 4446 3407 4514 bonum,
3424 4467 3453 4496 »
3476 4446 3533 4500 id
3555 4448 3645 4502 est

1992 4535 2303 4607 utile,quia
2322 4534 2585 4607 exemplo
2616 4535 2759 4590 bene
2792 4532 3385 4599 habitantium,multi
3405 4533 3645 4605 capiunt

1991 4625 2107 4681 sibi
2128 4625 2502 4680 commodum
2525 4625 2688 4679 bonae
2721 4622 3187 4692 habitationis,et
3213 4646 3243 4673 «
3276 4639 3456 4694 quam
3488 4644 3516 4673 ››
3548 4623 3645 4678 bo-

1995 4734 2135 4770 num
2150 4715 2276 4770 est?
2291 4715 2522 4770 Inﬁnite
2535 4712 3646 4785 quidemzuetquamjucundumnsuave

1992 4811 2049 4861 et
2079 4802 2465 4859 delectabile?
2499 4802 2729 4859 Infinite
2761 4803 3052 4861 similiter.

2064 4896 2217 4949 Bene
2266 4894 2395 4948 dico
2436 4893 2773 4963 jucundum
2833 4910 2961 4950 esse
3018 4892 3285 4951 habitare
3335 4895 3544 4950 fratres
3583 4891 3643 4947 in

1995 5001 2199 5052 unum,
2232 4983 2431 5053 «_sicut
2453 4988 2821 5055 unguentum
2848 4983 2904 5038 in
2928 4983 3139 5056 capite,
3162 4983 3316 5056 quod
3347 4980 3646 5039 descendit

1992 5074 2050 5128 in
2084 5073 2351 5137 barbam,
2382 5071 2625 5127 barbam
2659 5073 2873 5127 Aaron.
2910 5095 2937 5121 ››
3440 5076 3457 5093 '

2066 5186 2092 5213 ‹‹
2128 5161 2290 5228 Quod
2321 5183 2349 5211 ››
2383 5161 2559 5216 etiam
2589 5184 2615 5210 ‹‹
2651 5160 2953 5216 descendit
3003 5161 3060 5215 in
3111 5168 3273 5216 oram
3308 5159 3644 5216 vestimenti

1992 5254 2180 5325 ejus.»
2211 5249 2501 5323 Unguenti
2533 5249 2978 5305 similitudinem
3012 5248 3254 5315 inducit,
3274 5248 3413 5320 quia
3441 5249 3501 5304 in
3532 5266 3642 5304 un-

1994 5346 2210 5415 guento
2234 5341 2486 5395 maxime
2510 5338 2831 5393 delectatur
2849 5343 2906 5392 et
2928 5339 3154 5393 fovetur
3174 5355 3329 5394 caro.
3353 5338 3434 5394 De
3452 5338 3643 5393 Aaron

1995 5432 2125 5487 ideo
2156 5429 2318 5494 dicit,
2335 5428 2473 5499 quia
2500 5427 2620 5498 ipse
2655 5426 2764 5481 fuit
2788 5426 3014 5498 primus
3048 5427 3328 5483 inunctus
3350 5426 3641 5499 sacerdos,

1996 5523 2169 5594 cujus
2199 5518 2396 5574 unctio
2429 5521 2546 5570 tam
2580 5514 2816 5588 copiosa
2846 5515 3138 5590 fuit,quod
3168 5516 3411 5574 defluxit
3438 5517 3498 5572 in
3521 5517 3647 5574 bar-

1996 5614 2132 5671 bam
2165 5614 2223 5667 et
2251 5608 2311 5665 in
2343 5604 2624 5663 ulteriora
2646 5605 3011 5664 vestimenta.
3039 5607 3141 5665 Est
3170 5610 3368 5666 autem
3399 5605 3647 5686 mystica

3239 5738 3317 5803 21
