4060 6180
234 353 352 414 653

1417 347 1912 417 EXI‘LANA’I‘IO
1956 356 2032 415 IN
2077 351 2493 420 PSALMOS.‘

3518 366 3639 425 654

306 487 441 543 Ideo
471 487 648 543 etiam
681 487 904 543 debetis
934 487 1183 560 psallere
1214 488 1287 557 ei,
1322 513 1349 539 ‹‹
1379 489 1656 561 quoniam
1690 512 1713 542 ι
1760 489 1885 562 ipse
1911 491 1966 559 Α
1996 504 2124 545 cere
2152 490 2353 547 oculos
2384 491 2716 562 hominum,
2747 494 2848 565 qui
2880 498 2969 550 est
2998 511 3095 550 rex
3123 496 3389 554 omnium
3419 501 3639 555 amari-

230 598 259 625 ‹‹
297 575 582 632 Dominus
610 575 785 649 elegit
809 577 1012 646 Jacob,
1050 600 1077 625 ››
1108 577 1167 632 id
1212 582 1322 647 est,
1354 578 1702 633 luctatorem
1750 595 1883 633 con-

228 669 321 720 tra
347 663 464 720 vita
494 687 524 714 «
556 665 616 718 in
647 665 1077 736 possessionem
1110 666 1245 731 sibi,
1281 690 1308 715 ››
1342 666 1582 733 scilicet,
1607 667 1882 722 utomnia

227 769 365 808 cum
379 753 759 824 jucunditate
787 753 1201 827 possideantur
1230 772 1264 810 a
1312 756 1449 811 Deo.
1481 755 1582 811 Vel
1616 780 1642 805 «
1680 755 1812 823 sibi,
1851 778 1878 805 ››

226 842 339 898 hoc
368 847 477 909 est,
512 842 585 898 ad
629 843 931 899 servitium
963 861 1178 899 suum:
1219 868 1240 895 α
1278 844 1453 900 Israel
1490 868 1517 893 ››
1568 849 1784 912 autem,
1820 846 1877 899 id

224 935 334 999 est,
360 931 553 987 virum
582 930 878 988 videntem
910 932 1095 988 Deum
1125 932 1269 988 facie
1316 934 1389 989 ad
1424 933 1651 1000 faciem,
1686 934 1743 988 in
1778 934 1878 989 illa

222 1020 343 1074 vita
373 1020 572 1093 elegit,
605 1038 720 1076 non
754 1025 819 1075 ut
858 1022 985 1093 jam
1038 1020 1294 1077 luctetur
1339 1027 1542 1078 contra
1582 1022 1741 1094 vitia,
1764 1023 1875 1079 aed

222 1109 279 1164 in
314 1109 746 1182 possessionem
778 1110 913 1179 sibi,
941 1110 998 1165 id
1031 1115 1138 1179 est,
1173 1116 1239 1166 ut
1264 1128 1397 1167 eum
1432 1128 1629 1167 secum
1653 1112 1711 1166 in
1731 1127 1874 1184 gau-

223 1199 320 1254 dio
350 1197 611 1271 positum
637 1199 955 1272 possideat.

294 1287 430 1343 Ideo
476 1287 653 1344 etiam
701 1288 955 1358 laudate,
990 1289 1130 1361 quia
1164 1312 1190 1339 ››
1243 1289 1368 1362 ipse
1398 1314 1425 1340 «
1459 1289 1745 1346 Dominus
1783 1294 1874 1345 est

220 1392 496 1449 magnus,
515 1399 543 1426 »
571 1376 629 1432 id
660 1381 749 1433 est
778 1377 1184 1449 omnipotens:
1205 1383 1262 1434 et
1291 1379 1402 1434 hoc
1430 1380 1584 1451 quod
1620 1394 1874 1450 magnus

217 1465 298 1521 sit
328 1465 565 1533 credite,
597 1466 739 1539 quia
770 1489 799 1517 ί(
829 1482 935 1540 ego
968 1468 1209 1540 cognovi
1244 1491 1271 1516 »
1302 1485 1405 1541 per
1436 1468 1718 1541 Spiritum
1743 1462 1872 1524 San-

216 1559 383 1610 ctum
418 1571 433 1611 :
468 1576 497 1605 ‹‹
529 1557 588 1610 et
617 1576 645 1604 ››
676 1554 801 1627 ipse
831 1555 985 1612 idem
1018 1579 1045 1606 ‹‹
1082 1557 1236 1613 Deus
1269 1560 1467 1613 noster
1498 1580 1526 1606 »
1555 1561 1644 1626 est
1683 1580 1711 1608 «
1754 1574 1869 1629 prae

214 1642 498 1699 omnibus
528 1642 641 1699 diis
673 1666 701 1694 ››
741 1661 889 1717 quos
936 1644 1063 1717 ipse
1111 1645 1463 1702 aedificavit:
1511 1663 1627 1702 non
1676 1646 1869 1703 solum

213 1731 382 1789 falsis
413 1731 527 1788 diis
556 1732 842 1805 gentium,
876 1733 993 1789 imo
1024 1734 1171 1807 ipsis
1214 1735 1440 1808 angelis
1468 1741 1527 1791 et
1565 1736 1698 1791 aliis
1730 1737 1865 1792 diis.

286 1821 358 1877 Et
383 1837 515 1877 vere
564 1820 690 1895 ipse
738 1826 829 1879 est
876 1839 993 1894 prie
1045 1823 1322 1880 omnibus
1372 1824 1489 1879 illis
1535 1824 1669 1893 diis,
1727 1825 1867 1898 quia

209 1909 414 1966 omnia
449 1927 815 1983 qumcunque
845 1910 1047 1981 voluit,
1079 1912 1215 1968 fecit
1244 1912 1303 1967 in
1336 1913 1479 1970 coelo
1510 1918 1567 1969 et
1596 1914 1654 1969 in
1687 1919 1862 1980 terra,

204 2003 269 2056 et
295 1998 357 2054 in
388 1999 536 2056 mari
571 2022 600 2050 »
629 1999 943 2073 navigabili
976 2004 1033 2057 et
1058 2003 1482 2070 transmeabili,
1515 2026 1543 2053 ‹‹
1578 2007 1635 2059 et
1673 2005 1861 2060 omni-

202 2088 323 2144 bus
347 2089 601 2162 abyssis,
640 2112 668 2139 ››
697 2088 940 2158 εἰοιλῌη
972 2089 1219 2147 Oceano.

278 2177 550 2234 Ostendit
577 2179 845 2249 quaedam
858 2178 1303 2253 mirabilia,quze
1316 2180 1443 2253 ipse
1458 2182 1592 2237 fecit
1605 2182 1662 2237 in
1676 2187 1857 2239 terra:

199 2266 396 2322 ethoc
416 2265 662 2338 scilicet,
689 2288 718 2318 «
737 2268 1006 2324 Educens
1028 2269 1215 2324 nubes
1235 2270 1307 2325 ab
1329 2274 1586 2326 extremo
1608 2275 1804 2327 terrae:
1832 2295 1859 2321 »

199 2355 330 2410 haec
360 2355 564 2412 omnia
591 2356 665 2412 ad
694 2355 950 2412 litteram
980 2374 1301 2429 possumus
1330 2358 1540 2431 legere,
1576 2365 1772 2416 tamen
1802 2365 1860 2416 et

198 2443 516 2516 allegorice
539 2443 835 2518 leguntur,
849 2445 1004 2501 sicut
1026 2447 1231 2515 nubes,
1248 2447 1305 2502 id
1331 2452 1442 2514 est,
1458 2453 1691 2504 sanctos
1708 2466 1860 2521 prae-

199 2533 499 2589 dicatores
529 2534 730 2590 eduxit
758 2534 830 2590 ab
857 2538 1116 2591 extremo
1144 2539 1331 2605 terrae,
1366 2537 1424 2591 id
1455 2542 1562 2605 est,
1598 2538 1669 2592 de
1705 2538 1859 2593 vilis-

199 2623 362 2678 simo
390 2639 601 2695 genere
624 2622 803 2695 hujus
836 2623 1030 2679 saeculi
1062 2647 1089 2675 «
1115 2624 1269 2680 sicut
1295 2627 1472 2681 Amos
1494 2626 1858 2698 prephetade

200 2711 481 2768 custodia
506 2711 833 2767 bidentium
863 2712 976 2767 fuit
1006 2718 1302 2785 acceptus,
1337 2719 1393 2768 et
1416 2714 1640 2781 Petrus,
1671 2721 1729 2770 et
1759 2715 1857 2771 alii

198 2800 430 2874 plures,
466 2823 496 2850 »
525 2801 611 2857 sic
640 2805 699 2857 et
729 2824 757 2852 «
791 2800 1047 2876 fulgura,
1080 2825 1110 2852 »
1142 2803 1199 2857 id
1231 2808 1339 2871 est,
1372 2803 1857 2861 comminationes

199 2888 641 2962 praedicationis
681 2900 883 2947 earum
928 2914 955 2941 «
990 2891 1049 2946 in
1095 2890 1353 2963 pluviam
1403 2892 1561 2961 fecit,
1596 2915 1623 2943 »
1656 2893 1713 2949 id
1744 2897 1853 2960 est,

1993 578 2255 633 cautium
2287 579 2346 634 in
2378 582 2633 652 peccatis
2664 582 2836 637 istius
2866 583 2993 638 vitae
3027 600 3041 639 :
3077 607 3104 634 «
3138 590 3195 640 et
3233 608 3260 635 »
3293 588 3469 643 etiam
3503 605 3640 661 per-

1991 668 2179 722 cus.~it
2208 692 2233 717 ‹‹
2254 670 2340 742 0g
2371 686 2568 743 regem
2600 672 2847 726 Basan.»
2876 672 2961 745 0g
2980 672 3397 745 interpretatur
3415 679 3635 734 conclu-

1987 757 2089 822 sio,
2127 758 2312 812 Basan
2327 761 2573 830 cmi/asia
2591 779 2609 814 :
2640 778 2743 831 per
2758 760 3273 834 hocintelligemus
3285 764 3632 835 daemonem,

1988 846 2086 916 qui
2115 847 2412 903 concludit
2441 850 2717 905 confusos
2748 850 2807 905 in
2840 856 3097 923 peccato,
3120 868 3192 907 ne
3218 851 3373 908 viam
3403 854 3635 910 valeant

1985 932 2247 991 invenire
2290 936 2546 992 salutis:
2598 961 2625 988 «
2688 942 2744 993 et
2795 940 2993 994 omnia
3039 957 3221 1012 regna
3269 941 3566 998 Chanaan.
3602 966 3630 993 υ

1986 1021 2260 1078 Chanaan
2291 1024 2574 1081 descmsus
2606 1026 3042 1099 interpretatur,
3063 1033 3121 1083 et
3150 1046 3252 1100 per
3276 1029 3386 1086 hoc
3415 1030 3630 1088 intelli-

1983 1110 2181 1181 gimus
2212 1128 2311 1167 eos
2341 1113 2441 1184 qui
2469 1113 2766 1169 declinant
2795 1116 2867 1170 de
2897 1115 3049 1171 bono
3080 1117 3153 1171 ad
3185 1116 3430 1173 malum.

2055 1222 2081 1248 ‹‹
2119 1200 2188 1255 Et
2220 1205 2434 1257 terram
2470 1218 2670 1258 eorum
2705 1202 3126 1273 haereditatcm,
3162 1227 3192 1254 »
3224 1205 3281 1260 id
3312 1209 3631 1277 est,coeles-

1983 1290 2102 1342 tem
2134 1289 2407 1360 patriam,
2441 1308 2619 1363 quam
2652 1308 2755 1364 per
2786 1309 2954 1348 suam
2988 1294 3325 1366 superbiam
3356 1297 3628 1367 perdide-

1983 1381 2119 1430 runt
2148 1378 2465 1447 daemones,
2500 1404 2527 1429 ‹‹
2561 1380 2723 1436 dedit
2770 1380 3171 1437 hmreditatem
3219 1383 3397 1439 Israel
3433 1406 3461 1433 »
3510 1402 3625 1440 non

1980 1464 2310 1537 cuicunque
2342 1467 2539 1535 Israel,
2573 1469 2675 1524 sed
2710 1490 2737 1520 ‹‹
2768 1469 2985 1541 populo
3015 1486 3144 1526 suo.
3170 1493 3198 1520 »

2051 1554 2119 1608 Et
2149 1555 2289 1626 quia
2339 1555 2459 1612 haec
2506 1557 2706 1612 omnia
2753 1557 2964 1627 fecisti,
3015 1575 3048 1614 o
3093 1559 3357 1630 Domine,
3410 1579 3625 1620 nomen

1977 1643 2169 1709 tuum,
2206 1665 2234 1692 »
2266 1643 2325 1698 id
2356 1648 2464 1713 est,
2498 1645 2656 1700 fama
2686 1650 2743 1701 et
2789 1645 2921 1703 laus
2968 1652 3071 1703 tua
3117 1648 3227 1704 erit
3275 1672 3302 1699 «
3337 1650 3397 1705 in
3451 1656 3623 1707 aeter-

1977 1746 2161 1799 num;
2193 1735 2251 1786 et
2282 1732 2622 1789 memoriale
2655 1738 2848 1803 tuum,
2883 1757 2912 1785 »
2959 1735 3017 1791 id
3067 1741 3174 1805 est,
3209 1738 3385 1794 verba
3431 1743 3555 1810 tua,
3586 1758 3620 1795 0

1975 1818 2240 1888 Domine,
2274 1837 2399 1892 qua:
2430 1821 2502 1877 de
2537 1827 2589 1877 te
2631 1829 2956 1896 suggerunt
2999 1825 3168 1881 nobis
3217 1842 3450 1899 semper
3496 1844 3618 1884 me-

1976 1908 2246 1981 moriam,
2280 1910 2388 1965 crit
2419 1934 2446 1961 «
2483 1909 2543 1965 in
2574 1913 2947 1984 generatione
2990 1918 3048 1969 et
3094 1914 3553 1987 generationem,
3587 1940 3617 1967 »

1974 1997 2031 2052 id
2083 2001 2193 2067 est,
2226 2015 2416 2071 usque
2464 2000 2537 2055 ad
2586 2000 2742 2055 diem
2792 2006 3097 2071 aeternum,
3131 2002 3273 2076 quia
3317 2005 3529 2061 ccslum
3560 2010 3619 2063 et

1973 2090 2125 2142 terra
2156 2088 2512 2157 transibunt,
2545 2089 2721 2145 verba
2749 2094 2945 2147 autem
2978 2096 3079 2147 tua
3104 2108 3220 2148 non
3256 2095 3613 2152 transibunt.

2043 2175 2168 2230 Non
2190 2175 2498 2244 transient,
2515 2181 2572 2232 et
2594 2176 2702 2232 hoc
2724 2178 2835 2233 erit
2857 2179 3194 2236 memoriale
3222 2181 3283 2236 in
3308 2185 3614 2252 internum,

1972 2286 1999 2312 ‹‹
2035 2262 2173 2335 quia
2194 2265 2485 2335 judicabit
2514 2266 2799 2321 Dominus
2835 2289 2862 2316 ››
2895 2270 3236 2326 excmcando
3272 2293 3301 2320 ‹‹
3330 2271 3617 2343 populum

1970 2368 2145 2407 suum
2180 2375 2208 2419 η
2230 2354 2396 2423 justo
2419 2353 2646 2425 judicio
2669 2372 2797 2423 suo,
2822 2378 2849 2404 ‹‹
2883 2359 2940 2411 et
2969 2355 3029 2411 in
3062 2357 3245 2414 servis
3274 2357 3398 2414 suis
3422 2381 3451 2409 »
3481 2360 3618 2416 fide-

1970 2439 2125 2496 libus
2156 2441 2289 2509 sibi,
2316 2464 2343 2490 «
2364 2442 2775 2514 deprecabitur
2806 2466 2835 2493 »
2866 2443 2923 2499 id
2955 2446 3465 2518 est,deprecabilis
3481 2449 3612 2507 erit.

2041 2552 2069 2579 ‹‹
2103 2529 2488 2585 Simulacra.»
2516 2531 2654 2586 Pars
2687 2533 2965 2588 secunda.
2980 2533 3371 2592 Continuatio:
3388 2538 3615 2593 Tantus

1967 2622 2057 2673 est
2088 2618 2241 2673 Deus
2273 2623 2490 2687 noster,
2524 2621 2623 2691 qui
2657 2625 2817 2676 tanta
2849 2621 3141 2678 mirabilia
3169 2624 3327 2694 facit,
3347 2626 3447 2681 sed
3481 2649 3506 2675 ‹‹
3541 2627 3616 2683 si-

1968 2706 2229 2762 mulacra
2272 2708 2537 2779 gentium
2572 2732 2600 2759 »
2652 2708 2761 2765 hoc
2805 2728 2919 2765 non
2969 2715 3235 2782 possunt,
3287 2714 3427 2784 quia
3472 2720 3615 2771 sunt

1968 2818 1994 2845 ‹‹
2029 2813 2241 2851 aurum
2272 2800 2330 2851 et
2359 2801 2689 2869 argentum.
2723 2814 2901 2869 opera
2928 2815 3215 2854 manuum
3231 2798 3610 2868 hominum;»

1965 2884 2024 2938 in
2057 2902 2171 2957 quo
2202 2884 2367 2940 stulti
2400 2890 2683 2957 apparent
2702 2887 2801 2958 qui
2834 2890 2902 2942 ea
2931 2886 3152 2957 colunt,
3180 2892 3237 2944 et
3264 2890 3434 2960 quasi
3456 2906 3612 2946 crea-

195 2978 658 3035 fructiﬁcantem
708 2978 1059 3048 doctrinam,
1106 2985 1393 3053 quantum
1444 2982 1515 3037 ad
1566 2981 1717 3051 illos,
1752 2982 1853 3055 qui
1962 2977 2148 3029 torem
2179 2978 2551 3037 venerantur,
2583 2991 2711 3046 quae
2744 2978 2937 3030 tamen
2970 2980 3028 3031 et
3056 2975 3168 3049 ipsi
3199 2978 3604 3034 condiderunt.

194 3068 351 3125 bene
381 3068 710 3125 doctrinam
740 3068 975 3125 illorum
1007 3075 1371 3143 receperunt.

270 3156 374 3213 Ille
404 3156 527 3213 haec
552 3157 708 3226 fecit,
728 3180 757 3207 ‹‹
792 3157 895 3229 qui
926 3159 1198 3230 producit
1224 3163 1488 3226 ventos,»
1527 3159 1584 3215 id
1606 3164 1851 3229 est,san—

195 3251 326 3302 ctos
372 3246 695 3318 apostolos,
743 3247 1027 3303 citissime
1086 3249 1462 3305 decurrentes
1510 3266 1613 3322 per
1659 3254 1848 3307 totum
1880 3230 1923 3297 C

194 3336 514 3404 mundum,
549 3358 577 3386 «
611 3335 682 3392 de
715 3335 1009 3392 thesauris
1039 3336 1185 3406 suis,
1215 3359 1241 3386 »
1274 3338 1331 3392 id
1363 3342 1471 3407 est,
1506 3340 1577 3394 de
1608 3339 1854 3411 plenitu-

196 3425 340 3481 dine
371 3424 673 3497 sapientiae
703 3429 760 3479 et
790 3425 1043 3481 scientias
1076 3426 1292 3498 quibus
1339 3426 1657 3499 repleverat
1704 3445 1803 3484 eos
1838 3446 1850 3485 :

197 3537 223 3564 α
258 3513 367 3587 qui
394 3513 688 3587 percussit
718 3513 1126 3587 primogenita,
1165 3537 1192 3564 n
1222 3514 1281 3570 id
1330 3520 1439 3583 est,
1472 3521 1708 3589 peccata
1746 3518 1856 3573 ori-

198 3602 444 3675 ginalia,
480 3624 510 3653 «
541 3602 790 3676 Egypti,
824 3624 853 3652 »
886 3602 945 3659 id
978 3607 1086 3675 est,
1118 3603 1306 3677 ipsius
1332 3605 1560 3676 mundi,
1596 3607 1735 3678 quia
1760 3607 1855 3663 hic

200 3691 467 3747 mundus
520 3691 580 3746 in
608 3691 867 3748 tenebris
896 3691 1239 3766 ignorantiae
1271 3711 1501 3766 semper
1543 3696 1806 3751 constitit
1839 3711 1852 3750 :

200 3785 256 3836 et
286 3780 401 3837 hoc
434 3802 464 3830 (ι
497 3779 572 3836 ab
604 3779 860 3848 homine,
897 3802 926 3831 ››
953 3781 1012 3837 id
1044 3786 1156 3850 est,
1187 3781 1519 3839 rationabili
1551 3787 1607 3839 et
1631 3784 1859 3856 sapien-

200 3872 276 3938 te,
314 3892 344 3918 ε(
375 3884 570 3940 usque
600 3870 671 3925 ad
714 3886 915 3942 pecus,
940 3873 971 3923 ἰ
1029 3870 1088 3925 id
1138 3875 1249 3937 est,
1301 3888 1488 3943 usque
1537 3872 1609 3927 ad
1655 3873 1858 3929 brutos

198 3956 476 4014 homines
511 3974 527 4013 :
562 3958 698 4030 quia
727 3963 784 4015 et
812 3959 872 4014 in
899 3960 1285 4033 sapientibus,
1324 3966 1381 4017 et
1425 3961 1483 4016 in
1516 3958 1649 4016 aliis
1678 3960 1857 4017 inter-

198 4045 339 4102 fecit
366 4045 680 4120 originalia
709 4052 948 4120 peccata
978 4065 1081 4121 per
1110 4066 1296 4121 aquas
1320 4048 1624 4121 baptismi.

269 4159 299 4187 α
336 4136 407 4191 Et
427 4135 593 4193 misit
621 4135 810 4210 signa,
845 4159 874 4186 ››
907 4137 965 4192 id
997 4141 1105 4204 est,
1141 4138 1369 4194 minora
1400 4137 1704 4208 miracula,
1738 4162 1767 4188 «
1801 4143 1861 4195 et

196 4225 492 4298 prodigia,
528 4247 559 4275 υ
589 4224 648 4281 id
677 4230 788 4293 est,
805 4226 1031 4297 majora
1060 4250 1088 4277 ‹‹
1122 4226 1183 4282 in
1216 4226 1408 4283 medio
1430 4227 1538 4298 tui,
1562 4228 1860 4300 IEgypte,»

198 4314 256 4369 id
291 4318 409 4384 est,
425 4313 486 4370 in
519 4314 713 4372 medio
734 4315 963 4371 mundi.
979 4338 1007 4365 «
1029 4316 1092 4372 In
1110 4317 1323 4389 medio,
1346 4339 1374 4365 »
1392 4317 1531 4389 quia
1550 4317 1864 4372 manifesta

197 4403 447 4459 fuerunt
475 4403 792 4461 omnibus:
830 4404 994 4461 misit
1019 4405 1150 4462 dico
1182 4429 1211 4455 ‹‹
1245 4405 1303 4460 in
1336 4405 1720 4473 Pharaonem,
1754 4428 1780 4455 ››
1805 4406 1862 4460 id

196 4496 311 4558 est,
352 4497 556 4550 contra
585 4492 973 4561 Pharaonem,
1008 4495 1066 4549 id
1100 4499 1214 4563 est,
1246 4493 1681 4567 dissipatorem,
1714 4494 1865 4550 scili-

2037 3085 2065 3114 (ς
2096 3063 2173 3119 Os
2204 3063 2454 3132 habent;
2486 3067 2544 3119 et
2582 3081 2699 3120 non
2748 3063 3086 3136 loquentur,
3118 3065 3317 3123 oculos
3364 3067 3606 3138 habent,

1960 3156 2019 3208 et
2050 3169 2164 3208 non
2194 3152 2496 3208 videbunt.
2534 3175 2562 3201 ››

2035 3265 2062 3293 ‹‹
2098 3246 2284 3297 Aures
2313 3241 2532 3297 habent
2560 3246 2617 3297 et
2647 3260 2761 3299 non
2789 3243 3049 3314 audient,
3069 3266 3097 3296 »
3128 3249 3193 3301 ut
3224 3262 3406 3319 supra
3434 3262 3607 3320 expo-

1962 3332 2217 3399 suimus,
2241 3354 2269 3381 ‹‹
2306 3331 2368 3386 In
2399 3331 2555 3387 exitu
2588 3331 2787 3388 Israel.
2824 3355 2852 3382 ››
2885 3333 3018 3390 Ideo
3049 3334 3173 3390 haec
3215 3335 3611 3392 instrumenta

1963 3437 2079 3475 non
2121 3424 2522 3492 exsequuntur
2565 3420 2780 3490 ofﬁcia,
2830 3421 2971 3495 quia
3025 3443 3053 3476 α
3099 3439 3287 3495 neque
3333 3425 3491 3480 enim
3521 3430 3611 3482 est

1963 3510 2218 3583 Spiritus
2252 3533 2281 3559 »
2311 3513 2553 3567 sanctus
2588 3530 2615 3564 α
2645 3510 2706 3566 in
2738 3528 2836 3568 ore
2866 3512 3148 3585 ipsorum.
3187 3535 3216 3562 »

2041 3622 2063 3651 ι
2099 3598 2334 3656 Similes
2384 3599 2508 3656 illis
2562 3600 2708 3656 ﬁant
2751 3601 2851 3672 qui
2898 3602 3122 3658 faciunt
3159 3619 3246 3671 ea,
3278 3607 3335 3659 et
3367 3625 3396 3653 »
3428 3604 3607 3660 etiam

1967 3711 1995 3740 ‹‹
2027 3705 2229 3744 omnes
2260 3689 2361 3761 qui
2385 3689 2692 3745 confidunt
2720 3689 2780 3743 in
2801 3690 2905 3745 eis.
2938 3712 2968 3741 »

2037 3802 2063 3828 ‹‹
2100 3779 2322 3834 Domus
2354 3777 2556 3846 Israel,
2585 3777 2927 3834 benedicite.
2968 3801 2989 3827 ιο
3027 3778 3156 3834 Haec
3185 3780 3462 3852 praedicta
3480 3797 3607 3838 eve-

1967 3868 2133 3923 niant
2165 3867 2281 3922 illis
2312 3867 2411 3938 qui
2446 3866 2648 3922 colunt
2678 3866 2855 3935 idola,
2890 3868 2990 3923 sed
3033 3890 3061 3918 ‹‹
3093 3868 3306 3925 domus
3356 3869 3553 3939 Israel,
3584 3891 3614 3924 ι

1966 3974 2067 4012 vos
2090 3979 2119 4008 «
2152 3955 2476 4011 benedicite
2506 3955 2775 4024 Domino,
2812 3978 2840 4005 »
2872 3955 3117 4026 scilicet,
3148 3958 3481 4015 communis
3510 3960 3616 4015 Ee-

1968 4045 2246 4101 clesiazet
2277 4060 2655 4100 communem
2685 4044 3006 4101 Ecclesiam
3029 4046 3237 4103 dividit
3264 4064 3368 4119 per
3399 4052 3617 4121 partes,

1969 4136 2193 4191 addens
2228 4151 2241 4189 :
2275 4137 2332 4189 et
2362 4133 2542 4189 etiam
2577 4156 2605 4183 ‹‹
2634 4134 2849 4190 domus
2878 4136 3095 4205 Aaron,
3127 4157 3156 4186 ››
3188 4135 3246 4192 id
3277 4140 3385 4206 est,
3413 4137 3621 4193 collec-

1970 4223 2051 4280 tio
2081 4224 2474 4290 saecrdotum,
2509 4246 2537 4273 ‹‹
2568 4222 2913 4295 benedicite,
2946 4223 3214 4281 Domino.
3252 4248 3281 4276 ››

2044 4338 2071 4363 α
2105 4314 2176 4368 Et
2203 4313 2380 4369 etiam
2413 4314 2627 4369 domus
2660 4311 2813 4382 Levi,
2848 4336 2877 4363 »
2911 4312 2970 4368 id
3002 4319 3111 4383 est,
3135 4314 3397 4372 collectio
3429 4317 3630 4373 minis-

1973 4407 2221 4472 trorum,
2260 4424 2281 4452 α
2319 4401 2645 4458 benedicite
2674 4402 2940 4457 Domino.
2978 4425 3006 4452 ››
3040 4402 3186 4469 Quid
3218 4420 3322 4474 per
3350 4404 3630 4477 singula?

1972 4492 2090 4548 Vos
2120 4508 2325 4547 omnes
2357 4514 2383 4541 «
2413 4490 2514 4563 qui
2540 4491 2761 4547 timetis
2793 4491 3130 4562 Dominum,
3164 4493 3486 4548 benedicite
3516 4495 3626 4549 Do-

198 4586 293 4636 cet
325 4579 631 4637 diabolum
663 4606 691 4633 «
724 4586 783 4638 et
813 4599 1019 4639 omnes
1050 4600 1249 4639 servos
1278 4584 1430 4655 ejus,
1468 4607 1494 4633 »
1526 4585 1583 4639 id
1618 4588 1726 4654 est,
1757 4583 1864 4639 mi-
1896 4601 1944 4666 Ι)
1977 4582 2155 4637 mino.
2194 4605 2221 4631 ››

198 4670 432 4726 nistros
459 4671 612 4742 ejus,
629 4671 856 4727 scilicet
886 4671 1144 4728 minores
1175 4672 1617 4745 diabolos;quia
1646 4691 1748 4745 per
1769 4672 1869 4728 illa

200 4757 388 4831 signa
415 4764 555 4815 sunt
585 4758 829 4832 quidam
861 4759 1040 4816 ablati
1063 4762 1135 4817 de
1165 4765 1454 4833 potestate
1485 4762 1722 4817 diaboli.

275 4847 389 4903 Ille
414 4847 577 4904 misit
604 4848 752 4920 «qui
782 4849 1074 4921 percussit
1102 4855 1305 4923 gentes
1336 4851 1579 4923 multas,
1607 4875 1632 4899 η
1666 4851 1724 4905 id
1756 4856 1864 4922 est,

199 4934 660 4993 multitudinem
689 4936 991 5008 vitiorum,
1026 4963 1055 4989 ‹‹
1084 4945 1141 4995 et
1174 4939 1387 4995 occidit
1417 4956 1583 5012 rcges
1614 4940 1812 5005 fortes,
1840 4964 1867 4991 ››

194 5023 258 5079 id
293 5027 395 5081 est
439 5026 760 5099 daemones,
791 5030 849 5083 et
896 5026 1142 5083 abstulit
1187 5027 1272 5084 eis
1323 5032 1712 5100 potestantem
1765 5047 1864 5085 eo-

197 5130 344 5168 rum
376 5131 390 5181 ;
422 5115 619 5183 fortes,
652 5115 794 5188 quia
823 5120 1089 5188 potentes
1119 5120 1285 5173 erant
1330 5116 1628 5189 impellere
1676 5117 1866 5174 homi-

195 5218 311 5259 nes
340 5202 417 5257 ad
448 5203 710 5260 facinora
739 5221 974 5277 magna.

276 5290 405 5346 Hos
424 5291 647 5349 scilicet
668 5309 855 5366 reges,
871 5315 899 5343 «
920 5294 1070 5350 Seon
1104 5310 1298 5367 regem
1321 5296 1812 5352 Amorrhaeorum.
1838 5320 1866 5347 ››

198 5380 369 5435 Seon
391 5380 810 5454 interpretatur
831 5384 1055 5438 ιεηιαιίο
1074 5384 1354 5439 oculorum
1374 5402 1392 5438 :
1416 5384 1686 5439 diabolus
1706 5403 1869 5440 nam-

199 5485 326 5540 que
353 5471 740 5527 transformat
769 5488 833 5528 sc
861 5471 923 5527 in
955 5472 1230 5546 angelum
1261 5472 1429 5541 lucis,
1463 5477 1520 5528 et
1550 5490 1653 5545 per
1691 5473 1871 5546 hypo-

202 5558 424 5614 crisim
445 5560 662 5634 decipit
679 5561 951 5618 homines
973 5580 985 5617 :
1012 5563 1756 5634 Amorrhwi,amaricantes:
1774 5582 1877 5638 per

204 5647 379 5705 Seon
411 5648 733 5708 daemonem
763 5649 934 5708 illum
958 5650 1365 5726 intelligimus,
1386 5652 1485 5728 qui
1511 5655 1694 5710 tentat
1709 5654 1877 5713 sedu-

2050 4672 2255 4727 Moneo
2292 4687 2394 4726 vos
2423 4671 2570 4725 alios
2590 4669 2952 4738 benedicere,
2983 4673 3041 4724 et
3070 4685 3176 4742 ego
3205 4686 3274 4725 ex
3304 4673 3468 4743 parte
3498 4687 3630 4728 mea

1979 4760 2562 4829 benedicam,dicens
2594 4759 2711 4815 sic:
2752 4782 2772 4808 α
2812 4758 3158 4815 Benedictus
3188 4758 3475 4816 Dominus
3499 4766 3630 4817 »εει

1980 4850 2135 4906 idem
2166 4850 2265 4921 qui
2301 4854 2475 4904 natus
2505 4853 2596 4904 est
2632 4872 2651 4898 ι
2689 4865 2757 4903 ex
2785 4847 2921 4904 Sion
2958 4872 2980 4901 ι
3017 4852 3075 4903 et
3104 4872 3131 4898 «
3167 4850 3265 4922 qui
3311 4850 3540 4906 habitat
3567 4850 3627 4906 in

1981 4939 2363 5005 Hierusalem,
2402 4962 2423 4989 ιι
2464 4938 2521 4992 id
2555 4942 2666 5008 est,
2698 4937 2760 4992 in
2790 4936 3024 4994 Visione
3055 4939 3236 5011 pacis.
3268 4938 3533 4995 Alleluia.

2428 5081 2499 5135 IN
2544 5080 2890 5137 PSALMUM
2940 5081 3190 5137 CXXXV.

2504 5181 2650 5237 Trru
2660 5196 2763 5235 ωε
2797 5195 2811 5234 :
2844 5180 3103 5235 Alleluia.

2057 5321 2084 5349 «
2117 5297 2490 5353 Confitemini
2523 5295 2789 5351 Domina.
2818 5318 2844 5343 ››
2864 5295 2967 5350 Hic
2999 5294 3284 5367 Propheta
3311 5295 3489 5353 habet
3515 5314 3635 5353 ma-

1982 5388 2187 5443 teriam
2224 5384 2686 5441 misericordiam
2733 5383 2964 5438 Domini
2998 5400 3011 5438 :
3044 5390 3101 5439 et
3147 5383 3205 5439 in
3251 5384 3442 5457 prima
3470 5390 3632 5459 parte

1982 5475 2240 5532 ostendit
2272 5473 2618 5546 potentiam,
2636 5471 2876 5541 scilicet,
2891 5488 3026 5528 eum
3047 5489 3150 5545 per
3169 5473 3633 5534 misericordiam

1984 5582 2155 5621 suam
2190 5564 2370 5619 totius
2410 5560 2616 5616 mundi
2667 5561 3018 5617 creationem
3070 5563 3294 5636 fecisse,
3325 5567 3635 5639 praeposita

1985 5654 2385 5715 admonitione
2417 5650 2634 5709 laudis.
2669 5652 2733 5708 in
2767 5653 3026 5713 secunda
3052 5658 3236 5730 parte,
3256 5671 3382 5730 quae
3404 5655 3633 5734 incipit;
