4018 6176
401 324 520 387 655

773 321 1179 384 HAYMONIS
1225 318 1763 381 HALBERSTAT.
1808 317 2053 378 EPISC.
2101 315 2271 377 OPP.
2322 315 2518 376 PARS
2566 314 2613 374 Ι.
2661 349 2739 358 -
2783 314 3190 377 COMMENT.
3237 313 3437 375 BIBL.

3676 311 3815 372 656

406 458 568 526 «Qui
591 434 1274 532 percussit/Egyptum,»
1298 451 1555 510 ostendit
1574 454 1828 524 quantas
1847 449 2045 506 Domi-
2077 451 2132 518 Α
2159 449 2303 507 dum
2335 449 2515 505 istum
2553 468 2580 501 α
2609 465 2744 504 cum
2776 416 3205 521 primogenitis,
3237 471 3267 499 »
3300 447 3358 504 id
3390 450 3500 520 est,
3531 462 3661 504 cum
3684 446 3828 504 ori-

405 564 521 605 nus
552 544 981 603 misericordias
1012 542 1148 599 fecit
1180 542 1497 601 Israelitico
1524 540 1840 613 populo.ln
1860 538 2050 607 tertia,

406 653 534 709 quze
566 634 772 706 incipit
803 650 815 688 :
852 656 879 683 ‹‹
914 633 986 687 Et
1030 632 1190 688 dedit
1217 636 1438 687 terram
1486 647 1692 687 eorum
1742 629 2054 685 haeredita-

388 730 546 791 ‘tem,
574 746 601 773 »
633 722 889 779 ostendit
920 740 1047 794 quae
1079 721 1362 778 beneficia
1395 722 1495 776 ﬁat
1523 718 1806 776 Dominus
1840 718 2055 791 populo

406 813 737 870 Christiano
773 828 785 868 :
819 815 877 867 et
905 829 1009 885 per
1038 811 1159 866 haec
1190 811 1390 867 omnia
1425 809 1680 865 intendit
1709 807 1878 864 nobis
1927 825 2056 880 per-

407 902 653 959 suadere
675 899 911 957 alleluia
940 901 1301 956 cantandum
1333 916 1461 955 esse
1490 897 1756 954 Domino.

472 990 658 1058 Quasi
690 990 912 1047 diceret
945 1006 958 1047 2
992 990 1109 1045 Vos
1141 1006 1346 1045 omnes
1386 991 1590 1062 gentes
1641 1009 1662 1038 ι
1699 985 2058 1043 conﬁtemini

410 1079 679 1149 Domino,
706 1098 735 1132 ι
769 1081 1019 1151 utroque
1048 1094 1258 1151 genere
1290 1076 1695 1145 confessionis,
1719 1097 1747 1125 ‹‹
1779 1076 2060 1148 quoniam

408 1169 601 1226 bonus
628 1190 652 1220 ι
689 1171 779 1224 est
808 1184 913 1240 per
942 1168 1230 1239 seipsum,
1253 1158 1487 1223 etialios
1518 1166 1705 1221 bonos
1735 1163 1899 1219 facit:
1920 1164 2060 1220 item
2102 1166 2105 1169 λ

410 1260 648 1330 propter
676 1255 787 1311 hoc
835 1254 1222 1324 conﬁtemini,
1252 1278 1279 1305 ‹‹
1331 1253 1610 1327 quoniam
1661 1252 2064 1309 misericordia

412 1346 542 1418 ejus
575 1368 598 1399 ι
629 1348 720 1400 est
750 1344 872 1399 «in
917 1347 1225 1414 aeternum,
1262 1366 1288 1393 ι)
1338 1343 1477 1416 quia
1525 1343 1585 1397 in
1640 1342 1749 1398 hac
1796 1342 1917 1397 vita
1962 1358 2065 1413 per

413 1433 882 1491 misericordiam
912 1434 1207 1490 condonat
1238 1437 1496 1506 peccata,
1531 1436 1590 1488 et
1628 1431 1851 1488 confert
1877 1430 2066 1487 multa

414 1521 744 1595 splritualia
773 1521 945 1590 bona,
979 1525 1037 1579 et
1065 1522 1125 1578 in
1156 1520 1271 1578 alia
1318 1522 1435 1578 vita
1484 1525 1822 1577 remunerat
1866 1519 2066 1577 ﬁdeles

413 1610 586 1685 longe
615 1609 770 1667 ultra
791 1611 1021 1667 merita.

486 1700 631 1757 Item
658 1722 686 1751 α
719 1699 1080 1756 confitemini
1103 1700 1217 1756 Deo
1241 1700 1506 1769 deorum,
1530 1722 1556 1749 ››
1587 1699 1647 1755 id
1676 1699 1892 1771 est,qui
1915 1715 2068 1756 crea-

412 1793 506 1846 tor
532 1791 622 1845 est
648 1787 1087 1862 angelorum,et
1116 1789 1364 1845 aliorum
1398 1792 1759 1856 sanctorum,
1780 1805 1927 1860 quos
1942 1787 2068 1861 ipse
2099 1824 2147 1888 Β

406 1877 699 1951 justiﬁcat
726 1882 785 1935 et
810 1878 1123 1949 adiﬁcat,«
1145 1877 1425 1950 quoniam
1449 1878 1510 1933 in
1541 1881 1824 1934 mternum
1849 1877 2072 1934 miseri-

416 1967 615 2025 cordia
644 1954 773 2040 ejus
798 1985 812 2024 :
841 1990 864 2018 ιι
902 1968 1061 2024 hunc
1093 1969 1365 2024 eumdem
1407 1956 1649 2040 apponit
1679 1967 1914 2040 singula
1939 1984 2071 2023 ver-

418 2057 607 2125 sibus,
628 2059 841 2111 notans
873 2057 1073 2112 omnia
1102 2073 1170 2112 ex
1199 2056 1326 2112 sola
1355 2055 1757 2112 misericordia
1772 2055 1874 2111 Dei
1898 2056 2068 2112 facta.

490 2163 520 2193 ί
544 2143 922 2200 Conﬁtemini
951 2144 1198 2200 Domino
1231 2143 1631 2214 dominorum,
1666 2166 1693 2193 ››
1727 2144 1786 2199 id
1817 2144 2073 2217 est,quia

420 2233 547 2306 ipse
572 2232 913 2288 dominatur
937 2233 1214 2290 omnibus
1236 2233 1492 2288 dominis
1515 2237 1571 2288 et
1589 2232 1954 2305 principibus
1970 2234 2075 2289 hu-

413 2322 518 2393 jus
545 2319 695 2377 vitae.
730 2320 793 2377 In
825 2321 1113 2393 principio
1145 2320 1289 2377 etin
1322 2321 1438 2376 ﬁne
1477 2321 1641 2394 ponit
1675 2346 1696 2373 α
1732 2322 2073 2377 Conﬁtemi-

423 2409 505 2480 ni,
540 2431 570 2461 »
596 2413 663 2465 et
688 2426 792 2482 per
820 2413 1013 2465 totum
1044 2409 1304 2466 medium
1354 2428 1672 2482 possumus
1703 2412 1877 2466 etiam
1912 2429 2072 2484 repe-

422 2503 564 2567 tere,
588 2497 681 2555 sic
709 2497 967 2554 dicentes
998 2516 1011 2554 :

492 2586 868 2644 Confitemini
900 2588 1076 2643 etiam
1110 2588 1217 2655 illi,
1244 2611 1271 2639 ‹‹
1303 2588 1403 2661 qui
1440 2588 1575 2643 facit
1606 2588 1898 2644 mirabilia
1919 2607 2076 2663 mag-

425 2692 502 2733 na
554 2674 740 2746 solus,
789 2696 816 2728 υ
871 2676 932 2731 id
984 2681 1092 2747 est,
1145 2676 1270 2733 sine
1316 2678 1608 2749 adjutorio
1658 2677 1929 2750 alicujus,
1973 2679 2074 2750 qui

424 2762 604 2822 etiam
635 2763 796 2837 ipsos
825 2765 1129 2822 ministros
1161 2766 1318 2823 fecit.

497 2850 585 2909 Illi
616 2852 745 2909 dico
779 2875 808 2904 «
846 2852 1229 2923 conﬁtemini,
1265 2876 1294 2904 ››
1328 2874 1356 2904 ‹‹
1385 2853 1485 2926 qui
1527 2853 1662 2909 fecit
1689 2852 1865 2910 caelos
1901 2870 1914 2909 :
1960 2877 1988 2904 ››
2019 2858 2079 2911 et

426 2941 587 2999 istud
611 2945 703 3000 est
731 2956 869 3015 pars
881 2941 1272 2998 mirabilium:
1296 2941 1598 3014 pluraliter
1624 2963 1645 2993 ι
1670 2943 1883 2999 caelos»
1908 2944 2073 3013 dixit,

429 3029 570 3105 quia
596 3029 796 3105 plures
816 3029 991 3088 caelos
1022 3030 1317 3104 intelligit,
1336 3031 1472 3087 licet
1502 3031 1671 3088 nobis
1693 3050 1808 3088 non
1835 3033 1912 3089 sit
1931 3032 2078 3089 difﬁ-

429 3119 623 3178 nitum
654 3123 797 3192 quot
823 3119 969 3190 sint;
988 3125 1047 3176 et
1076 3119 1208 3176 illos
1237 3120 1413 3177 oculos
1443 3137 1559 3176 non
1582 3121 1718 3176 fecit
1739 3122 1811 3176 ad
1834 3121 2071 3193 aliquod

429 3191 745 3281 exemplar,
777 3208 881 3265 sed
913 3231 941 3258 «
988 3207 1284 3264 intellectu
1320 3230 1348 3258 ››
1393 3212 1567 3281 prout
1614 3209 1674 3263 in
1722 3191 2075 3269 mente—sua
2103 3191 2146 3258 (ἶ

431 3295 744 3371 disposuit,
778 3296 881 3353 sed
911 3313 1016 3369 per
1044 3314 1215 3353 suam
1245 3297 1615 3369 sapientiam,
1649 3298 1708 3352 in
1759 3315 1874 3370 quo
1906 3299 2077 3356 intel-

430 3382 671 3460 ligimus
703 3384 837 3442 illos
867 3384 1046 3441 caelos
1076 3390 1279 3442 ornate
1304 3390 1362 3442 et
1389 3385 1566 3458 polite
1583 3402 1713 3443 esse
1743 3386 1947 3443 factos.

496 3474 691 3532 Etiam
721 3474 1086 3531 confitemini
1115 3475 1200 3531 illi
1227 3498 1255 3525 «
1288 3474 1390 3547 qui
1422 3474 1675 3531 ﬁrmavit
1702 3480 1979 3547 terram,»
2001 3476 2076 3534 ad

426 3564 705 3634 litteram,
722 3585 751 3616 «
783 3579 981 3637 super,
1000 3587 1027 3615 »
1053 3564 1112 3620 id
1146 3568 1250 3621 est.
1280 3565 1452 3637 juxta
1486 3585 1515 3615 «
1545 3580 1780 3636 aquas»
1804 3564 1942 3637 quia
1964 3564 2075 3621 cir-

424 3668 820 3725 cumcumque
850 3652 981 3709 ﬁuit
1009 3652 1294 3710 Oceanus.
1326 3652 1427 3709 Vel
1458 3669 1563 3726 per
1602 3656 1815 3710 terram
1861 3653 2075 3727 accipi-

426 3758 562 3801 mus
589 3740 930 3812 Ecclesiam,
960 3759 1144 3815 quam
1178 3742 1426 3798 ﬁrmavit
1462 3747 1613 3799 Deus
1661 3758 1839 3814 super
1865 3759 2072 3815 aquas,

424 3832 486 3890 id
515 3831 1053 3902 est,inundationes
1085 3832 1266 3905 hujus
1298 3830 1631 3889 smeulizvel
1655 3849 1839 3904 aquas
1858 3831 2076 3906 baptis-

426 3921 531 3993 mi,
563 3923 631 3977 ut
656 3920 916 3978 Ecclesia
943 3925 1180 3994 superet
1210 3921 1356 3978 istas
1383 3919 1821 3991 inundationes,
1854 3926 1911 3978 et
1932 3940 2077 3978 nun-

429 4024 609 4082 quam
639 4008 1004 4081 dimergatur
1033 4010 1104 4066 ab
1136 4009 1288 4079 istis,
1312 4010 1466 4066 sicut
1495 4014 1650 4067 terra
1678 4011 1851 4068 realis
1900 4029 2073 4085 supe-

429 4100 523 4153 rat
551 4110 756 4168 aquas,
790 4111 916 4168 quae
948 4113 1251 4170 nunquam
1281 4099 1628 4173 dimergitur
1652 4101 1724 4156 ab
1752 4100 1891 4157 illis.

503 4183 594 4241 Illi
623 4183 1007 4250 confitemini,
1040 4206 1069 4234 «
1093 4186 1194 4256 qui
1226 4186 1362 4243 fecit
1389 4187 1705 4245 luminaria
1748 4205 1964 4263 magna
1995 4208 2008 4248 :
2043 4213 2072 4241 »

429 4276 488 4330 et
515 4287 622 4347 per
648 4270 758 4328 hoc
787 4287 1107 4343 possumus
1154 4272 1485 4346 signiﬁcare
1530 4280 1764 4333 sanctos
1810 4278 2074 4352 angelos,

428 4375 578 4433 quos
604 4359 827 4419 creavit
853 4358 1135 4418 Dominus
1163 4360 1225 4415 in
1253 4362 1511 4418 maxima
1542 4363 1821 4422 claritate.

496 4448 749 4525 Exponit
778 4448 880 4506 illa
910 4447 1246 4519 luminaria,
1281 4450 1483 4508 dicens
1517 4468 1531 4506 :
1571 4474 1591 4502 ι
1630 4452 1822 4509 Solem
1848 4454 1983 4511 fecit
2011 4455 2071 4512 in

2163 538 2458 612 ginalibus
2489 538 2664 606 vitiis,
2699 542 2758 592 et
2787 555 2921 593 cum
2953 536 3084 593 aliis
3114 536 3459 608 majoribus.

2236 650 2262 677 ‹‹
2298 626 2405 695 Qui
2437 627 2637 683 eduxit
2666 627 2840 683 Israel
2877 627 2948 683 de
2980 626 3172 683 medio
3204 627 3353 697 ejus,
3390 650 3418 675 ››
3452 625 3509 682 id
3546 631 3653 696 est,
3683 625 3832 681 viro

2166 718 2318 773 facto
2349 716 2545 786 Israel,
2571 717 2699 787 jam
2730 734 2846 772 non
2879 716 3281 773 dominabitur
3315 717 3615 789 Egyptus,
3648 714 3833 772 scili—

2167 811 2258 862 cet
2286 806 2537 862 tenebrae
2568 805 2750 877 hujus
2780 805 3008 873 mundi,
3043 822 3149 861 nec
3181 803 3491 878 originalia
3520 810 3791 878 peccata.

2239 919 2267 946 ‹‹
2300 895 2513 951 Eduxit
2545 917 2573 944 »
2599 896 2728 950 dico
2762 917 2791 945 «
2820 895 2881 950 in
2914 910 3094 950 manu
3125 894 3369 967 potenti,
3408 916 3436 943 »
3467 894 3527 949 id
3562 898 3672 963 est,
3708 911 3835 967 po-

2168 980 2313 1042 ιθῶί
2340 983 2662 1041 invincibili
2695 984 3053 1056 operatione,
3090 1004 3118 1037 α
3147 988 3205 1040 et
3244 983 3483 1040 brachio
3511 983 3772 1052 excelso,
3800 1008 3825 1036 ι

2169 1075 2228 1130 id
2260 1079 2369 1143 est,
2401 1073 2825 1146 omnipotentia
2854 1089 2923 1129 ex
2952 1090 3069 1146 qua
3097 1072 3402 1144 processit,
3435 1078 3493 1129 et
3541 1073 3829 1130 eﬂ'ectum

2170 1163 2377 1219 habuit
2405 1167 2611 1235 potens
2644 1161 2921 1234 operatio.

2242 1251 2613 1307 Conﬁtemini
2644 1267 2877 1323 quoque
2908 1250 3016 1320 illi,
3050 1275 3077 1302 «
3120 1251 3222 1324 qui
3263 1250 3459 1306 divisit
3501 1266 3661 1306 mare
3692 1250 3835 1306 Ru-

2172 1342 2344 1398 brum
2374 1340 2436 1396 in
2469 1340 2802 1408 divisiones,
2823 1362 2844 1389 ιι
2867 1340 2938 1395 ad
2971 1338 3228 1397 litteram
3258 1340 3387 1396 ideo
3418 1338 3726 1412 pluraliter
3747 1340 3839 1395 di-

2174 1432 2274 1501 cit,
2307 1430 2448 1503 quia
2477 1429 2786 1487 duodecim
2816 1429 2919 1486 viae
2951 1430 3210 1488 fuerunt.
3230 1430 3337 1486 Per
3365 1445 3523 1486 mare
3550 1429 3834 1487 Rubrum

2176 1519 2565 1593 intelligimus
2580 1519 2970 1592 baptismum,
2985 1517 3087 1592 qui
3103 1519 3275 1576 rubet
3306 1519 3591 1592 sanguine
3607 1516 3837 1576 Christi

2177 1612 2554 1667 consecratus
2587 1625 2601 1664 :
2636 1625 2812 1680 quem
2844 1607 3046 1664 divisit
3069 1608 3374 1679 Dominus,
3410 1607 3548 1682 quia
3576 1607 3711 1664 aliis
3744 1613 3841 1665 est

2177 1701 2249 1755 ad
2279 1696 2630 1766 vitam,aliis
2652 1698 2725 1755 ad
2747 1697 3210 1766 damnationem,
3226 1695 3449 1754 scilicet
3465 1700 3838 1772 contempto-

2177 1789 2363 1857 ribus,
2380 1788 2519 1860 quia
2547 1786 2607 1842 in
2634 1786 2743 1842 hoc
2774 1784 3031 1859 amplius
3048 1790 3512 1858 transgressores
3529 1784 3841 1843 inveniun-

2178 1882 2304 1934 tur:
2329 1881 2387 1933 et
2416 1875 2527 1933 hoc
2563 1875 2661 1932 «in
2690 1875 3027 1944 divisiones,
3046 1897 3074 1927 »
3103 1873 3242 1948 quia
3270 1874 3354 1931 ibi
3386 1874 3680 1948 incipiunt
3694 1875 3842 1933 ﬁde-

2180 1966 2266 2023 les
2293 1966 2528 2022 initium
2558 1965 2786 2021 viarum
2818 1980 3083 2033 suarum,
3128 1981 3232 2037 per
3261 1979 3408 2037 quas
3452 1962 3705 2021 tendunt
3762 1965 3839 2021 ad

2184 2056 2517 2113 Dominum.
2550 2053 2650 2109 Vel
2681 2071 2786 2127 per
2815 2066 2975 2110 mare
3006 2053 3271 2109 Rubrum
3303 2053 3590 2110 mundum
3622 2052 3841 2110 intelli-

2183 2146 2400 2219 gimus,
2435 2143 2535 2217 qui
2567 2160 2727 2198 mare
2757 2141 2990 2211 dicitur,
3009 2141 3147 2215 quia
3174 2159 3407 2215 semper
3435 2143 3495 2198 in
3516 2142 3699 2199 ﬂuctu
3721 2149 3836 2211 est,

2182 2239 2240 2291 et
2268 2234 2477 2307 plenus
2508 2232 2669 2289 omni
2698 2230 3144 2288 amaricatione:
3164 2231 3383 2287 rubens
3414 2231 3841 2307 dicitur,prop-

2182 2328 2270 2379 ter
2299 2322 2648 2394 sanguinem
2680 2324 3020 2377 sanctorum
3052 2324 3379 2393 martyrum
3412 2337 3426 2376 :
3460 2337 3587 2393 quae
3624 2344 3646 2371 α
3681 2321 3837 2378 divi-

2183 2412 2261 2468 sit
2310 2412 2371 2465 in
2422 2410 2758 2477 divisiones,
2791 2432 2818 2460 »
2873 2409 3012 2482 quia
3056 2407 3303 2465 diversis
3349 2407 3609 2466 diversos
3649 2409 3835 2481 dedit,

2183 2500 2400 2573 quibus
2431 2516 2533 2572 per
2561 2499 2719 2555 hunc
2749 2498 3041 2554 mundum
3072 2496 3352 2554 festinent
3382 2499 3454 2554 ad
3482 2497 3832 2557 Dominum:

2184 2590 2333 2646 alius
2363 2589 2518 2645 enim
2551 2605 2654 2660 per
2674 2587 2923 2660 jejunia,
2957 2586 3108 2644 alius
3137 2602 3242 2660 per
3277 2586 3698 2660 eleemosynas,
3734 2588 3836 2645 alii

2185 2696 2289 2752 per
2317 2677 2462 2734 alias
2489 2676 2756 2733 virtutes.

2256 2790 2284 2820 «
2317 2768 2388 2824 Et
2411 2765 2610 2822 eduxit
2640 2763 2816 2822 Israel
2844 2781 2947 2837 per
2975 2763 3238 2821 medium
3286 2765 3435 2838 ejus,
3471 2785 3495 2817 ι
3533 2759 3745 2833 maris,
3775 2768 3832 2825 id

2185 2859 2292 2926 est,
2326 2872 2429 2928 per
2458 2853 2718 2912 medium
2751 2853 2930 2926 hujus
2961 2852 3188 2922 mundi,
3222 2853 3363 2926 quia
3410 2851 3589 2910 nullis
3639 2854 3833 2913 illece-

2185 2946 2308 3003 bris
2332 2945 2513 3017 hujus
2542 2943 2751 2999 mundi
2782 2942 2973 3016 potuit
2998 2942 3088 2999 vir
3117 2939 3294 2999 Israel
3326 2940 3514 3000 factus
3536 2943 3829 3016 impediri.

2183 3035 2310 3108 Vel,
2342 3051 2445 3107 per
2473 3032 2734 3090 medium
2764 3029 3063 3105 baptismi,
3097 3031 3237 3104 quia
3262 3047 3368 3104 per
3404 3031 3581 3089 fidem
3634 3033 3828 3091 catho-

2184 3124 2379 3193 licam,
2416 3138 2593 3194 quam
2624 3121 2684 3176 in
2714 3121 3006 3195 baptismo
3037 3120 3280 3193 accepit,
3312 3119 3491 3178 Israel
3521 3121 3743 3178 eduxit.

2256 3236 2282 3264 ‹‹
2316 3213 2387 3267 Et
2415 3209 2671 3267 excussit
2700 3209 3122 3276 Pharaonem»
3158 3208 3217 3264 id
3249 3213 3359 3276 est,
3392 3208 3827 3280 diabolum,«et

2184 3302 2461 3360 virtutem
2492 3301 2640 3372 ejus,
2676 3321 2704 3349 »
2735 3297 2793 3355 id
2826 3302 2933 3367 est,
2966 3297 3271 3355 ministros
3301 3298 3512 3371 ipsius,
3537 3300 3653 3356 «in
3676 3300 3821 3357 mari

2186 3391 2404 3460 Rubro,
2439 3411 2468 3439 »
2500 3388 2558 3444 id
2591 3392 2699 3456 est,
2734 3388 2794 3443 in
2846 3386 3158 3460 baptismo,
3187 3386 3251 3443 in
3300 3404 3417 3460 quo
3466 3386 3713 3461 quilibet
3758 3390 3822 3446 de

2185 3481 2475 3554 potestate
2507 3477 2723 3534 diaboli
2756 3475 3009 3549 ejicitur.

2259 3566 2519 3625 Laudato
2571 3564 2746 3622 etiam
2791 3581 2948 3634 eum,
3006 3586 3035 3620 α
3080 3565 3183 3637 qui
3239 3565 3501 3622 traduxit
3546 3566 3816 3640 populum

2184 3673 2361 3714 suum
2391 3675 2418 3708 ιι
2457 3657 2529 3713 de
2556 3655 2767 3711 virtute
2794 3653 2857 3710 in
2887 3653 3160 3712 virtutem
3188 3673 3202 3725 ;
3236 3678 3266 3705 «
3295 3671 3403 3728 per
3446 3656 3758 3727 desertum,
3789 3678 3814 3705 ιο

2185 3748 2244 3804 id
2275 3750 2385 3817 est,
2417 3745 2708 3802 mundum
2741 3745 2944 3815 istum,
2976 3760 3081 3818 per
3110 3761 3285 3818 quem
3314 3749 3630 3804 transeunt
3645 3744 3813 3803 sancti

2185 3836 2355 3910 quasi
2385 3834 2844 3909 peregrinantes,
2859 3839 2918 3892 et
2948 3837 3020 3893 ad
3046 3851 3243 3893 veram
3266 3839 3483 3895 terram
3494 3836 3812 3912 promissio-

2185 3926 2277 3983 nis
2308 3924 2672 3982 festinantes.

2256 4038 2285 4066 «
2319 4013 2428 4083 Qui
2458 4012 2750 4086 percussit
2779 4027 2944 4086 reges
2973 4028 3244 4087 magnos,
3276 4036 3304 4064 »
3335 4014 3396 4071 id
3426 4016 3684 4085 est,vitia
3703 4028 3803 4071 ma-

2182 4118 2300 4178 gna
2328 4119 2455 4176 quae
2488 4100 2921 4158 insidiabantur
2946 4102 3051 4172 eis,
3084 4107 3141 4160 et
3167 4102 3366 4160 volant
3398 4104 3677 4178 impedire
3710 4103 3803 4159 iter

2184 4191 2347 4266 regni
2375 4188 2648 4248 cwlestis.

2255 4306 2282 4333 «
2315 4281 2386 4338 Et
2415 4278 2628 4337 occidit
2660 4295 2825 4352 reges
2857 4278 3055 4350 fortes,
3090 4302 3119 4330 ››
3151 4280 3210 4337 id
3243 4285 3354 4351 est,
3384 4280 3529 4339 vitia
3554 4280 3651 4338 illa
3668 4292 3797 4353 qua,

2182 4370 2319 4428 licet
2349 4385 2467 4426 non
2498 4371 2696 4426 essent
2727 4368 2787 4424 in
2819 4368 3095 4426 omnibus
3126 4385 3362 4443 magna,
3393 4374 3590 4428 tamen
3627 4370 3681 4426 in
3708 4365 3796 4423 ali-

2182 4459 2397 4533 quibus
2427 4462 2592 4515 erant
2621 4457 2792 4513 fortia
2821 4457 2893 4514 ad
2927 4457 3279 4531 ejiciendum
3309 4465 3547 4533 propter
3581 4469 3795 4516 censue

424 4542 770 4614 potestatem
803 4539 988 4608 diei,»
1020 4556 1146 4614 quae
1178 4543 1440 4613 potestas
1471 4541 1585 4597 diei
1604 4548 1844 4615 apparet
1860 4545 2076 4616 quiail-
2106 4562 2153 4627 Β
2182 4549 2469 4604 tudinem.

422 4628 676 4685 luminat
695 4644 889 4685 aerem
920 4631 980 4684 et
1009 4629 1227 4701 praebet
1267 4629 1439 4686 nobis
1487 4628 1699 4687 lucem.
1727 4630 2070 4706 Allegorice,

425 4731 530 4790 per
556 4716 743 4774 solem
774 4717 1127 4790 sapientiam
1155 4734 1475 4790 possumus
1506 4721 1919 4793 accipere,quze
1937 4722 2071 4779 illu-

426 4804 616 4861 minat
643 4805 821 4861 corda
850 4805 1134 4876 ﬁdelium,
1167 4811 1224 4862 et
1254 4808 1394 4862 facit
1422 4807 1479 4863 in
1512 4808 1596 4865 eis
1627 4809 1820 4866 lucere
1861 4829 2070 4884 quam-

424 4895 563 4951 dam
586 4893 770 4964 diem,
806 4893 1032 4950 scilicet
1059 4895 1451 4968 cognitionem
1483 4897 1669 4969 ipsius
1719 4899 2069 4958 Divinitatis.

499 4983 658 5041 Fecit
686 4982 861 5040 etiam
887 5006 914 5034 ‹‹
947 4983 1170 5053 lunam,
1199 5006 1227 5035 »
1262 4984 1646 5055 materialem,
1679 4988 1920 5060 scilicet,
1956 5012 1982 5043 (ι
2015 4995 2074 5047 et
2162 5003 2165 5005 ‘

426 5071 630 5130 stellas
662 5073 721 5128 in
753 5075 1039 5146 potestate
1071 5072 1280 5127 noctis.
1315 5094 1342 5123 »
1377 5072 1482 5129 Per
1524 5073 1724 5130 lunam
1757 5094 2073 5148 possumus

425 5161 746 5234 intelligere
767 5160 1099 5236 generalem
1130 5161 1587 5234 Ecclesiam,per
1615 5164 1815 5221 stellas
1845 5166 2073 5225 diversa

422 5249 618 5306 ofﬁcia
645 5250 917 5308 Ecclesia:
952 5267 963 5307 :
1000 5268 1128 5323 quae
1160 5250 1431 5307 Ecclesia?
1472 5251 1770 5310 illuminat
1816 5260 2069 5327 noctem,

424 5336 485 5392 id
514 5342 623 5408 est,
658 5341 949 5395 mundum
979 5341 1164 5397 istum
1209 5339 1449 5413 plenum
1484 5342 1779 5399 erroribus
1827 5348 1884 5399 et
1913 5344 2074 5419 igno-

426 5425 655 5497 mntiis,
689 5427 841 5485 sicut
871 5427 1012 5484 luna
1043 5429 1196 5485 nocti
1230 5434 1516 5501 praeparat
1543 5429 1764 5487 lumen.

498 5533 527 5562 ι
562 5515 671 5578 Qui
700 5516 1009 5588 percussit.
1045 5539 1075 5566 »
1107 5517 1246 5573 Pars
1276 5519 1555 5574 secunda.
1590 5519 1724 5576 Ideo
1745 5522 1921 5579 etiam
1940 5541 2072 5580 con-

424 5599 679 5681 ﬁtemini
706 5603 855 5674 illi,»
881 5605 983 5678 qui
998 5606 1289 5677 percussit
1304 5608 1636 5682 Egyptum,
1655 5631 1684 5659 »
1708 5610 1767 5666 id
1790 5617 2070 5685 est,mun-

2251 4637 2368 4694 Hos
2398 4637 2573 4693 fortes
2596 4651 2761 4709 reges
2790 4658 2819 4685 «
2850 4636 3002 4692 Seon
3034 4652 3231 4710 regem
3272 4639 3745 4696 Amorrhaaorum.
3774 4654 3798 4681 η

2252 4750 2279 4777 ‹‹
2312 4727 2383 4782 Et
2411 4726 2498 4799 0g
2519 4741 2716 4798 regem
2749 4724 2958 4794 Basan,
2996 4747 3023 4775 ››
3055 4731 3120 4782 ut
3151 4742 3333 4800 supra
3358 4729 3679 4801 expositum
3705 4727 3800 4781 est.

2253 4817 2391 4872 Pars
2423 4816 2613 4872 tertia.
2647 4839 2673 4865 ‹‹
2707 4815 2778 4870 Et
2806 4815 2967 4872 dedit
3005 4820 3222 4873 terram
3274 4835 3477 4877 eorum
3531 4816 3809 4876 haeredita-

2182 4910 2321 4961 tem.
2359 4927 2386 4954 υ

2252 4995 2321 5049 Et
2348 4997 2568 5048 terram
2598 5010 2799 5049 eorum
2830 4994 2998 5067 prius
3023 4993 3285 5052 deditam
3313 4996 3472 5054 vitiis
3522 4997 3695 5071 hujus
3719 5009 3811 5050 se-

2183 5083 2322 5150 culi,
2354 5081 2449 5137 cui
2480 5082 2641 5138 dedit
2672 5083 3045 5140 excolendam
3068 5084 3099 5141 ?
3130 5083 3251 5143 Illis
3283 5086 3430 5161 ipsis
3458 5106 3471 5156 ;
3504 5091 3560 5143 et
3604 5088 3708 5142 hoc
3733 5082 3814 5137 est

2182 5172 2335 5245 quod
2368 5171 2569 5227 subdit
2603 5190 2614 5227 :
2655 5196 2675 5223 ι
2712 5172 3110 5231 haereditatem
3144 5175 3318 5232 Israel
3351 5193 3517 5233 servo
3547 5192 3671 5242 suo,
3702 5194 3725 5222 »ι
3756 5171 3816 5226 ut

2180 5261 2293 5334 ipsi
2324 5261 2459 5317 facti
2494 5261 2688 5331 Israel,
2714 5263 2841 5333 jam
2873 5263 3154 5335 abjiciant
3191 5266 3263 5321 de
3293 5282 3355 5322 se
3386 5266 3604 5339 spinas,
3634 5267 3692 5320 et
3719 5259 3815 5315 bo-

2182 5367 2323 5405 num
2357 5365 2557 5405 semen
2589 5350 2886 5407 nutriant.‘
2905 5351 3007 5409 Vel
3040 5356 3255 5412 terram
3301 5354 3612 5423 ccelestem,
3645 5362 3815 5424 quam

2180 5440 2567 5512 possederunt
2614 5439 2930 5511 daemones,
2983 5441 3145 5499 dedit
3192 5442 3416 5501 Israel:
3464 5461 3577 5501 non
3620 5439 3818 5498 Judaeo

2179 5528 2441 5599 cuilibet,
2472 5528 2574 5584 sed
2607 5543 2771 5585 servo
2806 5545 2933 5585 suo.

2251 5615 2588 5690 Intelligens
2612 5616 2993 5690 prophetasse
3022 5633 3208 5679 unum
3233 5623 3304 5678 de
3322 5621 3439 5682 illis
3456 5622 3551 5695 qui
3568 5614 3820 5694 posside-
