4060 6180
380 315 503 384 659

792 323 1203 386 HAYMONIS
1247 319 1786 383 HALBERSTAT.
1818 316 2033 380 EPISC

2151 316 2265 377 PP.
2298 318 2504 379 PARS
2535 319 2584 378 Ι.
2619 353 2696 363 -
2726 319 3135 380 COMMENT.
3169 317 3366 380 BIBL.

3669 317 3784 379 660

451 457 571 530 Ipsi
603 459 957 514 monuerunt
1005 460 1070 512 ut
1115 459 1513 526 cantaremus,
1540 455 1640 512 sed
1691 453 1831 526 quia
1860 448 2028 524 quasi
2059 449 2113 518 Α
2141 451 2634 518 Christi.Quando
2656 452 2813 508 enim
2838 469 3024 525 prava:
3055 450 3466 524 suggestiones
3491 455 3552 507 et
3573 450 3654 506 illi
3675 469 3793 510 mo-

383 545 556 604 alieni
586 548 772 615 erant,
786 549 844 602 et
870 563 1066 614 canes,
1089 550 1148 602 et
1177 545 1358 618 porci,
1381 543 1540 600 nullo
1565 543 1737 600 modo
1757 541 2031 598 cantaba-

384 650 520 692 mus
549 635 673 704 eis;
705 639 763 690 et
789 635 897 691 hoc
919 638 1008 692 est
1039 653 1052 690 :
1090 658 1118 684 ‹‹
1152 635 1455 700 Quomodo
1501 633 1873 689 cantabimus
1905 647 2037 685 can-

381 723 565 780 ticum
596 721 850 791 Domini,
887 745 916 774 »
947 723 1580 779 seminantes.verbum
1611 721 1896 788 divinum,
1921 742 1950 769 «
1976 717 2036 772 in

382 815 540 868 terra
586 811 812 868 aliena?
846 835 872 862 »
905 814 1146 868 Terram
1203 812 1457 868 alienam
1511 814 1695 878 vocat,
1729 810 1789 865 in
1839 825 1956 881 qua
1987 806 2037 863 si

381 899 628 956 verbum
657 899 761 956 Dei
792 901 1139 968 seminatur,
1173 918 1289 956 non
1337 899 1670 966 fructificat,
1700 899 1802 954 sed
1851 896 2037 970 spinis

386 988 661 1061 nequitiae
693 991 1032 1046 suffocatur.

457 1076 580 1134 Illis
599 1077 702 1151 qui
723 1083 865 1135 sunt
885 1077 1061 1135 alieni
1085 1095 1201 1134 non
1224 1077 1616 1144 cantabimus,
1629 1077 1753 1144 sed,
1768 1095 1801 1133 o
1828 1077 2037 1132 llieru-

387 1165 571 1224 Salem
600 1167 874 1234 ccelestis,
905 1184 1210 1240 nunquam
1240 1167 1324 1222 tui
1357 1165 1522 1222 obliti
1565 1183 1804 1234 sumus;
1826 1169 1883 1221 et
1927 1167 2038 1222 hoc

385 1259 477 1312 est
506 1271 521 1311 :
555 1279 584 1306 ‹‹
619 1255 680 1313 Si
732 1256 950 1312 oblitus
1007 1257 1170 1312 fuero
1221 1257 1328 1322 tui,
1384 1255 1768 1322 Hierusalem,
1802 1257 2040 1310 dextera

387 1360 576 1412 mea,»
606 1344 666 1400 id
695 1347 786 1400 est
817 1345 971 1401 bona
989 1345 1250 1418 operatio
1275 1361 1425 1412 mea,
1450 1368 1477 1394 «
1503 1345 1675 1400 detur
1704 1344 2035 1412 oblivioni,»

385 1449 421 1488 a
449 1433 585 1500 Deo,
621 1432 679 1488 id
713 1437 823 1502 est,
850 1433 1074 1490 nullam
1109 1433 1180 1490 de
1213 1433 1490 1490 omnibus
1537 1433 1856 1489 benefactis
1891 1433 2039 1488 meis

388 1521 925 1578 remunerationem
959 1521 1265 1594 accipiam.

454 1609 581 1666 Non
615 1612 845 1667 tantum
876 1611 1028 1680 dico,
1067 1633 1096 1662 «
1128 1611 1179 1667 si
1209 1611 1428 1668 oblitus
1458 1613 1640 1680 fuero,
1668 1634 1696 1662 υ
1728 1613 1848 1667 haec
1894 1611 2042 1666 mihi

385 1697 546 1755 mala
571 1698 860 1769 eveniant,
877 1701 979 1756 sed
1012 1724 1041 1750 «
1067 1699 1116 1756 si
1147 1718 1262 1757 non
1291 1701 1612 1757 meminero
1643 1701 1752 1768 tui,
1783 1724 1809 1750 »
1840 1701 1898 1756 id
1929 1705 2041 1768 est,

2141 543 2239 596 tus
2268 539 2455 596 illiciti
2488 542 2834 614 subrepunt,
2871 545 3010 597 tunc
3031 541 3314 598 debemus
3337 540 3411 596 ad
3447 539 3792 598 memoriam

2143 629 2420 685 reducere
2449 647 2626 702 quam
2655 630 2904 686 viriliter
2931 629 3200 686 Christus
3232 629 3292 684 in
3341 647 3451 685 sua
3494 629 3616 686 vita
3655 629 3793 702 egit,

2145 722 2202 772 et
2248 734 2356 772 nos
2403 717 2451 773 ei
2486 719 2869 788 contormare,
2907 722 2972 774 ut
3019 734 3088 774 ex
3135 721 3258 774 toto
3306 717 3610 775 valeamus
3662 717 3796 775 illos

2144 805 2516 881 exstinguere
2549 807 2608 862 in
2639 807 2834 864 nobis.

2569 950 2642 1006 IN
2683 949 3030 1006 PSALMUM
3070 951 3376 1007 CXXXVII.

2501 1048 2760 1120 Trruws
2789 1065 2802 1103 :
2835 1049 3087 1104 Psalmus
3113 1049 3224 1120 ipsi
3248 1048 3440 1104 David.

2219 1187 2246 1212 ‹‹
2281 1163 2629 1220 Conﬁtebor.
2667 1185 2694 1214 »
2728 1163 3017 1236 Propheta
3046 1163 3146 1236 qui
3176 1163 3272 1220 hic
3303 1162 3584 1238 loquitur,
3615 1169 3804 1220 mate-

2148 1252 2294 1308 riam
2313 1251 2717 1308 liberationem
2731 1252 3146 1320 babet,factam
3165 1269 3270 1326 per
3283 1253 3598 1309 adventum
3611 1253 3808 1326 ipsius

2148 1340 2383 1396 Christi.
2417 1341 2563 1397 Nota
2592 1341 2732 1413 quia
2761 1339 3028 1413 psalmus
3057 1341 3168 1397 iste
3197 1341 3359 1396 mira:
3379 1341 3712 1398 sanctitatis
3751 1342 3809 1398 in

2147 1429 2337 1485 Veteri
2371 1430 2749 1485 Testamento
2780 1429 2962 1486 fuisse
2993 1429 3227 1504 legitur.
3253 1431 3492 1504 Legitur
3533 1430 3692 1486 enim
3749 1431 3808 1486 in

2151 1517 2634 1590 Paralipomenon
2667 1519 2821 1592 quod
2853 1523 3156 1574 cantantes
3177 1519 3336 1575 hunc
3353 1518 3654 1590 psalmum
3691 1519 3810 1575 mi-

2151 1607 2468 1664 sericordia
2487 1605 2788 1680 Dei,quasi
2811 1607 2945 1662 miri
2960 1607 3156 1664 odoris
3182 1607 3401 1680 fumus,
3415 1607 3823 1665 circumfulsit

2152 1695 2211 1752 in
2267 1695 2650 1752 tabernaculo
2693 1714 2706 1752 :
2742 1714 2858 1752 non
2916 1701 3115 1753 autem
3177 1695 3423 1753 minoris
3480 1697 3822 1752 sanctitatis

385 1789 436 1845 si
480 1805 597 1845 non
649 1805 882 1862 semper
909 1789 1169 1847 habuero
1219 1794 1276 1846 te
1324 1791 1384 1846 in
1435 1791 1702 1862 praesenti
1739 1789 2039 1858 memoria,
2077 1821 2124 1885 Β
2154 1784 2396 1840 minime
2428 1801 2557 1862 esse
2587 1785 2867 1854 creditur,
2901 1785 3056 1858 quod
3091 1785 3140 1840 si
3183 1801 3330 1858 pure
3371 1789 3668 1853 cantatur,
3698 1787 3822 1842 mi-

385 1900 418 1930 κ
452 1877 750 1934 adhaereat
805 1877 1010 1952 lingua
1062 1895 1196 1934 mea
1243 1879 1514 1936 faucibus
1563 1878 1731 1946 meis,
1763 1901 1792 1928 »
1827 1878 1886 1933 id
1937 1882 2045 1946 est,

393 1971 598 2024 mutus
627 1967 790 2023 fiam.

459 2056 532 2111 Et
558 2053 738 2110 etiam
761 2077 788 2104 «
815 2055 864 2110 si
896 2072 1012 2110 non
1046 2073 1402 2127 proposuero
1438 2079 1458 2109 ι
1499 2061 1574 2122 te,
1611 2078 1637 2104 «
1661 2055 2045 2124 Hierusalem,

396 2141 460 2198 in
491 2141 778 2214 principio
807 2141 1019 2197 laetitiae
1049 2159 1212 2210 meaz,
1243 2165 1271 2191 »
1299 2143 1356 2197 id
1405 2148 1514 2212 est,
1549 2145 1600 2198 si
1657 2161 1772 2199 non
1818 2145 1934 2199 eris
1983 2149 2048 2200 tu

398 2229 755 2302 principium
787 2233 846 2286 et
871 2247 1052 2286 causa
1079 2230 1260 2286 totius
1290 2231 1524 2301 lzetitize,
1558 2233 1854 2288 adhaereat
1881 2233 2047 2288 simi-

395 2317 532 2374 liter
559 2316 761 2390 lingua
789 2333 921 2374 mea
950 2318 1218 2376 faucibus
1249 2319 1417 2376 meis.

467 2429 498 2457 ‹‹
531 2406 756 2462 Memor
784 2410 930 2463 esto.
965 2429 994 2458 »
1029 2408 1168 2464 Pars
1217 2409 1496 2466 secunda.
1552 2410 1700 2476 Quia
1745 2428 1850 2484 ego
1901 2412 2046 2468 facio

397 2493 759 2552 Hierusalem
783 2495 1139 2569 principium
1160 2497 1374 2553 laetitiae
1398 2499 2044 2569 meze,ideo,oDomine,

393 2600 624 2642 memor
643 2587 768 2641 esto
805 2587 1280 2658 persequentium
1316 2605 1442 2656 nos,
1457 2588 1532 2644 ad
1562 2588 1954 2660 judicandum
1986 2589 2047 2644 in

393 2673 514 2743 eis;
547 2675 606 2730 et
649 2673 759 2730 hoc
787 2677 878 2731 est
911 2690 924 2730 :
961 2695 990 2726 ς(
1022 2673 1246 2732 Memor
1291 2679 1437 2744 esto,
1470 2675 1737 2746 Domine,
1790 2677 2047 2734 filiorum

391 2761 643 2831 Edom,»
678 2761 737 2819 id
767 2767 858 2820 est
885 2767 1272 2832 terrenorum,
1291 2765 1410 2822 sive
1439 2765 1922 2840 sanguineorum,
1947 2766 2047 2840 qui

393 2855 662 2908 nostrum
683 2851 996 2908 effundunt
1025 2853 1394 2928 sanguinem,
1409 2859 1468 2910 et
1489 2873 1593 2912 nos
1615 2857 1686 2912 ad
1720 2857 2045 2930 appetitum

391 2941 752 2997 terrenitatis
782 2941 992 2998 ducere
1011 2942 1234 2998 volunt.
1255 2945 1420 2999 Tunc
1453 2945 1602 3012 dico,
1622 2966 1650 2994 «
1673 2962 1900 3001 memor
1922 2949 2044 3001 esto

378 3027 652 3087 .ﬁliorum
705 3029 766 3084 in
827 3029 922 3086 die
977 3031 1364 3100 Hierusalem,
1417 3055 1445 3084 ››
1507 3033 1566 3088 id
1638 3037 1746 3101 est,
1809 3035 2044 3106 quando

391 3116 700 3189 apparebit
746 3116 983 3172 claritas
1052 3117 1340 3188 fidelium,
1391 3118 1616 3174 scilicet
1674 3119 1732 3174 in
1795 3121 1888 3176 die
1944 3121 2043 3192 ju-

390 3201 550 3258 dicii.

462 3313 490 3340 «
515 3289 644 3358 Qui,
681 3312 708 3340 ››
741 3289 965 3346 scilicet
994 3291 1098 3346 ﬁlii
1129 3293 1314 3348 Edom
1349 3317 1378 3344 «
1409 3295 1614 3350 dicunt
1637 3318 1664 3344 ››
1685 3313 1802 3351 non
1821 3296 2036 3368 verbis,

389 3377 494 3434 sed
541 3377 732 3449 factis,
765 3402 792 3429 ‹‹
829 3379 1156 3449 Exinanite,
1189 3381 1501 3450 exinanite,
1541 3406 1568 3433 »
1599 3383 1658 3438 id
1707 3389 1816 3454 est,
1850 3390 2038 3443 totum

386 3470 662 3524 evacuate
691 3467 980 3541 quidquid
1003 3470 1248 3541 justitiae
1276 3471 1335 3526 in
1366 3471 1450 3529 eis
1470 3479 1561 3530 est
1593 3489 1608 3529 :
1644 3498 1672 3524 «
1694 3475 1984 3533 exinanite
2009 3499 2036 3528 η

387 3553 524 3612 dico
549 3559 738 3612 totum
771 3556 935 3626 illud,
974 3576 1212 3632 «usque
1242 3561 1314 3616 ad
1348 3561 1796 3620 fundamentum
1822 3587 1847 3615 η
1879 3567 2035 3638 quod

385 3648 476 3702 est
505 3669 534 3696 ‹‹
569 3645 628 3700 in
659 3661 747 3714 ea,
780 3645 1003 3703 scilicet
1031 3647 1176 3703 illud
1228 3651 1380 3721 quod
1417 3650 1474 3704 in
1506 3651 1590 3708 eis
1629 3657 1890 3726 apparot,
1914 3671 2038 3710 eva-

384 3736 573 3789 cuate.
625 3734 1097 3792 Fundamentum
1142 3736 1316 3793 istius
1358 3736 1719 3796 Hierusalem
1769 3742 2035 3800 Christus

381 3824 493 3889 est,
549 3823 637 3878 vel
694 3823 862 3894 fides,
923 3843 1040 3898 quo
1095 3831 1451 3895 remanente,
1505 3827 1706 3884 civitas
1764 3829 1879 3885 ista
1933 3832 2032 3886 de-

381 3911 530 3967 strui
561 3929 677 3968 non
721 3910 912 3985 potest
945 3930 957 3970 :
992 3917 1050 3969 et
1077 3914 1134 3969 in
1179 3914 1290 3972 hoc
1339 3915 1504 3972 stulti
1557 3921 1858 3990 apparent,
1893 3919 2034 3991 quia

381 4001 719 4054 remanente
769 4001 1171 4070 fundamento,
1205 4006 1412 4060 caetera
1459 4004 1660 4060 statim
1712 4007 2028 4063 remditica-

380 4085 624 4142 buntur.

449 4196 479 4222 «
513 4173 678 4230 Filia.
711 4196 739 4226 »
773 4175 1100 4232 Praacamur
1130 4182 1194 4233 ut
1219 4179 1479 4237 vindices
1510 4180 1571 4237 in
1601 4181 1739 4238 {iliis
1760 4185 1940 4239 Edom
1973 4189 2031 4240 et

379 4277 486 4316 nos
517 4260 630 4334 ipsi
661 4261 1031 4321 vindicamus
1077 4265 1135 4321 in
1185 4273 1376 4339 parte;
1401 4273 1459 4324 et
1506 4269 1616 4326 hoc
1646 4275 1772 4326 est:
1797 4289 1830 4326 o
1855 4295 1882 4322 «
1908 4271 2029 4329 filia

377 4348 748 4424 Babylonis,»
777 4351 836 4408 id
867 4357 976 4422 est,
992 4371 1126 4412 caro
1155 4360 1357 4413 nostra
1387 4362 1524 4414 nata
1562 4358 1621 4413 in
1661 4360 2023 4429 confusione,

373 4441 432 4494 et
460 4455 693 4512 semper
721 4458 968 4498 moneus
1019 4443 1445 4513 confusionem,
1479 4451 1537 4502 et
1563 4447 1692 4502 ideo
1723 4471 1751 4498 ‹‹
1786 4447 2020 4518 misera,

2159 1874 2476 1930 scricordia
2507 1874 2606 1930 Dei
2639 1873 2841 1930 statim
2884 1875 3054 1930 adest
3084 1873 3482 1931 cantantibus.
3517 1874 3582 1930 In
3623 1874 3827 1948 prima

2157 1967 2322 2035 parte
2354 1979 2416 2019 se
2444 1962 2684 2020 laudare
2713 1965 2921 2031 Deum,
2952 1967 3010 2019 et
3039 1979 3102 2020 se
3131 1964 3278 2020 bene
3307 1961 3535 2036 operari
3567 1964 3825 2036 promit-

2157 2053 2245 2118 tit,
2262 2052 2492 2124 positus
2523 2052 2674 2108 inter
2702 2052 3010 2126 angustias
3038 2051 3220 2124 hujus
3247 2051 3400 2108 vitae.
3435 2051 3500 2107 In
3531 2053 3825 2122 secunda,

2158 2156 2286 2212 qua:
2319 2140 2528 2213 incipit
2561 2157 2574 2195 :
2605 2165 2632 2192 ‹‹
2667 2141 3072 2198 Conﬁteantur
3101 2140 3513 2210 tibi,Domine,
3551 2163 3580 2191 »
3615 2145 3828 2198 monet

2155 2225 2302 2284 alios
2331 2227 2570 2286 laudare
2593 2233 2828 2303 propter
2855 2230 3032 2286 aliam
3063 2246 3304 2286 causam
3350 2233 3591 2304 propter
3636 2245 3824 2303 quam

2157 2320 2214 2372 et
2243 2317 2368 2389 ipse
2397 2317 2618 2386 laudat,
2652 2318 2877 2375 scilicet
2905 2319 2966 2374 in
3015 2319 3484 2376 consideratione
3522 2317 3827 2376 liberatio-

2157 2405 2279 2474 nis;
2312 2411 2370 2462 et
2397 2406 2457 2461 in
2489 2407 2598 2462 hac
2641 2411 2808 2479 parte
2854 2411 3012 2481 patet
3056 2406 3326 2464 intentio.
3351 2407 3611 2464 Intendit
3657 2407 3820 2464 enim

2157 2511 2263 2549 nos
2294 2511 2532 2550 monere
2561 2495 2632 2551 ad
2663 2497 3098 2564 exsultandum,
3129 2500 3187 2553 et
3213 2495 3576 2552 laudandum
3599 2495 3819 2562 Deum,

2155 2601 2260 2656 pro
2293 2583 2634 2642 liberatione
2682 2587 2836 2642 facta
2882 2603 2988 2658 per
3032 2585 3353 2652 Christum,
3386 2583 3540 2642 sicut
3589 2584 3654 2640 in
3704 2585 3820 2642 alio

2154 2690 2264 2729 nos
2295 2673 2526 2730 monuit
2557 2675 2630 2730 de
2660 2673 2994 2748 captivitate
3024 2673 3476 2746 Babyloniorum
3507 2671 3739 2730 dolere.

2225 2764 2304 2817 Ac
2353 2763 2404 2818 si
2452 2763 2533 2818 ita
2581 2763 2796 2820 diceret
2829 2780 2842 2818 :
2874 2763 3011 2829 Vos,
3044 2763 3274 2832 fratres,
3303 2762 3672 2819 confitemini
3707 2763 3818 2820 Do-

2153 2851 2314 2907 mino
2365 2852 2628 2925 exemplo
2679 2853 2815 2919 mei,
2849 2853 3005 2926 quod
3056 2869 3172 2908 non
3222 2857 3364 2909 sunt
3405 2851 3532 2920 tibi,
3567 2869 3603 2908 o
3637 2875 3672 2904 «
3706 2853 3817 2910 Do-

2155 2941 2312 2996 mine
2348 2964 2375 2992 ››
2407 2940 2676 3015 ingratus
2705 2943 2776 2998 de
2801 2941 3104 2998 beneficiis
3132 2941 3272 3008 tuis,
3305 2957 3538 3014 semper
3569 2963 3598 2991 «
3623 2943 3819 2998 eonﬁ-

2153 3030 2319 3086 tebor
2365 3031 2472 3086 tibi
2505 3051 2533 3082 »
2567 3029 2626 3086 in
2679 3030 3046 3087 confessione
3093 3030 3288 3086 laudis
3323 3053 3344 3080 α
3379 3029 3440 3085 in
3465 3033 3592 3086 toto
3639 3032 3820 3088 corde

2153 3136 2303 3187 meo,
2339 3142 2368 3170 ››
2399 3119 2548 3188 ideo,
2581 3143 2609 3170 «
2645 3119 2924 3193 quoniam
2973 3119 3190 3176 audisti
3237 3120 3415 3176 verba
3459 3118 3580 3176 oris
3611 3121 3759 3192 mei,
3791 3143 3818 3170 ιο

2075 3187 2118 3254 C
2151 3207 2289 3280 quia
2311 3209 2527 3265 misisti
2561 3209 2777 3265 Filium
2807 3207 3124 3277 incarnari,
3156 3213 3223 3266 ut
3265 3225 3374 3265 nos
3417 3207 3716 3265 eximeres
3747 3209 3816 3266 de

2149 3301 2436 3370 potestate
2466 3297 2704 3365 diaboli,
2737 3298 2808 3354 de
2839 3315 2957 3370 qua
2986 3298 3060 3354 ad
3089 3301 3148 3354 te
3177 3297 3504 3354 clamamus
3541 3297 3814 3354 assidue.

2219 3388 2290 3442 Et
2324 3403 2440 3442 non
2481 3391 2713 3442 tantum
2745 3375 3087 3455 confitebor,
3121 3385 3224 3442 sed
3271 3386 3448 3442 etiam
3487 3407 3508 3436 α
3543 3385 3810 3458 psallam

2145 3474 2274 3542 tibi,
2313 3497 2340 3524 »
2372 3475 2430 3530 id
2461 3479 2568 3542 est,
2605 3475 2751 3531 bene
2781 3475 3066 3547 operabor
3117 3475 3189 3531 ad
3240 3473 3474 3530 laudem
3517 3478 3721 3543 tuam;
3753 3480 3813 3532 et

2147 3563 2256 3618 hoc
2291 3587 2319 3614 «
2351 3563 2408 3618 in
2441 3568 2758 3636 conspectu
2790 3563 3156 3637 angelorum,
3192 3586 3220 3613 ››
3267 3563 3327 3619 id
3375 3566 3466 3619 est
3510 3563 3573 3618 in
3622 3563 3808 3620 bene-

2146 3651 2360 3724 placito
2388 3669 2613 3708 eorum.
2645 3653 2776 3709 Jam
2806 3653 2964 3708 enim
2995 3651 3208 3724 angeli,
3242 3656 3664 3726 cognoscentes
3697 3669 3811 3710 nos

2143 3757 2274 3797 esse
2331 3740 2596 3797 concives
2653 3759 2813 3810 suos,
2847 3743 3104 3816 gaudent
3151 3743 3224 3797 de
3259 3739 3536 3814 operibus
3575 3743 3809 3799 nostris

2143 3829 2335 3898 bonis,
2369 3833 2426 3885 et
2457 3830 2736 3902 adjuvant
2765 3847 2893 3886 nos.
2923 3853 2951 3880 «
2984 3831 3056 3886 Et
3098 3829 3353 3886 adorabo
3401 3831 3474 3886 ad
3504 3829 3808 3902 templum

2142 3923 2412 3974 sanctum
2446 3923 2639 3984 tuum,
2673 3941 2700 3969 »
2734 3918 2792 3974 id
2819 3923 2910 3974 est
2939 3919 3012 3974 ad
3050 3917 3241 3992 ipsam
3270 3917 3485 3974 Christi
3515 3917 3804 3976 humani-

2139 4009 2342 4075 tatem,
2375 4006 2432 4062 id
2465 4011 2556 4062 est
2601 4007 2790 4080 ipsam
2836 4007 3032 4063 debita
3078 4011 3138 4064 et
3185 4005 3525 4063 omnimoda
3562 4022 3808 4066 venera-

2138 4094 2297 4150 tione
2326 4095 2662 4162 venerabor,
2697 4099 2753 4152 et
2783 4095 3147 4152 divinitatem
3197 4094 3528 4168 specialiter
3571 4094 3634 4151 in
3667 4096 3804 4170 ipso

2137 4183 2503 4240 habitantem
2533 4184 2818 4252 adorabo;
2853 4208 2881 4234 ‹‹
2915 4189 2974 4240 et
2997 4206 3024 4234 »
3056 4183 3235 4260 etiam
3269 4205 3298 4234 ‹‹
3328 4183 3654 4240 confitebor
3687 4203 3804 4242 no-

2137 4273 2282 4328 mini
2315 4277 2435 4342 tuo,
2471 4296 2499 4323 ››
2533 4274 2591 4329 id
2621 4277 2711 4329 est
2737 4272 2990 4330 laudabo
3021 4277 3100 4330 te.
3133 4321 3140 4328 .

2207 4385 2234 4412 ‹‹
2269 4362 2458 4434 Super
2483 4361 2886 4418 misericordia
2927 4366 3029 4418 tua
3068 4366 3127 4418 et
3162 4361 3402 4418 veritate
3431 4364 3552 4428 tua,
3593 4383 3624 4411 »
3654 4365 3804 4436 quia

2135 4451 2594 4523 redemptionem
2630 4468 2734 4523 per
2761 4449 3203 4507 misericordem
3247 4449 3412 4518 facis,
3446 4453 3506 4505 et
3529 4451 3798 4522 promis-

373 4527 582 4583 beatus
612 4552 640 4579 »ι
675 4533 764 4585 est
789 4529 886 4586 ille
917 4555 944 4581 ‹‹
979 4531 1078 4604 qui
1111 4532 1396 4589 retribuat
1424 4533 1525 4589 tibi
1580 4536 2020 4594 retributionem
2055 4556 2102 4618 ι)
2132 4538 2506 4611 siones,quas
2525 4557 2630 4612 per
2649 4539 2960 4611 porpbetas
2981 4537 3655 4612 promiseras,adimplcs
3687 4557 3798 4611 per

371 4633 549 4688 quam
583 4619 903 4675 retribuisti
939 4621 1128 4688 nobis,
1164 4644 1191 4671 ››
1225 4621 1279 4676 id
1313 4626 1424 4688 est,
1445 4623 1542 4694 qui
1575 4641 1678 4695 pro
1710 4625 2023 4684 afﬂictione
2133 4628 2328 4700 ipsum
2377 4627 2696 4695 Christum,
2725 4628 2813 4682 vel
2847 4629 2917 4683 de
2958 4626 3360 4682 misericordia
3409 4644 3586 4699 quam
3643 4627 3795 4684 facis

369 4704 429 4758 in
462 4705 736 4776 peccatis,
771 4709 842 4762 ad
876 4725 1004 4779 qua:
1047 4713 1110 4764 tu
1159 4727 1392 4780 semper
1441 4729 1646 4768 mones
1686 4713 2020 4772 interiorem

368 4791 688 4864 hominem,
723 4795 922 4851 reddet
951 4796 1055 4852 tibi
1089 4797 1488 4866 afflictionem,
1515 4801 1862 4873 jejunando,
1883 4805 2023 4878 vigi-

367 4879 562 4950 lando,
580 4884 639 4936 et
660 4883 884 4940 caeteris
907 4886 1098 4940 modis
1129 4885 1463 4944 afflictionis
1483 4891 1560 4956 te,
1587 4909 1818 4948 carnem
1845 4894 2022 4968 Baby-

363 4968 517 5026 lonis
540 4969 743 5039 tiliam,
780 4975 1148 5029 macet-anile.

433 5060 505 5116 Et
531 5059 710 5116 etiam
736 5083 764 5110 «
789 5059 994 5116 beatus
1020 5085 1046 5110 »
1069 5067 1160 5120 est
1192 5065 1287 5120 ille
1313 5089 1339 5115 ‹‹
1359 5067 1459 5138 qui
1493 5069 1765 5140 parvulos
1799 5075 1953 5138 tuos,
1987 5097 2014 5122 υ

359 5147 418 5204 id
451 5151 954 5223 est,suggestionc
991 5158 1554 5228 peccatorum,quos
1587 5162 1646 5212 tu
1685 5159 1738 5212 in
1781 5159 2017 5215 homine

358 5251 758 5310 generas,quze
781 5239 1063 5296 dicuntur
1083 5243 1306 5315 parvuli
1333 5245 1470 5298 dum
1498 5245 1834 5319 insurgunt,
1855 5253 1912 5302 et
1940 5251 2010 5304 ad

358 5328 557 5381 actum
592 5344 704 5383 non
748 5329 1172 5402 perducuntur,
1210 5355 1237 5383 «
1267 5333 1504 5402 tenebit,
1543 5357 1570 5382 »
1594 5351 1665 5389 ne
1695 5337 2012 5406 procedant

356 5428 543 5484 usque
574 5416 646 5470 ad
679 5422 897 5489 actum,
921 5442 947 5468 ‹‹
981 5425 1040 5474 et
1064 5443 1092 5470 ››
1123 5421 1300 5475 etiam
1326 5445 1353 5470 «
1373 5420 1629 5489 allidet,»
1653 5423 1707 5477 id
1732 5427 2009 5489 est,com-

355 5499 570 5572 primet
589 5507 646 5558 et
675 5505 1022 5577 confringet,
1047 5530 1072 5557 ‹‹
1099 5509 1171 5562 ad
1206 5525 1493 5580 pmnam,»
1519 5510 1572 5563 id
1609 5511 1797 5578 est,ad
1821 5511 2010 5567 Chris-

353 5587 736 5656 tum,scilicet
754 5609 858 5662 per
883 5595 1226 5651 memoriam
1248 5601 1306 5652 et
1327 5598 1796 5654 conformitatem
1820 5599 2006 5671 ipsius

2130 4716 2390 4772 humano
2422 4717 2616 4790 generi
2651 4717 2708 4770 in
2743 4715 3012 4788 praesenti
3035 4715 3152 4770 vita
3177 4732 3188 4770 :
3215 4739 3241 4764 ‹‹
3267 4719 3324 4770 et
3348 4738 3376 4763 »
3401 4716 3470 4771 de
3494 4737 3523 4765 ‹‹
3543 4716 3794 4772 veritate

2129 4809 2235 4861 tua
2277 4829 2303 4854 ››
2353 4804 2722 4877 complenda,
2741 4805 2982 4876 quando
3013 4803 3214 4860 fideles
3265 4807 3418 4870 tuos,
3451 4803 3788 4877 secundum

2128 4894 2281 4965 quod
2316 4893 2658 4964 promisisti,
2693 4867 3535 4960 remunerabis,misericordia
3562 4895 3623 4946 et
3639 4894 3794 4948 veri-

2127 4986 2242 5038 tate
2273 4983 2403 5037 dico
2426 4982 2554 5037 ideo
2570 4981 2849 5048 exhibita,
2868 5005 2894 5030 ‹‹
2911 4998 3086 5054 quam
3108 4979 3564 5054 magnificasti,»
3588 4980 3647 5036 id
3671 4985 3788 5049 est,

2125 5088 2406 5144 magnum
2424 5069 2610 5125 fecisti
2624 5093 2651 5119 ‹‹
2670 5073 2939 5126 sanctum
2961 5074 3130 5125 tuum
3153 5092 3180 5120 »
3201 5068 3650 5142 singularem,id
3669 5074 3787 5137 est,

2123 5158 2419 5214 Christum
2455 5183 2480 5208 ‹‹
2505 5176 2682 5230 super
2701 5175 2874 5214 omne
2897 5175 3168 5228 nomen,»
3203 5158 3261 5214 id
3293 5161 3590 5230 est,super
3609 5173 3788 5213 omne

2123 5247 2516 5316 nominabile;
2553 5249 2704 5302 unde
2756 5247 2972 5303 Paulus
3005 5263 3018 5301 :
3055 5270 3084 5298 «
3110 5246 3356 5302 Donavit
3405 5245 3490 5300 illi
3541 5261 3784 5312 nomen,

2121 5337 2278 5408 quod
2307 5339 2396 5390 est
2427 5353 2606 5408 super
2633 5353 2807 5391 omne
2837 5352 3050 5391 nomen
3082 5335 3314 5407 (Philip.
3347 5334 3410 5406 1).
3440 5356 3469 5386 »ι

2193 5425 2350 5480 Licet
2381 5429 2577 5480 autem
2604 5425 2808 5494 justus
2837 5424 2948 5480 iste
2975 5424 3034 5478 in
3060 5424 3312 5480 adventu
3334 5421 3552 5479 Christi
3575 5421 3784 5478 libera-

2117 5513 2339 5570 tionem
2371 5513 2713 5586 accepisset,
2748 5517 2946 5568 tamen
2995 5512 3137 5584 quia
3168 5511 3322 5568 mala
3351 5511 3663 5567 imminere
3690 5511 3779 5564 vi-

2117 5603 2234 5670 det,
2268 5601 2552 5656 auxilium
2587 5605 2786 5657 contra
2818 5601 2926 5656 hoc
2957 5602 3320 5673 deprecatur.
3345 5599 3721 5656 Continuatio
3750 5615 3770 5652 :
