4060 6180
278 292 393 358 661

1459 294 1565 357 EX
1576 290 1965 356 PLANA'I‘IO
2009 290 2089 353 ΙΝ
2132 294 2271 357 PSA
2282 296 2514 362 LMOS.

3573 303 3694 371 662

276 427 427 495 Quia
454 427 539 484 ita
566 444 819 501 magnus
849 444 933 498 es,
959 425 1110 496 ideo,
1129 445 1163 484 ο
1186 426 1444 497 Domine,
1469 451 1498 479 «
1520 427 1729 484 exaudi
1752 444 1846 484 me
1869 426 1928 482 in
1957 425 2016 494 Α
2044 445 2151 484 nos
2182 429 2242 486 in
2274 431 2536 500 ﬁnem,id
2558 436 2748 503 est,ad
2771 434 2961 510 ipsius
2981 437 3197 495 Christi
3218 437 3690 499 conﬁrmitatem.

272 516 336 572 in
367 534 721 590 quacunque
749 517 867 585 die,
901 539 930 567 »
959 517 1019 572 id
1049 521 1157 586 est,
1192 518 1251 573 in
1283 534 1634 590 quocunque
1671 521 1934 589 tempore
2044 518 2107 574 In
2121 519 2230 575 hoc
2243 521 2470 592 psalmo
2484 522 3113 582 Christusestmateria
3134 530 3458 585 secundum
3479 534 3697 587 utram-

273 630 304 657 ι(
337 606 677 663 invocavero
722 610 802 674 te.
832 627 861 655 »
893 606 1039 662 Cum
1079 607 1239 676 dicit,
1275 630 1303 657 ‹‹
1354 611 1475 663 tota
1522 606 1635 673 die,
1668 628 1695 658 »
1741 610 1930 662 totum

271 699 511 768 tempus
527 695 679 767 justi
710 694 998 763 nominat,
1025 694 1163 768 quia
1175 696 1380 768 justus
1403 712 1634 769 semper
1664 695 1932 751 ambulat

270 784 331 840 in
361 801 497 841 vera
526 783 858 856 cognitione
878 788 937 840 et
966 783 1395 841 illuminatione
1419 801 1432 839 :
1458 786 1609 853 dico,
1632 785 1931 852 exaudi,et

269 890 518 931 securus
546 889 703 940 sum,
734 871 1016 945 quoniam
1048 877 1112 929 tu
1146 896 1174 924 ‹‹
1208 873 1656 946 multiplicabis,
1684 896 1710 923 ››
1734 873 1791 929 id
1815 877 1925 941 est,

267 960 660 1034 multiplicem
709 960 878 1017 dabis
909 983 937 1012 «
970 960 1247 1018 virtutem
1278 961 1338 1017 in
1372 963 1573 1018 anima
1602 979 1734 1018 mea
1766 985 1793 1012 ››
1825 979 1929 1035 per

266 1068 448 1124 quam
481 1054 682 1107 contra
711 1049 1049 1124 ingruentia
1080 1050 1236 1107 mala
1264 1050 1488 1123 possim
1523 1053 1814 1107 resistere.

338 1162 369 1190 ‹‹
401 1139 821 1196 Conﬁteantur.
857 1160 886 1189 ››
905 1139 1058 1211 Pars
1089 1140 1369 1196 secunda.
1406 1139 1506 1196 llic
1536 1139 1921 1196 intentionem

265 1246 437 1285 suam
468 1228 675 1300 aperit.
697 1228 768 1283 Et
788 1226 929 1299 quia
947 1228 1269 1285 conﬁtebor
1288 1228 1416 1297 tibi,
1436 1229 1564 1284 ideo
1588 1246 1717 1285 meo
1738 1246 1924 1286 exem-

261 1317 388 1389 plo,
410 1334 444 1373 ο
468 1340 489 1367 ι
515 1315 1195 1386 Domine,conﬁteantur
1225 1316 1331 1372 tibi
1360 1334 1564 1373 omnes
1595 1336 1760 1391 reges
1806 1323 1920 1374 ter-

262 1424 363 1474 raa,
392 1429 420 1456 ››
441 1405 501 1461 id
532 1408 643 1475 est,
676 1421 883 1462 omnes
912 1404 999 1461 illi
1029 1405 1271 1461 laudent
1299 1410 1355 1461 te
1386 1406 1487 1477 qui
1517 1407 1919 1463 tcrrenitatem

260 1512 437 1552 suam
467 1495 614 1551 bene
644 1497 874 1569 regunt.
908 1495 979 1550 Et
1007 1494 1121 1551 nisi
1154 1495 1407 1551 confessi
1438 1495 1919 1563 fuerint,inexcu-

258 1583 479 1640 sabiles
507 1588 699 1651 erunt,
724 1606 752 1633 ‹‹
777 1583 917 1656 quia
937 1605 964 1632 »
988 1583 1101 1656 ipsi
1126 1607 1154 1634 «
1184 1582 1499 1639 audierunt
1528 1585 1727 1640 omnia
1745 1585 1922 1640 verba

259 1672 381 1730 oris
411 1672 521 1742 tui,
556 1694 586 1722 »
615 1688 745 1744 qua:
775 1688 873 1729 ore
902 1675 1006 1728 tuo
1038 1689 1143 1745 per
1172 1671 1384 1729 Filium
1414 1676 1584 1728 tuum
1624 1673 1917 1729 observari

2042 624 2156 680 que
2183 613 2452 666 naturam
2479 628 2491 667 :
2517 628 2705 683 pauca
2733 614 2972 684 quidem
3004 619 3254 689 tangens
3276 618 3347 674 de
3364 614 3694 690 divinitate,

2040 697 2141 752 sed
2174 697 2347 769 plura
2375 699 2613 770 quidem
2654 718 2977 774 exsequens
3028 704 3098 758 de
3146 722 3256 761 sua
3301 706 3691 765 humanitate.

2038 784 2308 842 Ostendit
2336 788 2491 843 enim
2522 806 2584 845 se
2624 790 2874 846 humilia
2919 791 3276 850 sustinuisse
3322 795 3394 850 ad
3444 795 3688 853 modum

2037 874 2289 931 aliorum
2318 875 2648 946 hominum,
2675 882 2740 934 ut
2760 878 3094 936 humilitate
3125 899 3321 938 veram
3352 884 3692 956 comprobet

2037 981 2207 1019 suam
2240 964 2669 1022 humanitatem
2695 984 2707 1021 :
2734 968 2991 1023 ostendit
3023 974 3079 1024 et
3108 970 3602 1039 altissima,veluti
3626 973 3688 1030 in

2036 1054 2480 1122 resurrectione,
2521 1059 2579 1110 et
2627 1072 2764 1110 cum
2813 1073 2916 1127 per
2964 1056 3161 1128 ipsum
3208 1059 3458 1115 tenebrae
3507 1060 3688 1133 huius

2035 1140 2241 1195 mundi
2272 1140 2614 1197 illuminatae
2648 1147 2809 1211 sunt,
2836 1146 2893 1198 et
2922 1142 3038 1199 alia
3069 1161 3305 1218 magna,
3338 1152 3405 1203 ut
3432 1164 3535 1220 per
3563 1149 3686 1207 Ι]ωο

2032 1230 2441 1302 comprobaret
2469 1247 2531 1286 se
2566 1247 2679 1286 non
2712 1230 2904 1286 solum
2940 1231 3277 1302 hominem;
3305 1235 3459 1291 sicut
3487 1240 3545 1292 et
3564 1237 3643 1293 ibi
3670 1254 3683 1293 :

2032 1341 2061 1367 ‹‹
2098 1319 2309 1374 Beatus
2340 1319 2441 1391 qui
2477 1318 2751 1392 intelligit
2779 1337 2958 1391 super
2999 1337 3250 1393 egenum
3281 1326 3339 1378 et
3369 1340 3685 1397 pauperem

2030 1408 2203 1475 (Psal.
2235 1406 2350 1479 XL.)
2375 1431 2401 1457 ››
2434 1409 2551 1463 Hoc
2582 1411 2778 1463 autem
2799 1408 2984 1464 voluit
3009 1410 3298 1482 Propheta
3319 1413 3391 1468 de
3411 1412 3538 1485 ipso
3560 1431 3689 1486 pro-

2031 1495 2303 1551 nuntiare
2325 1500 2527 1552 contra
2538 1500 2729 1552 sectas
2741 1499 3134 1567 quorumdam
3150 1499 3685 1576 haereticorum,qui

2029 1600 2164 1639 eum
2189 1588 2544 1657 negaverunt
2561 1602 2764 1640 verum
2787 1586 3087 1643 hominem
3111 1605 3241 1644 esse
3266 1606 3278 1644 :
3307 1588 3683 1649 altitudinem

2026 1690 2181 1739 vero,
2214 1677 2419 1729 contra
2443 1674 2700 1744 Judzeos,
2733 1675 2834 1746 qui
2867 1691 3003 1730 eum
3049 1675 3244 1731 solum
3296 1677 3593 1735 hominem
3625 1685 3685 1736 et

259 1761 613 1835 praecepisti,
646 1761 786 1834 quia
808 1783 837 1811 «
862 1761 921 1816 in
966 1777 1201 1827 omnem
1249 1765 1466 1817 terram
1517 1760 1691 1817 exivit
1736 1779 1918 1818 sonus
1949 1791 1998 1856 B
2029 1778 2141 1817 non
2171 1762 2357 1817 Deum
2389 1761 2654 1819 arbitrati
2685 1767 2846 1818 sunt.
2872 1764 2935 1819 In
2959 1762 3152 1836 prima
3184 1768 3348 1836 parte
3379 1766 3683 1838 praamissa

258 1867 488 1919 eorum,
520 1855 631 1911 etc.
663 1850 1028 1923 (Psal.xv1n.)
1062 1872 1091 1901 »

329 1941 406 1996 Et
431 1939 529 1997 isti
563 1955 728 2012 reges
760 1938 933 2011 positi
967 1961 995 1989 «
1027 1939 1088 1995 in
1119 1938 1229 1995 viis
1278 1938 1532 2007 Domini,
1566 1961 1593 1989 ››
1624 1938 1682 1994 id
1714 1942 1823 2008 est,
1859 1940 1919 1995 in

256 2026 567 2101 praeceptis
587 2027 737 2098 ejus,
765 2048 793 2077 ‹‹
820 2029 1112 2095 cantent,»
1133 2026 1191 2081 id
1212 2030 1322 2094 est,
1346 2025 1696 2082 annuntient
1718 2026 1919 2083 laudes

255 2115 496 2174 Domini
527 2114 690 2185 aliis;
717 2115 845 2172 ideo
876 2119 1115 2172 cantent
1138 2137 1165 2166 ‹‹
1189 2132 1368 2188 quam
1390 2132 1606 2189 magna
1626 2119 1715 2172 est
1733 2116 1920 2189 gloria

255 2205 549 2274 Domini,»
577 2221 706 2278 qua:
736 2203 1043 2261 et'Judaais
1072 2208 1130 2261 et
1155 2203 1432 2277 gentibus
1463 2208 1551 2260 est
1582 2204 1914 2277 praeposita.

326 2295 402 2351 Et
428 2310 559 2351 vere
588 2309 802 2366 magna
831 2296 920 2349 est
940 2292 1147 2366 gloria,
1167 2314 1196 2344 «
1219 2292 1498 2365 quoniam
1521 2292 1807 2349 Dominus
1828 2312 1918 2350 ex-

254 2382 460 2441 celsus
488 2406 516 2433 »
536 2386 629 2439 est
651 2398 831 2455 super
851 2380 1178 2454 quamlibet
1208 2384 1537 2437 creaturam
1561 2398 1575 2437 :
1605 2402 1631 2432 ‹‹
1650 2385 1707 2437 et
1728 2402 1755 2432 »
1782 2380 1917 2437 licet

252 2471 348 2529 ita
378 2470 645 2528 excelsus
672 2469 771 2539 sit,
800 2473 998 2526 tamen
1030 2468 1231 2526 ﬁdeles
1262 2488 1401 2526 suos
1444 2488 1561 2526 non
1610 2470 1910 2542 deSpiciet,

247 2561 363 2618 sed
386 2560 580 2633 potius
603 2582 632 2609 «
657 2557 896 2631 respicit
923 2557 1191 2625 humilia,
1220 2581 1246 2609 »
1270 2558 1329 2614 id
1351 2559 1722 2625 est,humiles
1743 2558 1912 2615 oculo

249 2647 675 2705 misericordiae
706 2647 1056 2704 conferendo
1088 2646 1323 2714 auxilia,
1348 2652 1403 2703 et
1422 2645 1785 2703 incrementa
1803 2647 1913 2702 vir-

248 2737 673 2804 tutum,etc.Et
692 2752 827 2792 cum
850 2740 1050 2809 posset
1070 2736 1263 2792 dicere
1294 2737 1583 2808 superbus
1608 2754 1621 2792 :
1648 2723 1910 2803 Quando-

248 2826 497 2899 quidem
528 2824 780 2882 humilia
806 2829 1040 2881 tantum
1071 2824 1330 2897 respicit,
1361 2841 1498 2898 ergo
1528 2841 1730 2881 secure
1776 2842 1909 2897 pos-

251 2931 399 2972 sum
429 2930 686 2988 peccare,
717 2914 859 2987 quia
889 2930 983 2971 me
1013 2931 1129 2970 non
1153 2913 1393 2983 videbit,
1425 2918 1484 2970 et
1514 2914 1624 2970 hoc
1656 2917 1913 2970 removet

249 3004 346 3061 sic
370 3020 384 3058 :
411 3003 667 3059 Humilia
708 3003 947 3075 respicit
978 3026 1005 3053 α
1040 3007 1097 3059 et
1126 3002 1243 3058 alta
1269 3024 1297 3052 »
1329 3003 1529 3070 etiam,
1565 3002 1624 3057 id
1670 3006 1776 3071 est,
1811 3019 1908 3058 su-

250 3092 469 3167 perbos
502 3115 531 3141 ‹‹
565 3092 883 3165 cognoscit,
919 3114 947 3141 »
980 3092 1081 3147 sed
1125 3091 1234 3147 hoc
1263 3113 1291 3142 «
1326 3091 1577 3164 alonge,
1611 3113 1639 3143 »
1671 3089 1809 3163 quia
1855 3094 1912 3146 et

250 3158 349 3238 hic
381 3180 472 3237 eis
498 3158 747 3254 gratiam
782 3179 1096 3248 subtrahit,
1130 3185 1188 3236 et
1218 3180 1277 3235 in
1295 3158 1521 3252 judicio
1553 3158 1848 3253 separabit
1875 3198 1910 3236 a
1940 3158 1984 3225 Ο

254 3271 406 3339 suis,
444 3270 682 3326 dicens:
711 3293 733 3320 ι
760 3270 1052 3326 Discedite
1083 3287 1117 3325 a
1146 3286 1263 3338 me,
1293 3269 1611 3337 maledicti,
1646 3291 1674 3321 »
1708 3274 1820 3326 etc.

322 3360 396 3416 Et
427 3360 587 3432 quod
617 3358 714 3415 ille
734 3357 984 3415 humilia
1006 3358 1265 3431 respicit,
1289 3358 1348 3413 in
1371 3375 1465 3414 me
1487 3362 1747 3432 apparet,
1772 3358 1910 3432 quia

254 3469 283 3499 α
315 3447 367 3504 si
402 3447 778 3504 ambulavero
808 3446 867 3501 in
901 3446 1094 3503 medio
1124 3447 1545 3518 tribulationis,
1574 3470 1603 3498 »
1628 3448 1904 3520 tu,Deus,

254 3557 285 3585 α
311 3534 642 3591 viviﬁcabis
669 3551 785 3603 me,
804 3558 832 3585 ››
866 3535 922 3591 id
950 3539 1059 3603 est,
1087 3535 1216 3591 laeto
1247 3535 1442 3591 animo
1472 3536 1651 3593 facies
1683 3553 1777 3592 me
1806 3535 1907 3591 tri-

252 3623 593 3681 bulationes
621 3623 754 3681 illas
784 3623 1040 3696 recipere
1071 3647 1100 3675 ‹‹
1132 3627 1190 3680 et
1221 3646 1249 3673 ››
1282 3625 1460 3680 etiam
1492 3648 1519 3674 ‹‹
1553 3641 1732 3696 super
1759 3624 1907 3680 iram

252 3712 635 3769 inimicorum
674 3716 932 3781 tuorum,
970 3735 998 3763 ››
1030 3712 1089 3769 id
1122 3716 1231 3784 est,
1263 3730 1441 3785 super
1488 3712 1757 3770 inimicos
1807 3713 1908 3785 qui

252 3800 400 3857 mihi
448 3817 519 3857 ex
565 3799 672 3870 ira,
724 3817 839 3857 non
890 3818 958 3857 ex
1006 3800 1212 3857 merito
1260 3817 1410 3869 meo,
1462 3800 1618 3857 mala
1664 3801 1906 3868 faciunt,

252 3913 281 3939 ‹‹
311 3888 629 3946 extendisti
678 3905 923 3945 manum
974 3893 1160 3958 tuam,
1198 3912 1219 3939 υ
1256 3888 1313 3945 id
1361 3892 1473 3955 est,
1513 3890 1907 3960 operationem

254 3982 443 4047 tuam,
458 3976 602 4051 quia
612 3978 682 4035 de
705 3977 1061 4050 quibusdam
1082 3977 1413 4043 vindicasti,
1428 3978 1713 4049 quosdam
1732 3977 1909 4033 etiam

252 4066 594 4124 convertisti
619 4083 632 4121 :
658 4089 685 4117 ‹‹
709 4071 769 4123 et
788 4067 1024 4123 dextera
1038 4070 1159 4137 tua,
1178 4088 1205 4115 »
1227 4066 1284 4121 id
1310 4069 1418 4134 est,
1435 4065 1764 4139 propitiatio
1786 4070 1906 4133 tua,

258 4175 283 4207 ι
318 4154 550 4212 salvum
582 4172 676 4212 me
708 4154 863 4223 fecit,
898 4176 925 4206 ››
960 4154 1018 4211 id
1051 4160 1159 4224 est,
1190 4153 1441 4212 illaesum
1473 4171 1567 4210 me
1599 4154 1911 4211 custodivit

252 4261 288 4300 a
316 4243 738 4301 conformitate
766 4260 992 4300 eorum.

325 4356 363 4383 ‹‹
394 4332 681 4389 Dominus
700 4355 729 4382 ››
739 4333 867 4404 jam
884 4332 1141 4389 extendit
1161 4349 1404 4389 manum
1426 4331 1907 4405 superinimicos,

249 4426 311 4478 et
339 4421 537 4478 adhuc
564 4444 591 4473 «
620 4421 909 4477 retribuet
938 4438 1042 4493 pro
1075 4438 1169 4478 me
1203 4444 1231 4471 »
1260 4421 1580 4477 vindictam
1610 4420 1868 4478 inimicis
1892 4437 1906 4475 :

2029 1856 2117 1907 cst
2128 1868 2381 1918 summa,
2397 1869 2574 1924 quam
2592 1855 2794 1924 postea
2809 1869 2912 1924 per
2929 1852 3143 1924 psalmi
3163 1856 3479 1911 tractatum
3492 1859 3684 1913 osten-

2030 1938 2134 2009 dit,
2170 1939 2390 1995 scilicet
2419 1939 2724 1996 scientiam
2757 1940 2857 1996 Dei
2881 1941 2953 1995 de
2976 1958 3038 1997 se
3060 1940 3291 1998 Christo
3312 1942 3596 2013 habitam,
3622 1947 3682 2001 et

2028 2045 2132 2101 per
2158 2028 2352 2100 ipsum
2382 2028 2678 2084 Christum
2711 2028 3039 2085 mirabilem
3066 2029 3371 2086 factam.ln
3396 2033 3674 2103 secunda,

2027 2134 2156 2188 qua:
2188 2116 2428 2189 incipit:
2465 2140 2492 2167 «
2516 2120 2639 2183 Quo
2661 2116 2756 2173 ibo
2780 2135 2814 2172 a
2836 2117 3043 2190 Spiritu
3066 2118 3205 2174 tuo?
3228 2141 3256 2170 »
3281 2119 3539 2176 ostendit
3556 2121 3682 2177 tan-

2026 2209 2145 2261 tam
2178 2205 2280 2261 Dei
2311 2206 2656 2279 potentiam,
2674 2224 2851 2279 quam
2876 2206 3077 2262 nullus
3100 2207 3287 2279 possit
3307 2208 3562 2281 eti‘ugere
3586 2223 3599 2263 :
3623 2212 3683 2267 et

2026 2299 2262 2366 propter
2286 2310 2463 2366 quam
2495 2294 2747 2350 tenebrae
2780 2294 2986 2349 mundi
3013 2312 3129 2350 non
3153 2298 3473 2367 potuerunt
3494 2296 3685 2353 occul-

2023 2382 2154 2451 tari,
2182 2382 2298 2438 imo
2326 2384 2452 2455 ipse
2485 2401 2587 2456 per
2616 2399 2745 2439 eam
2778 2383 2982 2437 mundi
3010 2384 3281 2440 tenebras
3299 2382 3676 2442 illuminavit.

2024 2470 2086 2525 In
2118 2470 2308 2538 tertia,
2341 2489 2468 2544 quae
2500 2471 2705 2544 incipit
2730 2489 2742 2527 :
2766 2496 2791 2521 «
2819 2472 3150 2527 Conﬁtcbor
3177 2471 3304 2544 tibi,
3332 2494 3361 2522 »
3392 2472 3531 2545 quia
3561 2477 3678 2531 ter-

2020 2557 2269 2614 ribiliter
2299 2560 2712 2631 magniﬁcatus
2741 2577 2824 2626 es,
2858 2560 3117 2616 ostendit
3147 2578 3210 2617 se
3230 2560 3469 2618 laudare
3489 2561 3675 2619 Deum

2021 2664 2124 2719 pro
2158 2647 2458 2704 beneﬁciis
2489 2665 2616 2719 qua:
2644 2647 2756 2703 sibi
2788 2648 3031 2703 confert.
3068 2649 3130 2703 In
3164 2653 3395 2721 quarta,
3427 2666 3555 2722 qua:
3587 2651 3677 2707 in-

2019 2734 2162 2807 cipit
2186 2752 2199 2790 :
2226 2759 2253 2785 ‹‹
2280 2735 2422 2791 Mihi
2452 2740 2649 2791 autem
2674 2735 2849 2791 nimis
2870 2735 3239 2792 honorificati
3263 2741 3459 2805 sunt,»
3482 2742 3678 2795 osten-

2020 2824 2105 2879 dit
2134 2841 2237 2896 per
2266 2842 2328 2880 se
2358 2826 2541 2881 bonos
2572 2824 2936 2895 cxaltandos,
2962 2824 3150 2880 malos
3172 2825 3585 2897 deprimendos
3611 2845 3679 2885 ac

2019 2914 2386 2969 damnandos
2411 2930 2423 2969 :
2449 2914 2613 2985 ponit
2634 2913 2693 2967 in
2718 2914 2832 2969 {ine
2863 2915 3184 2986 quamdam
3208 2914 3669 2986 conclusionem,

2018 2998 2154 3057 cum
2177 3002 2321 3058 dicit
2346 3019 2358 3058 :
2384 3026 2410 3051 ‹‹
2437 3002 2624 3059 Proba
2641 3019 2754 3073 me,
2769 3002 2923 3058 Deus
2948 3020 2961 3057 :
2986 3024 3013 3051 ››
3032 3006 3256 3058 tantam
3279 3002 3673 3072 altitudinem,

2017 3090 2235 3147 Christi
2266 3090 2628 3159 describens,
2660 3090 2914 3146 intendit
2942 3093 3297 3163 persuadere
3326 3109 3463 3149 eum
3494 3092 3675 3151 hono-

2016 3179 2282 3248 rabilem,
2317 3183 2381 3235 ut
2410 3180 2459 3236 ei
2493 3180 2753 3235 debitum
2785 3180 3167 3236 cxhibeamus
3192 3180 3495 3238 honorem.

2086 3269 2207 3324 Vox
2240 3267 2368 3325 Filii
2395 3270 2469 3324 ad
2500 3270 2749 3335 Patrem,
2776 3292 2803 3318 «
2828 3268 3122 3325 Domine»
3157 3270 3345 3338 Pater,
3378 3274 3444 3326 tu
3475 3293 3504 3321 «
3534 3287 3668 3343 pro-

2016 3358 2168 3414 basti
2184 3374 2333 3425 me,»
2349 3375 2464 3413 non
2479 3360 2632 3430 quod
2647 3359 2762 3413 Deo
2776 3357 2930 3413 Patri
2953 3357 3174 3431 aliquid
3196 3357 3407 3415 fuisset
3422 3358 3669 3415 dubium

2017 3446 2077 3502 in
2108 3447 2453 3516 Christo,vel
2484 3447 2543 3502 in
2575 3447 2775 3519 aliqua
2805 3447 2921 3502 alia
2950 3464 3032 3519 re,
3062 3448 3161 3503 sed
3187 3471 3214 3497 ‹‹
3240 3447 3503 3519 probasti
3538 3471 3566 3498 »
3588 3448 3672 3504 di-

2016 3535 2117 3602 cit,
2152 3535 2209 3590 id
2259 3540 2366 3602 est,
2408 3536 2723 3608 probatum
2781 3535 2915 3591 aliis
2973 3535 3284 3591 ostendisti
3332 3553 3436 3607 per
3482 3536 3672 3593 multa

2016 3624 2459 3696 experimenta:
2501 3624 2658 3679 velut
2713 3642 2847 3680 cum
2899 3628 3158 3679 tentatus
3200 3624 3311 3679 fuit
3356 3641 3392 3679 a
3438 3623 3670 3680 diabolo

2018 3713 2332 3784 (Matth.1v,)
2365 3717 2422 3768 et
2468 3713 2519 3767 ei
2569 3712 2726 3767 nullo
2777 3713 2949 3768 modo
3000 3710 3315 3778 consensit,
3348 3714 3407 3767 et
3433 3710 3671 3783 propria

2018 3805 2204 3857 morte
2254 3819 2316 3857 se
2360 3818 2625 3875 veracem
2676 3817 2805 3856 esse
2853 3799 3242 3855 conﬁrmavit.
3277 3822 3306 3849 «
3339 3799 3604 3856 Probasti
3637 3823 3666 3851 »

2018 3890 2170 3957 dico,
2200 3913 2220 3939 α
2247 3895 2304 3945 et
2332 3888 2652 3961 cognovisti
2686 3906 2833 3954 me,»
2859 3887 2915 3943 id
2939 3891 3049 3958 est,
3074 3887 3376 3960 cognitum
3407 3892 3466 3944 et
3494 3887 3667 3962 placi-

2018 3983 2146 4035 tum
2178 3978 2284 4033 tibi
2306 3995 2398 4033 me
2420 3976 2679 4032 habuisti
2705 3994 2718 4032 :
2747 4000 2774 4028 (ί
2798 3981 2918 4043 tu,»
2947 3977 3212 4043 Domine,
3239 3998 3267 4027 «
3287 3976 3668 4050 cognovisti,»

2018 4067 2075 4122 id
2107 4072 2215 4133 est,
2249 4066 2609 4139 approbasti,
2644 4089 2672 4116 ‹‹
2706 4065 3054 4136 sessionem,
3094 4088 3120 4115 »
3151 4065 3207 4120 id
3254 4069 3364 4133 est,
3408 4065 3670 4138 requiem

2019 4179 2047 4207 ‹‹
2082 4172 2294 4223 meam,
2322 4178 2349 4206 ››
2374 4153 2599 4210 scilicet
2625 4158 2873 4210 mortem
2905 4171 3118 4223 meam,
3143 4154 3203 4209 in
3226 4171 3344 4226 qua
3364 4154 3620 4228 requievi
3638 4172 3673 4211 a

2019 4244 2282 4301 tumultu
2313 4244 2493 4317 hujus
2525 4242 2720 4299 saeculi
2746 4260 2759 4298 :
2786 4266 2814 4293 «
2839 4248 2898 4298 et
2920 4265 2948 4293 ››
2979 4243 3302 4317 cognovisti
3323 4267 3352 4295 «
3378 4260 3672 4301 resurrec-
3698 4236 3701 4239 λ

2018 4334 2237 4389 tionem
2271 4350 2461 4389 meam
2494 4355 2522 4383 ››
2556 4332 2697 4404 quia
2725 4337 2784 4388 et
2813 4348 2943 4388 eam
2976 4332 3183 4400 fecisti,
3217 4336 3273 4388 et
3302 4331 3408 4388 tibi
3438 4337 3671 4405 gratam

2018 4423 2302 4479 habuisti.
2335 4423 2399 4478 In
2428 4422 2538 4477 hoc
2568 4438 2738 4477 versu
2768 4421 2867 4476 ubi
2899 4421 3039 4476 dicit
3072 4437 3136 4476 se
3164 4420 3494 4491 probatam,
3517 4420 3673 4477 sicut

249 4513 309 4565 ct
339 4510 355 4564 i
372 4527 469 4580 pse
486 4510 691 4581 justus
723 4514 922 4565 motus
952 4509 1165 4583 pietate
1197 4527 1375 4582 super
1402 4510 1702 4582 proximus
1748 4528 1907 4577 suos,
1937 4524 1988 4590 Β
2020 4512 2116 4568 alii
2149 4511 2417 4568 homines
2448 4512 2790 4583 probantur,
2813 4508 2955 4563 dicit
2976 4525 3037 4563 se
3071 4508 3284 4562 habere
3314 4507 3665 4578 sessionem,

247 4597 435 4652 vertit
462 4616 523 4655 se
553 4600 627 4654 ad
658 4599 852 4670 ipsum
887 4599 1092 4666 Deum,
1128 4599 1417 4670 precando
1447 4598 1531 4654 eis
1579 4600 1907 4655 misericor-

248 4685 423 4741 diam
454 4687 576 4753 Dei,
610 4687 695 4743 sic
726 4687 929 4744 dicens
954 4704 967 4742 :
993 4688 1037 4743 Ο
1062 4710 1088 4737 ‹‹
1115 4686 1380 4758 Domine,
1395 4686 1795 4744 misericordia
1816 4691 1916 4743 tua

246 4773 310 4829 in
334 4775 649 4847 saeculum,
668 4797 696 4824 »
718 4775 859 4849 quia
879 4775 988 4831 toti
1015 4774 1227 4832 swculo
1250 4775 1567 4832 exhibuisti
1590 4776 1914 4833 misericor-

250 4862 426 4918 diam
450 4879 463 4918 :
488 4868 546 4920 et
565 4863 717 4929 ideo,
736 4864 1050 4936 oDomine,
1068 4881 1288 4937 «opera
1306 4882 1590 4921 manuum
1607 4870 1866 4939 tuarum,
1881 4889 1909 4917 »

249 4951 311 5007 id
344 4955 462 5019 est,
495 4951 656 5025 ipsos
686 4952 978 5023 homines,
1013 4953 1114 5025 qui
1143 4954 1422 5011 dicuntur
1465 4956 1716 5027 speciale
1764 4974 1913 5029 opus

252 5043 454 5112 tuum,
487 5065 514 5092 ‹‹
550 5059 622 5099 ne
671 5042 984 5114 despicias,
1021 5050 1049 5093 iw
1080 5041 1139 5098 id
1171 5047 1281 5111 est,
1316 5062 1430 5098 non
1481 5045 1796 5101 subtrahas
1826 5046 1912 5101 eis

250 5126 355 5185 hic
381 5130 656 5202 gratiam,
678 5133 915 5204 propter
934 5131 1091 5203 quod
1122 5132 1542 5189 damnarentur
1562 5134 1620 5188 in
1641 5133 1757 5189 alia
1776 5134 1910 5189 vita.

667 5273 740 5328 IN
782 5271 1130 5328 PSALMUM
1178 5272 1512 5327 CXXXVIII.

540 5370 796 5426 Trruws
831 5385 843 5424 :
878 5372 941 5425 In
973 5371 1139 5442 ﬁnem
1172 5371 1417 5442 psalmus
1446 5370 1637 5426 David.

334 5506 367 5531 ‹‹
406 5483 666 5554 Domine,
699 5484 961 5557 probasti
993 5502 1107 5541 me.
1143 5510 1164 5539 »
1206 5485 1472 5542 Psalmus
1506 5486 1617 5541 istc
1647 5487 1916 5544 convenit

248 5588 404 5630 vero
434 5572 629 5647 David,
652 5575 754 5647 qui
785 5575 879 5632 hic
910 5574 1466 5647 loquitur.Psalmus
1493 5574 1622 5631 dico
1656 5575 1915 5649 dirigens

2020 4602 2077 4656 id
2110 4605 2216 4669 est,
2251 4605 2536 4656 mortem:
2572 4600 2642 4653 de
2676 4615 2737 4653 sc
2771 4595 3018 4651 humilia
3047 4596 3672 4670 loquendo,signiﬁcat

2022 4690 2192 4747 nobis
2212 4707 2406 4745 veram
2428 4705 2596 4744 suam
2618 4685 3049 4741 humanitatem
3070 4702 3083 4740 :
3105 4702 3241 4741 cum
3258 4701 3391 4741 vero
3405 4685 3673 4743 nominat

2023 4796 2192 4836 suam
2225 4776 2731 4843 resurrectionem,
2756 4774 2876 4830 alta
2905 4775 2976 4830 de
3006 4791 3067 4830 se
3098 4774 3274 4830 dicit:
3299 4778 3358 4830 et
3377 4775 3462 4831 sic
3481 4775 3541 4831 in
3562 4775 3671 4832 hoc

2022 4886 2191 4924 versu
2225 4866 2472 4922 breviter
2502 4863 2766 4937 tangitur
2795 4880 3032 4919 summa
3060 4862 3243 4920 totius
3274 4863 3672 4936 psalmi.Nota

1992 4965 1996 4971 ‘
2021 4956 2161 5030 quia
2189 4956 2285 5011 hic
2308 4954 2493 5010 utitur
2513 4952 2806 5009 artiﬁciali
2830 4953 3035 5009 ordine
3060 4969 3074 5008 :
3102 4953 3266 5025 prius
3289 4952 3443 5008 enim
3469 4951 3677 5024 incipit

2020 5065 2054 5102 a
2083 5044 2525 5119 glorificatione,
2550 5042 2760 5099 deinde
2783 5061 2817 5097 a
2838 5041 3261 5098 resurrectione
3282 5045 3340 5096 et
3359 5039 3632 5112 passione
3655 5057 3669 5096 :

2024 5137 2097 5192 ad
2126 5135 2399 5191 ultimum
2431 5135 2504 5189 ab
2536 5138 2722 5201 utero,
2754 5131 2811 5186 id
2844 5135 2955 5203 est,
2990 5131 3061 5184 ab
3095 5128 3511 5185 incarnatione.

2096 5225 2357 5280 Probasti
2387 5223 2535 5290 dico,
2571 5245 2599 5271 «
2633 5218 2974 5293 cognovisti,
3003 5240 3029 5265 »
3062 5216 3239 5272 etiam
3270 5240 3298 5267 «
3334 5216 3672 5274 intellexisti

2006 5314 2405 5387 cogitationes
2431 5328 2593 5366 meas
2614 5310 2683 5363 de
2706 5308 2934 5379 longe,»
2956 5307 3015 5361 id
3037 5304 3336 5373 cst,multo
3354 5310 3673 5379 antequam

2022 5399 2509 5477 cogitarem,quia
2538 5398 2610 5453 ab
2641 5401 2856 5451 aeterno
2886 5394 3065 5450 etiam
3090 5418 3117 5443 «
3142 5394 3529 5468 investigasti,
3555 5418 3583 5446 »
3612 5395 3674 5452 id

2023 5491 2312 5564 est,plane
2342 5484 2665 5561 cognovisti
2684 5508 2711 5533 (ί
2737 5484 2980 5539 semitas
3012 5500 3230 5551 meas,»
3254 5484 3312 5540 id
3333 5484 3677 5552 est,occulta

2023 5597 2199 5654 opera
2244 5595 2393 5645 mea,
2427 5580 2484 5632 et
2530 5572 2757 5631 occulta
2803 5571 3141 5644 voluntatis,
3177 5598 3204 5624 «
3238 5579 3297 5632 et
3343 5572 3674 5632 funiculum
