4060 6180
379 296 500 358 663

819 295 1230 356 HAYMONIS
1262 294 1802 356 HALBERSTAT.
1835 291 2081 356 EPISC.
2113 293 2287 355 OPP.
2321 295 2524 355 PARS
2556 293 2604 354 Ι.
2638 328 2715 337 -
2743 292 3147 356 COMMENT.
3181 291 3378 353 BIBL.

3667 289 3780 350 664

383 445 606 499 meum,
641 450 670 479 »
718 427 783 484 id-
823 430 932 494 est,
959 425 1277 498 judicium,
1317 425 1558 494 scilicet,
1589 426 2022 497 discretionem,
2053 423 2109 492 Α
2135 444 2232 495 es;
2265 427 2315 484 si
2335 428 2688 483 descendere
2710 428 2781 483 ad
2805 427 2868 482 in
2893 427 3310 495 fex-num,»an
3331 421 3788 480 veredescondit

384 536 562 594 quam
591 534 697 591 ego
727 517 906 573 habui
936 515 1089 572 inter
1107 516 1328 572 bonum
1349 519 1407 572 et
1428 516 1648 572 malum
1677 535 1690 572 :
1714 521 1777 572 tu
1797 516 2030 573 investi-

294 612 304 622 ‘
382 607 554 683 gusti,
587 607 648 662 id
673 609 782 674 est,
815 605 1066 678 perfecte
1096 605 1440 677 cognovisti,
1474 605 1628 661 sicut
1657 606 1908 678 perfecte
1938 605 2026 661 in-

379 696 666 769 vestigata
693 693 862 767 plene
886 699 1340 767 cognoscuntur.
1354 695 1482 750 Alia
1503 695 1810 750 translatio
1832 694 2025 762 habet,

380 808 411 836 α
443 781 822 841 directionem
854 800 1068 839 meam.
1104 806 1133 833 »
1165 784 1272 839 Per
1299 783 1627 840 funiculum
1676 801 1808 838 vero
1837 783 2030 838 direc~

379 873 598 931 tionem
629 876 688 930 et
705 877 930 929 rectum
943 872 1239 945 judicium
1263 873 1523 945 accipere
1545 871 2030 945 possumus,quia

381 963 441 1018 in
491 961 752 1019 funiculo
805 960 1151 1033 carpentarii
1207 964 1265 1016 et
1311 961 1408 1016 alii
1467 963 1714 1035 operarii
1767 961 2031 1035 dirigunt

380 1068 558 1125 opera
585 1069 712 1108 sua.

449 1159 520 1214 Et
550 1175 664 1214 non
689 1161 916 1214 tantum
944 1157 1396 1230 cognovisti,scd
1421 1183 1447 1209 ‹‹
1471 1159 1647 1216 etiam
1681 1177 1887 1215 omnes
1907 1158 2030 1214 vias

381 1263 564 1318 meas,
596 1268 624 1298 »
658 1248 716 1302 id
746 1251 854 1314 est,
889 1247 1088 1302 omnia
1116 1247 1429 1303 manifesta
1459 1265 1633 1321 opera
1663 1265 1812 1313 mea,
1839 1273 1864 1297 ‹‹
1893 1265 2033 1320 prm-

379 1335 580 1392 vidisti
625 1359 653 1386 »
703 1335 890 1391 multo
939 1339 1254 1408 antequam
1309 1339 1514 1392 ﬁerent
1547 1355 1560 1392 :
1595 1337 1724 1393 ideo
1769 1338 1852 1392 sic
1901 1337 2031 1392 dico

382 1447 410 1474 «
441 1423 800 1492 intellexisti,
825 1423 1162 1497 praevidisti,
1193 1447 1218 1473 ››
1242 1429 1300 1480 et
1321 1425 1556 1492 similia,
1584 1450 1609 1475 ‹‹
1637 1426 1776 1498 quia
1805 1444 1918 1484 non
1943 1431 2033 1481 est

383 1528 574 1570 sermo
607 1535 634 1563 ››
667 1513 794 1569 sine
823 1529 904 1568 re.
938 1513 1101 1568 Unde
1141 1511 1256 1568 alia
1301 1514 1445 1569 dicit
1491 1513 1816 1582 translatio,
1851 1540 1878 1564 «
1916 1532 2030 1570 non

381 1601 574 1670 dolus,
607 1601 667 1658 in
699 1602 902 1676 lingua
922 1619 1088 1658 mea:
1126 1626 1152 1653 υ
1186 1619 1320 1659 cum
1351 1604 1495 1658 dicit
1525 1622 1586 1660 se
1609 1604 1666 1658 in
1690 1604 1890 1677 lingua
1917 1622 2030 1660 non

382 1708 677 1764 peccasse,
712 1691 771 1747 in
817 1709 933 1764 qua
981 1693 1216 1766 gravius
1265 1697 1354 1748 est
1399 1697 1578 1765 stare,
1612 1693 1805 1748 innuit
1835 1711 1895 1750 se
1928 1711 2032 1750 nec

2138 518 2336 574 anima
2365 519 2627 574 humana
2654 534 2790 573 cum
2824 515 3144 580 divinitate,
3177 536 3206 564 «
3239 513 3399 569 ades.
3437 533 3468 562 ››

2210 649 2237 674 ‹‹
2273 625 2329 683 Si
2365 642 2588 697 pennas
2619 641 2803 691 meas,
2838 646 2866 673 »
2899 623 2956 678 id
2985 626 3093 688 est,
3127 619 3543 694 opera-divinae
3588 625 3790 692 petes-

2138 715 2296 781 tatis,
2331 732 2456 788 quze
2489 731 2594 787 ego
2623 713 2844 782 dimisi,
2877 730 2948 767 ex
2977 727 3092 785 quo
3124 711 3250 784 ipse
3283 710 3366 765 fui
3396 709 3457 764 in
3498 713 3793 784 potestate

2137 805 2497 872 Judzeerum,
2529 803 2671 876 quia
2700 820 2804 858 nec
2838 801 2941 857 feci
2968 799 3272 866 miracula,
3307 815 3412 856 nec
3441 797 3620 854 etiam
3654 816 3794 871 prte-

2139 892 2347 960 dicavi,
2380 916 2408 942 ‹‹
2443 909 2748 966 sumpsero
2797 889 3077 960 diluculo,
3112 911 3140 937 »
3167 888 3224 944 id
3250 893 3360 956 est,
3393 887 3456 942 in
3495 903 3794 943 resurrec-

2140 981 2298 1038 tione
2345 982 2498 1036 facta
2549 981 2826 1050 diluculo,
2866 999 2888 1030 ι
2917 983 2974 1036 et
3020 977 3355 1034 habitavere
3402 977 3464 1032 in
3511 977 3794 1032 extremis

2139 1072 2343 1142 maris,
2380 1094 2400 1120 ι
2436 1071 2492 1126 id
2525 1075 2634 1140 est,
2668 1070 2727 1124 in
2760 1068 3125 1126 extremitate
3156 1065 3376 1138 saeculi,
3400 1067 3502 1122 sed
3519 1067 3650 1138 jam
3674 1083 3794 1122 non

2137 1161 2336 1216 vivens
2365 1160 2483 1216 vita
2513 1158 3044 1215 mortali.Christus
3065 1157 3220 1213 enim
3253 1172 3566 1228 resurgens
3587 1173 3622 1210 a
3643 1172 3799 1210 mor-

2139 1250 2278 1318 tuis,
2305 1251 2430 1322 jam
2466 1266 2580 1304 non
2613 1247 2860 1303 moritur
2887 1249 3087 1316 (Rom,
3117 1248 3222 1316 vx.)
3242 1246 3405 1311 Quod
3437 1247 3637 1300 autem
3667 1243 3798 1316 ipse

2139 1342 2296 1394 extra
2330 1339 2532 1394 mundi
2565 1337 2742 1393 vitam
2765 1337 2998 1403 viveret,
3013 1333 3365 1408 significavit
3383 1350 3518 1389 cum
3543 1334 3714 1389 stetit
3734 1332 3797 1388 in

2141 1427 2353 1496 littere,
2388 1426 2694 1500 discipulis
2727 1424 3137 1498 navigantibus
3169 1424 3228 1478 in
3260 1422 3408 1478 mari
3439 1422 3800 1492 (Matth.x1v,)

2141 1517 2297 1590 quod
2330 1515 2700 1588 significabat
2729 1514 2789 1570 in
2819 1515 2924 1582 eis,
2948 1513 3104 1586 quod
3135 1511 3327 1568 adhuc
3347 1511 3465 1567 vita
3487 1511 3696 1568 mundi
3717 1513 3804 1567 vi-

2140 1610 2358 1671 verent,
2391 1607 2718 1678 Antequam
2748 1603 3016 1658 Christus
3055 1603 3404 1674 resurgeret,
3440 1617 3574 1656 cum
3609 1600 3802 1656 disci-

2143 1693 2264 1765 puli
2301 1693 2660 1766 navigarent,
2683 1691 2698 1744 i
2707 1708 2810 1764 pse
2842 1690 3091 1763 pedibus
3119 1690 3371 1761 desuper
3399 1705 3562 1744 mare
3590 1689 3804 1744 ambu-

381 1780 440 1837 in
472 1780 605 1836 aliis
635 1781 954 1838 cecidisse:
979 1787 1037 1838 et
1069 1799 1170 1854 per
1199 1783 1306 1838 hoc
1330 1800 1391 1838 se
1417 1787 1524 1838 Dee
1547 1800 1650 1854 per
1670 1783 1866 1838 omnia
1887 1783 2033 1840 bene
2063 1801 2110 1865 Β
2145 1781 2304 1854 lavit,
2340 1782 2679 1855 significans
2711 1780 2768 1836 in
2801 1779 2995 1852 seipse
3025 1779 3178 1852 quod
3221 1777 3416 1834 adhuc
3462 1777 3523 1834 in
3569 1779 3804 1836 mundo

381 1869 696 1943 placuisse.
729 1871 904 1936 Quasi
939 1869 1217 1926 dixisset:
1243 1871 1394 1925 Dum
1427 1871 1788 1944 investigasti
1822 1872 2034 1944 cogita-

377 1958 568 2016 tiones
617 1959 752 2014 Adm
807 1958 980 2032 primi
1031 1959 1311 2030 parentis,
1346 1959 1926 2031 semitas,judicium
1976 1967 2034 2016 et

377 2047 526 2116 vias,
557 2065 624 2104 ac
654 2047 912 2104 filiorum
941 2048 1091 2118 eius,
1125 2047 1265 2120 quia
1293 2047 1495 2103 dolosa
1534 2049 1879 2120 cognovisti,
1913 2050 2030 2105 dis-

379 2135 712 2210 plicuerunt
731 2137 870 2194 tibi:
899 2154 991 2191 me
1013 2139 1210 2191 autem
1244 2154 1347 2208 per
1376 2136 1574 2190 omnia
1605 2139 2030 2209 cognoscendo,

379 2225 526 2282 nihil
559 2225 619 2281 in
650 2243 745 2282 me
793 2223 1064 2281 invenisti
1115 2223 1174 2278 in
1225 2241 1340 2296 quo
1388 2223 1780 2280 oll'enderetur
1827 2227 2036 2284 oculus

381 2320 544 2372 tuus.

458 2444 488 2472 «
517 2422 682 2488 Ecce,
719 2441 747 2468 ››
778 2419 918 2492 quid
951 2435 1288 2474 enumerem
1317 2436 1421 2492 per
1451 2419 1730 2494 singula?
1761 2446 1788 2472 «
1822 2425 2035 2491 tu,De-

385 2509 564 2578 mine,
597 2507 919 2581 cognovisti
951 2506 1150 2564 omnia
1181 2507 1518 2578 novissima,
1539 2532 1564 2558 »
1585 2511 1826 2578 scilicet,
1845 2513 1914 2568 de
1933 2513 2038 2568 hu-

387 2597 635 2657 militate
663 2611 814 2664 mea,
837 2618 867 2646 ‹‹
888 2599 946 2652 et
967 2617 996 2647 η
1017 2597 1216 2654 omnia
1237 2620 1266 2647 «
1290 2598 1534 2672 antiqua
1557 2621 1584 2648 ι)
1611 2601 1942 2668 mea,veluti
1965 2603 2038 2660 de

389 2685 694 2743 divinitate
723 2701 874 2754 mea,
907 2701 1088 2758 quam
1119 2689 1314 2742 tecum
1345 2686 1526 2744 habes
1565 2689 2038 2747 consubstantia-

386 2773 502 2832 lem
533 2774 640 2833 tibi
669 2775 742 2833 ab
772 2779 988 2832 aeterno
1019 2790 1032 2830 :
1068 2799 1094 2826 «
1129 2779 1193 2830 tu
1224 2777 1486 2832 formasti
1519 2793 1632 2843 me,
1659 2799 1688 2826 »
1713 2780 2036 2836 secundum

385 2853 814 2924 humanitatem
839 2883 852 2934 ;
876 2869 932 2922 et
951 2888 978 2915 «
997 2882 1173 2938 super
1189 2883 1305 2933 me,
1322 2888 1350 2916 »
1372 2867 1690 2923 formatum
1712 2867 2033 2938 hominem,

393 2974 422 3013 ιι
451 2954 706 3026 posuisti
735 2971 980 3011 manum
1013 2957 1196 3024 tuam,
1229 2978 1256 3004 »
1276 2955 1336 3010 id
1361 2959 1470 3022 est,
1493 2956 1738 3012 verbum
1761 2962 1952 3024 tuum,
1976 2958 2036 3016 id

385 3047 497 3110 est,
532 3043 743 3102 Filium
774 3046 968 3112 tuum,
1001 3059 1117 3114 quo
1149 3043 1427 3116 operaria,
1463 3044 1707 3100 induisti
1755 3062 1895 3101 mea:
1927 3047 2036 3103 hu-

388 3131 682 3192 manitati.

2141 1874 2464 1946 procelloso
2495 1872 2729 1927 viveret.

2213 1981 2274 2037 Si
2308 1981 2388 2035 ita
2419 1995 2724 2050 sumpsere
2755 1993 3000 2049 pennas,
3035 1977 3194 2044 ades,
3227 1979 3285 2030 et
3311 1991 3441 2031 vere
3471 1975 3611 2032 ades
3649 1999 3672 2026 ι
3708 1981 3806 2032 et-

2141 2071 2300 2126 enim
2333 2068 2472 2124 illuc
2506 2090 2533 2117 ››
2561 2065 2782 2124 scilicet
2813 2070 2878 2121 ut
2906 2065 3165 2121 habitem
3195 2063 3254 2120 in
3288 2065 3572 2120 extremis
3587 2065 3805 2134 maris,

2143 2159 2200 2214 id
2234 2163 2342 2225 est,
2368 2161 2432 2213 ut
2453 2157 2566 2213 sim
2598 2159 2761 2212 extra
2790 2154 2970 2210 vitam
3003 2153 3328 2219 mortalem,
3349 2176 3376 2202 ‹‹
3398 2170 3610 2209 manus
3635 2157 3807 2224 tua,»

2144 2249 2202 2303 id
2235 2250 2343 2313 est,
2377 2245 2637 2318 operatio
2669 2249 2790 2312 tua,
2821 2266 2848 2293 «
2878 2243 3126 2298 deducet
3150 2257 3264 2309 me,
3284 2263 3306 2292 ι
3331 2246 3388 2299 et
3407 2241 3587 2298 etiam
3610 2241 3674 2298 in
3696 2243 3810 2300 im-

2146 2335 2499 2392 mortalitate
2531 2351 2623 2390 me
2654 2349 3020 2406 perseverare
3050 2331 3254 2400 faciet;
3288 2335 3346 2389 et
3375 2331 3484 2388 hoc
3515 2336 3608 2388 est
3641 2349 3656 2389 :
3697 2357 3726 2386 ι
3755 2337 3811 2390 et

2145 2427 2382 2481 dextera
2411 2429 2532 2488 tua,
2572 2446 2592 2473 ι
2631 2423 2690 2478 id
2722 2425 2832 2489 est,
2866 2420 3047 2478 Filius
3091 2426 3250 2488 tuus,
3282 2420 3507 2478 scilicet
3535 2421 3810 2480 Verbum

2145 2519 2316 2570 tuum
2348 2512 2493 2568 mihi
2525 2511 2756 2568 unitum
2789 2535 2816 2562 ‹‹
2847 2510 3070 2567 tenebit
3102 2527 3210 2568 me.
3250 2532 3280 2562 η

2215 2623 2334 2695 Ego
2364 2620 2495 2676 dice
2533 2641 2560 2673 ι
2587 2619 2824 2676 dextera
2855 2617 3096 2687 tenebit,
3122 2640 3146 2672 ι
3177 2641 3205 2669 ‹‹
3228 2621 3288 2676 et
3311 2640 3332 2666 ι
3368 2617 3550 2691 etiam
3576 2619 3806 2689 «dixi,-

2145 2711 2204 2768 id
2253 2713 2362 2782 est,
2412 2707 2748 2777 deliberavi,
2787 2730 2808 2758 ι
2845 2705 3088 2764 forsitan
3152 2707 3424 2774 tenebrm,
3469 2731 3499 2758 »
3550 2707 3808 2778 Irenice,

2145 2799 2314 2873 quasi
2347 2799 2566 2855 diceret
2589 2813 2602 2852 :
2623 2798 2768 2854 Cum
2799 2800 2963 2854 tanta
2993 2795 3072 2852 sit
3101 2796 3154 2852 ei
3185 2799 3541 2870 potestas,,et
3561 2798 3810 2858 dextera

2146 2907 2255 2946 sua
2285 2889 2368 2946 ita
2395 2905 2489 2946 me
2520 2891 2730 2955 teneat,
2765 2884 3021 2944 stultitia
3047 2889 3140 2942 est
3168 2885 3218 2942 si
3247 2885 3381 2958 quis
3421 2891 3598 2958 putat
3644 2889 3807 2960 quod

2146 2980 2419 3046 tenebris,
2453 2978 2510 3033 id
2543 2981 2652 3048 est,
2673 2975 2965 3033 tenebrosi
2997 2974 3170 3031 istius
3190 2974 3321 3031 vita:
3343 2999 3370 3026 «
3397 2992 3492 3032 me
3515 2997 3546 3026 η
3569 2976 3810 3034 valeant

2146 3066 2524 3126 conculcare:
2553 3065 2802 3122 tenebris
2834 3082 2948 3120 non
2979 3081 3116 3122 eum
3138 3088 3165 3115 ‹‹
3189 3065 3676 3123 conculcabunt»
3702 3068 3808 3125 sed

2061 3169 2108 3237 ρ
2146 3154 2341 3226 potius
2377 3177 2397 3203 ι
2438 3171 2568 3220 nox,
2603 3174 2632 3203 ››
2666 3151 2722 3207 id
2756 3156 2864 3220 est,
2893 3151 3160 3210 homines
3190 3151 3346 3224 pleni
3377 3153 3724 3226 ignorantia
3751 3159 3809 3214 et

451 3235 623 3302 Dico,_
644 3239 708 3294 tu
733 3253 828 3292 me
859 3235 1147 3303 formasti,
1168 3240 1226 3293 et
1257 3253 1363 3310 ego
1394 3237 1702 3295 scientiam
1737 3244 1899 3296 tuam
1922 3242 2030 3298 feci
2080 3235 2104 3237 id
2142 3243 2396 3315 peccatis
2425 3243 2482 3298 in
2534 3241 2644 3298 hac
2690 3239 2828 3310 vita,
2859 3240 2947 3296 vel
2995 3240 3174 3297 etiam
3224 3241 3442 3298 mortui
3491 3245 3710 3300 retenti
3747 3245 3804 3300 in

381 3321 710 3380 mirabilem
739 3341 754 3378 :
787 3327 846 3379 et
889 3323 1000 3378 hoc
1049 3328 1138 3380 est
1169 3341 1181 3380 :
1219 3349 1245 3375 ‹‹
1281 3325 1527 3382 scientia
1558 3331 1680 3394 tua,
1715 3329 1772 3383 id
1802 3334 1912 3398 est,
1942 3331 2033 3388 lex

380 3415 484 3466 tua
505 3410 728 3468 scilicet
749 3411 1084 3486 evangelica
1103 3413 1388 3486 doctrina,
1405 3415 1462 3470 in
1485 3433 1603 3488 qua
1625 3419 2035 3476 manifestatur

382 3499 654 3558 voluntas
685 3505 807 3568 tua,
840 3525 869 3552 «
902 3505 992 3557 est
1024 3501 1174 3558 facta
1209 3525 1236 3552 ››
1269 3502 1610 3562 hominibus
1637 3529 1657 3556 α
1689 3524 1757 3563 cx
1780 3526 1892 3575 me,
1921 3533 1946 3558 ››
1972 3509 2030 3566 id

381 3594 492 3658 est,
507 3606 576 3646 ex
596 3607 728 3646 mea
758 3591 1166 3664 praedicatione
1187 3595 1244 3648 et
1265 3593 1621 3666 operatione,
1637 3619 1665 3646 «
1690 3597 1978 3656 mirabilis
2003 3622 2031 3649 ››

381 3678 522 3752 quia
549 3679 610 3736 in
641 3695 708 3740 ea
738 3684 1063 3754 cgnoscunt
1083 3681 1487 3740 remissionem
1513 3690 1882 3756 peccatorum
1903 3689 2028 3745 fieri

381 3785 485 3842 per
508 3769 736 3836 Jesum,
767 3775 826 3827 et
851 3770 1032 3827 vitam
1061 3776 1339 3828 aaternam
1363 3772 1544 3843 justis
1573 3775 1720 3842 dari,
1738 3780 1796 3831 et
1824 3795 2028 3850 perpe-

378 3861 514 3916 tuas
545 3875 748 3931 pennas
776 3858 1010 3931 impiis;
1043 3865 1100 3916 et
1129 3860 1258 3917 ideo
1299 3859 1458 3916 illam
1493 3863 1801 3920 scientiam
1833 3865 2026 3921 admi-

380 3951 590 4002 rantur
621 3963 634 4002 :
668 3951 728 4003 et
756 3964 873 4002 non
903 3951 1137 4004 tantum
1169 3951 1321 4005 facta
1347 3954 1438 4007 est
1467 3968 1569 4023 per
1598 3969 1692 4008 me
1713 3953 2025 4026 mirabilis,

379 4035 482 4110 sed
513 4035 688 4091 etiam
723 4051 826 4107 per
853 4051 948 4091 me
977 4059 1005 4085 «
1039 4037 1362 4094 confortata
1390 4043 1480 4095 est
1505 4063 1526 4088 ι
1553 4045 1610 4097 ct
1640 4059 1756 4097 non
1785 4043 2026 4114 titubat,

379 4123 483 4180 aed
510 4121 594 4178 ita
621 4123 871 4179 firmiter
899 4128 990 4179 est
1017 4125 1131 4181 sita
1179 4125 1237 4182 in
1285 4128 1562 4185 cordibus
1595 4129 1924 4196 hominum,
1961 4137 2029 4188 ut

377 4225 484 4267 nec
514 4209 773 4282 periculo
804 4212 1012 4272 mortis
1041 4213 1270 4285 possint
1317 4217 1390 4272 ab
1441 4234 1510 4273 ea
1557 4217 1837 4274 dimoveri
1871 4236 1883 4274 :
1918 4237 2025 4293 ego

377 4299 462 4362 sic
509 4299 840 4356 mirabilem
894 4300 1022 4367 feci,
1075 4302 1159 4358 sic
1211 4305 1552 4378 cenfertavi,
1585 4331 1612 4356 ‹‹
1646 4311 1704 4363 et
1751 4330 1778 4357 ››
1827 4313 2024 4365 tamen

375 4411 405 4440 «ι
440 4402 554 4445 non
587 4392 788 4462 pot-ere
817 4413 845 4441 υ
879 4393 1205 4448 secundum
1246 4393 1698 4462 humanitatem,
1731 4397 1802 4452 ad
1835 4414 1965 4452 eam
1995 4422 2024 4449 ››

374 4475 679 4535 scientiam
712 4478 1027 4550 adaquari,
1058 4479 1116 4535 id
1146 4485 1254 4551 est,
1288 4481 1400 4552 ipsi
1439 4480 1576 4549 Deo,
1607 4481 1665 4536 in
1715 4500 1831 4555 quo
1874 4485 2020 4543 nihil

373 4567 467 4622 est
491 4564 652 4621 aliud
683 4565 930 4622 scientia
961 4585 1139 4638 quam
1171 4567 1301 4640 ipsa
1332 4567 1680 4624 Divinitatis.

443 4673 566 4736 Quo
597 4671 736 4728 ibo?
762 4673 901 4729 Pars
931 4675 1207 4730 secunda.
1241 4676 1392 4730 Bene
1419 4675 1546 4730 dico
1580 4695 1692 4731 non
1727 4683 1923 4749 petere
1945 4682 2017 4736 ad

371 4773 500 4814 eam
533 4757 848 4830 adaquari,
881 4761 1022 4833 quia
1053 4766 1216 4818 tanta
1243 4767 1334 4818 est
1377 4767 1636 4834 potestas
1681 4765 1740 4820 in
1789 4769 2014 4838 eadem,

368 4847 526 4920 quod
560 4847 759 4904 nullus
788 4854 982 4921 potest
1011 4850 1263 4921 effugere
1293 4868 1445 4907 eam.
1481 4853 1596 4909 llec
1627 4854 1805 4910 dicit:
1831 4879 1858 4904 ‹‹
1893 4859 2016 4923 Quo

367 4934 486 5005 ibo,
521 4959 549 4985 η
577 4953 684 5010 ego
713 4941 972 4996 remotus
1011 4959 1030 4987 ι
1061 4957 1098 4993 a
1124 4938 1342 5010 Spiritu
1373 4944 1492 5007 tuo,
1527 4966 1552 4992 «
1591 4943 1648 4998 id
1675 4949 1786 5010 est,
1819 4962 1852 5001 a
1884 4947 2010 5017 Spi-

345 5023 484 5086 ritu
533 5026 775 5082 sancto?
805 5051 832 5077 «ι
867 5031 925 5082 et
971 5045 1087 5100 quo
1132 5029 1352 5102 fugiam
1391 5055 1417 5080 »ι
1449 5038 1708 5090 remotus
1741 5058 1768 5085 «
1804 5054 1839 5090 a
1869 5036 2016 5092 facie

363 5115 486 5180 tua,
505 5137 532 5162 ››
551 5113 608 5169 id
625 5119 718 5171 est
737 5133 772 5170 a
794 5117 1062 5188 praasenti
1093 5122 1152 5173 et
1183 5120 1493 5175 manifesta
1521 5123 1852 5196 cognitione
1873 5127 2012 5180 tua?

363 5201 469 5256 Per
499 5202 704 5260 faciem
754 5221 1066 5277 personam
1123 5207 1308 5263 Patris
1356 5208 1450 5264 hic
1501 5209 1794 5284 intelligit,
1829 5231 2008 5284 cpiam

360 5288 490 5346 ideo
521 5292 728 5348 faciem
766 5296 1051 5363 nominat,
1083 5297 1225 5368 quia
1269 5297 1468 5352 omnia
1517 5300 1823 5370 praesentia
1869 5307 2010 5357 sunt

358 5377 410 5432 ei
438 5380 606 5450 quasi
638 5381 697 5436 in
725 5382 870 5438 facie
901 5383 1035 5440 sita.

431 5482 732 5558 Nusquam
766 5505 1080 5560 pessumus
1115 5491 1318 5547 faciem
1340 5494 1764 5567 ell'ugere,quia
1792 5519 1818 5546 «
1842 5495 1889 5552 si
1913 5515 2004 5552 as-

357 5570 604 5629 cendere
633 5574 693 5630 in
719 5575 951 5644 cwlum,
986 5601 1013 5629 ››
1049 5579 1201 5634 sicut
1238 5597 1367 5636 vere
1414 5584 1694 5651 ascendit,
1733 5606 1760 5634 ‹‹
1787 5588 1850 5640 tu
1883 5584 2002 5641 illic

2142 3338 2326 3388 morte
2364 3331 2598 3397 inferni,
2631 3331 2767 3386 facti
2801 3351 2828 3380 «
2861 3328 3216 3386 illuminatio
3268 3346 3418 3398 mea,
3446 3353 3476 3379 »
3505 3331 3568 3388 id
3598 3336 3720 3400 est,
3743 3333 3810 3388 il-

2139 3419 2414 3476 luminati
2446 3437 2481 3476 a
2510 3435 2624 3484 me,
2656 3423 2830 3474 erunt
2862 3442 2890 3469 «
2923 3417 2984 3472 in
3017 3417 3242 3476 deliciis
3272 3418 3478 3486 meis,»
3510 3419 3569 3476 id
3599 3423 3718 3489 est,
3744 3423 3806 3478 in

2139 3508 2432 3582 paradiso.
2467 3507 2780 3563 Paradisus
2813 3523 3068 3580 namque
3091 3508 3310 3566 deliciae
3337 3507 3802 3580 interpretatur:

2139 3596 2271 3654 illos
2301 3597 2458 3652 enim
2491 3613 2640 3669 quos
2665 3595 2884 3652 invenit
2913 3597 3070 3668 apud
3100 3595 3338 3667 inferos,
3361 3597 3527 3654 duxit
3545 3596 3607 3653 in
3631 3614 3805 3670 para-

2138 3685 2357 3740 disum.
2395 3685 2457 3740 lli
2490 3690 2686 3740 autem
2719 3683 2821 3758 qui
2850 3684 3218 3757 vivunt,jam
3241 3701 3345 3758 spe
3365 3689 3508 3744 sunt
3537 3685 3599 3742 in
3627 3703 3804 3760 para-

2137 3775 2288 3842 diso,
2319 3773 2455 3832 licet
2483 3773 2744 3830 nondum
2778 3791 2857 3828 re.

2208 3882 2342 3937 Ideo
2373 3882 2486 3938 erit
2515 3882 2666 3937 facta
2695 3880 3046 3936 illuminatio
3077 3880 3288 3947 noctis,
3321 3881 3462 3954 quia
3485 3886 3572 3950 tu,
3607 3881 3797 3951 Deus,

2136 3970 2502 4026 illuminabis
2529 3969 2800 4025 tenebras
2829 3973 2888 4024 et
2918 3973 3149 4025 noctem
3173 3988 3186 4038 ;
3219 3973 3280 4024 et
3305 3969 3416 4025 hoc
3443 3973 3570 4026 est:
3593 3995 3624 4020 α
3647 3973 3802 4044 quia

2135 4059 2406 4126 tenebrae,
2444 4080 2466 4107 ι
2501 4057 2560 4112 id
2601 4061 2708 4125 est,
2739 4057 2821 4111 illi
2872 4058 2974 4130 qui
3023 4061 3165 4114 sunt
3209 4058 3503 4116 tenebrosi
3549 4066 3804 4132 propter

2134 4145 2547 4221 ignorantiam,
2587 4165 2610 4196 ι
2645 4163 2758 4200 non
2809 4145 3287 4202 obscurabuntur
3329 4163 3364 4201 a
3391 4151 3469 4214 te,
3507 4169 3530 4196 ι
3563 4147 3633 4204 id'
3674 4154 3796 4220 est,

2135 4253 2251 4292 non
2282 4235 2586 4308 permittes
2615 4251 2714 4291 eos
2740 4233 3064 4303 obscurari,
3100 4235 3200 4290 sed
3240 4234 3437 4308 potius
3483 4234 3801 4293 illumina-

2133 4326 2371 4382 buntur.
2409 4348 2435 4374 ‹‹
2471 4325 2542 4380 Et
2571 4347 2600 4374 »
2632 4323 2810 4380 etiam
2841 4346 2870 4374 «
2904 4340 3036 4386 nox,
3069 4323 3128 4378 id
3159 4327 3268 4393 est,
3300 4323 3534 4380 obscuri
3562 4328 3628 4381 et
3649 4341 3794 4397 pes-

2132 4413 2388 4469 sumdati
2408 4413 2467 4468 in
2490 4412 2764 4485 peccatis,
2793 4435 2813 4460 ιι
2839 4410 3270 4480 illuminabitur
3293 4435 3314 4463 ι
3341 4428 3376 4468 a
3397 4416 3473 4480 te,
3497 4416 3557 4469 et
3569 4412 3798 4470 deinde

2053 4537 2109 4603 ﬂ
2132 4503 2242 4558 erit
2273 4525 2294 4552 σ
2333 4503 2487 4557 sicut
2510 4500 2658 4570 dies,
2692 4525 2714 4554 ι
2750 4500 2807 4556 id
2843 4505 2952 4568 est,
2988 4500 3142 4557 sicut
3169 4499 3384 4574 aliquis
3413 4501 3800 4575 sapiens,qui~

2131 4608 2434 4664 nunquam
2455 4590 2510 4644 in
2529 4594 2694 4646 tanta
2709 4589 3102 4662 profunditate
3119 4593 3490 4661 peccatorum
3512 4606 3792 4662 perman-

2129 4679 2287 4734 serit.
2327 4680 2462 4734 Uico
2493 4703 2519 4729 ι(
2555 4697 2667 4734 nox
2700 4677 3146 4747 illuminabilur,
3177 4701 3202 4728 υ
3225 4681 3282 4733 et
3302 4701 3328 4728 α
3352 4677 3506 4734 sicut
3523 4679 3790 4734 tenebrae

2127 4771 2277 4840 cjus‘
2313 4769 2394 4824 ita
2423 4774 2480 4824 et
2512 4768 2709 4824 lumen
2739 4767 2888 4839 ejus,
2925 4791 2948 4819 ι
2983 4767 3126 4840 quia
3153 4772 3374 4839 quanta
3421 4774 3796 4840 cognoscent

2125 4857 2304 4929 aliqui
2339 4861 2575 4928 peccata
2618 4873 2746 4926 sua,
2779 4859 3008 4911 tantum
3059 4855 3344 4928 recipient
3389 4855 3786 4912 illuminatio-

2125 4964 2280 5002 nem.
2317 4946 2474 5001 Unde
2505 4943 2868 5016 Augustinus
2900 4961 2914 4998 :
2947 4946 3248 5011 Quatenus
3275 4944 3452 5000 homo
3479 4946 3786 5017 agnoscit,

2121 5040 2364 5090 eatenus
2394 5033 2506 5088 sibi
2539 5033 2694 5089 Deus
2725 5033 2994 5105 ignescit.

2189 5142 2258 5196 Et
2285 5141 2407 5195 have
2437 5139 2635 5194 omnia
2663 5157 2731 5196 ex
2761 5140 2870 5195 hoc
2900 5139 3257 5212 provenient,
3282 5163 3303 5190 ι
3332 5140 3472 5212 quia
3491 5144 3555 5196 tu
3579 5157 3786 5212 posse-

2117 5229 2256 5285 disti
2287 5247 2453 5286 renes
2484 5245 2666 5296 meos,
2701 5252 2727 5278 »
2759 5229 2817 5284 id
2847 5233 2956 5297 est,
2978 5228 3379 5285 fortitudinem
3409 5232 3468 5285 et
3496 5229 3780 5285 directio-

2117 5337 2250 5375 nem
2282 5336 2496 5389 meam,
2522 5317 2744 5374 scilicet
2773 5335 2867 5374 me
2897 5317 3081 5374 fecisti
3114 5317 3323 5374 fortem
3354 5322 3412 5374 et
3440 5317 3777 5374 immunem

2117 5427 2153 5465 a
2181 5413 2454 5481 peccato;
2487 5412 2544 5462 et
2572 5407 2884 5475 directum,
2918 5425 3034 5462 non
3084 5424 3335 5480 pronum
3384 5406 3457 5462 ad
3509 5406 3719 5462 illicita
3757 5423 3774 5461 :

2117 5516 2228 5552 non
2263 5501 2490 5552 tantum
2521 5497 2650 5551 dice
2681 5519 2708 5544 ‹‹
2745 5496 3077 5567 possedisti,
3109 5519 3135 5545 ››
3168 5496 3269 5552 sed
3299 5497 3476 5552 etiam
3509 5519 3539 5546 α
3573 5511 3780 5552 susce-

2115 5585 2252 5658 pisti
2284 5602 2378 5640 me
2393 5585 2464 5641 de
2480 5589 2645 5641 utero
2668 5584 2871 5641 matris
2894 5600 3093 5652 meae,»
3108 5585 3232 5642 sine
3253 5584 3551 5658 voluptate
3571 5581 3781 5642 carnis
