4018 6176
168 362 289 424 ὣὸ

1352 361 1860 426 EerANATIe
1897 363 1976 423 IN
2022 321 2399 429 PSALMOS.

3456 374 3576 444 666

168 512 266 553 me
296 493 527 568 concipi
555 493 810 563 voluisti,
846 497 1049 568 postea
1077 493 1201 551 sine
1231 498 1467 567 peccato
1514 511 1817 551 conserva-
1844 494 1900 563 Α
1931 497 2246 570 praevidisti
2281 516 2294 555 :
2328 504 2386 557 et
2415 501 2569 558 sicut
2616 503 2953 575 praevidisti,
2988 505 3073 561 sic
3103 506 3398 579 implebis,
3441 510 3582 584 quia

170 585 270 643 sti.

240 699 270 725 κ
303 674 639 730 Conﬁtebor
684 673 813 729 tibi.
864 696 892 722 »
945 673 1084 729 Pars
1128 674 1322 730 tertia.
1371 675 1441 732 Et
1488 674 1626 747 quia
1657 691 1825 731 renes

167 782 336 821 meos
358 765 444 819 ita
470 762 809 836 possedisti,
843 780 947 836 per
996 779 1089 818 me
1137 763 1410 819 tenebras
1452 762 1823 833 illuminasti,

166 858 228 910 et
257 858 470 910 caetera
518 851 731 920 fecisti,
785 852 916 908 ideo
966 875 995 902 «
1046 852 1370 908 conﬁtebor
1400 852 1527 919 tibi,
1565 875 1593 901 »
1626 853 1684 907 id
1715 858 1823 922 est,

166 942 427 999 laudabo
456 946 515 998 te
548 959 561 997 :
595 945 655 997 et
684 941 913 1009 merito,
946 965 974 992 α
1011 941 1150 1014 quia
1197 940 1613 1014 magniﬁcatus
1658 959 1740 1010 es,
1798 964 1826 991 ››

167 1032 228 1089 id
271 1036 390 1099 est,
425 1048 679 1104 magnus
727 1047 995 1103 appares,
1047 1036 1105 1086 et
1152 1029 1262 1085 hoc
1309 1053 1337 1081 «
1386 1030 1745 1102 terribiliter,
1801 1052 1828 1080 ››

165 1124 461 1194 quantum
495 1119 545 1175 si
577 1119 893 1191 malos,qui
918 1119 975 1172 in
1002 1119 1262 1174 futuram
1286 1119 1722 1175 damnationem
1750 1124 1831 1175 at-

167 1208 625 1267 tenduntsibiin
634 1208 862 1279 judicio
878 1224 890 1262 :
908 1207 1040 1263 ideo
1053 1209 1469 1281 magniﬁcatus
1480 1209 1833 1280 quiauopera

166 1304 274 1355 tua
298 1322 329 1347 »
350 1300 423 1354 de
455 1296 827 1370 reparatione
856 1296 1103 1352 humani
1133 1297 1448 1369 generis,et
1476 1301 1683 1354 caetera
1705 1316 1830 1371 quae

166 1387 346 1455 facis,
379 1390 521 1443 sunt
550 1410 578 1436 ‹‹
613 1384 926 1452 mirabilia,
962 1388 1020 1441 et
1049 1385 1249 1441 anima
1285 1403 1415 1442 mea
1462 1393 1773 1460 cognoscet
1806 1412 1832 1437 ι)

162 1476 271 1533 illa
301 1493 482 1549 opera
510 1497 539 1524 ‹‹
573 1474 773 1541 nimis,
811 1496 838 1522 »
880 1472 937 1528 id
986 1478 1094 1542 est,
1144 1474 1333 1531 valde.
1392 1476 1491 1532 llic
1542 1477 1837 1533 invehitur

163 1571 377 1623 contra
403 1565 538 1621 illos
569 1563 672 1635 qui
703 1567 911 1636 putant
941 1562 1241 1619 Christum
1307 1563 1468 1620 olum
1492 1582 1709 1638 corpus
1731 1566 1835 1625 hu.

163 1672 439 1722 manum,
471 1670 578 1710 nec
609 1652 869 1708 animam
901 1652 1224 1708 humanam
1256 1654 1576 1725 accepisse.

236 1746 368 1801 Non
397 1747 631 1799 tantum
662 1744 805 1797 sunt
830 1744 967 1797 nota
997 1739 1142 1796 mihi
1174 1757 1352 1814 opera
1372 1747 1497 1810 tua,
1521 1745 1622 1801 sed
1654 1746 1832 1800 etiam

1934 606 2138 645 omnes
2165 589 2251 645 illi
2276 606 2425 662 quos
2454 591 2767 663 praevidisti
2816 595 2889 649 ad
2937 593 3098 650 illam
3143 598 3581 671 perfectionem,

1934 678 2265 735 scribentur
2295 679 2353 734 in
2386 679 2532 736 libro
2562 686 2684 751 tuo,
2718 681 2776 737 id
2802 681 2977 753 est,in
3010 685 3293 741 memoria
3322 690 3424 742 tua
3457 689 3583 746 :vel

1936 767 1996 822 in
2028 785 2121 823 me
2151 767 2299 840 ipso,
2333 769 2433 841 qui
2458 787 2590 825 sum
2623 770 2790 839 liber,
2813 773 2886 827 ad
2913 772 3083 843 cujus
3111 773 3582 833 conformitatem

1936 856 2279 912 scribuntur
2308 857 2427 924 alii,
2460 862 2518 913 et
2547 868 2717 914 nemo
2749 859 2807 913 in
2840 859 2952 929 eis;
2986 878 3122 917 nam
3154 878 3327 919 nemo
3375 864 3518 920 dicit
3567 882 3579 923 :

1938 946 2057 1017 Ego
2087 963 2219 1000 sum
2254 945 2554 1014 Paulinus,
2578 946 2664 1001 vel
2698 948 2989 1017 Petrinus,
3037 950 3137 1005 sed
3190 950 3584 1010 Christianus.

2013 1055 2041 1082 ‹‹
2075 1034 2214 1088 Mihi
2244 1038 2459 1089 autem.
2488 1057 2515 1083 »
2548 1036 2687 1090 Pars
2710 1040 2938 1108 quarta.
2964 1036 3055 1092 llli
3089 1055 3236 1111 quos
3267 1041 3582 1113 praevidisti

1939 1122 2291 1188 scribentur,
2322 1122 2407 1176 illi
2438 1126 2635 1178 autem
2664 1123 2765 1195 qui
2787 1125 2915 1196 jam
2945 1128 3084 1182 sunt
3113 1150 3140 1176 α
3191 1128 3362 1183 amici
3411 1130 3521 1197 tui,
3556 1152 3584 1180 »

1940 1229 1974 1267 ο
2005 1234 2032 1261 ‹‹
2066 1212 2240 1280 Deus,
2269 1235 2298 1261 »
2328 1210 2486 1267 velut
2516 1212 2913 1284 apostolijam
2936 1235 2964 1261 ‹‹
2989 1218 3130 1269 sunt
3153 1214 3519 1272 honoriﬁcati
3558 1240 3586 1267 »

1941 1305 1999 1356 et
2026 1301 2135 1357 hoc
2170 1324 2197 1350 ››
2228 1300 2441 1356 nimis»
2471 1300 2527 1355 id
2560 1305 2671 1367 est,
2702 1302 2869 1357 valde
2900 1319 2913 1357 :
2948 1305 3005 1357 et
3024 1302 3134 1369 hoc
3156 1324 3184 1351 ‹‹
3210 1303 3454 1358 mihinid
3476 1309 3586 1374 est,

1941 1391 2015 1445 ad
2047 1390 2328 1445 honorem
2361 1388 2727 1461 meum,quia
2751 1407 2853 1461 per
2882 1407 2974 1445 me
3003 1394 3093 1446 est
3122 1391 3309 1446 honor
3327 1393 3593 1464 etaprin-

1942 1480 2173 1550 cipatus
2203 1495 2441 1533 eorum»
2472 1478 2529 1532 id
2560 1482 2669 1549 est,
2694 1482 2973 1550 potestas,
3007 1496 3184 1551 quam
3218 1498 3395 1553 super
3425 1497 3591 1555 reges

1941 1572 2106 1624 terra:
2137 1567 2375 1636 habent,
2411 1591 2439 1617 ‹‹
2474 1570 2563 1622 est
2594 1567 2771 1622 nimis
2806 1590 2834 1615 ››
2865 1567 2923 1621 id
2949 1571 3057 1639 est,
3088 1567 3276 1637 valde,
3299 1593 3326 1619 ‹‹
3362 1571 3592 1626 confor-

1942 1662 2120 1727 tatus,
2158 1679 2186 1705 ››
2214 1655 2354 1729 quia
2381 1656 2575 1712 adhuc
2606 1660 2846 1728 apparet
2876 1656 2935 1710 in
2965 1656 3373 1714 sucessoribus
3413 1658 3593 1729 Petri,

1944 1750 2000 1802 et
2028 1746 2277 1803 aliorum
2309 1744 2727 1818 apostolorum.

166 1832 685 1932 inferioribuspet
713 1830 824 1885 hoc
853 1833 945 1885 est
977 1847 990 1885 :
1028 1852 1067 1932 ἶ
1087 1846 1153 1929 es
1185 1847 1406 1929 meum,
1445 1855 1479 1881 »ν
1502 1832 1560 1888 id
1590 1838 1699 1902 est,
1732 1835 1832 1890 Ec—
1861 1867 1912 1932 Β
2016 1837 2155 1892 Dico
2189 1859 2217 1887 «
2252 1834 2616 1908 principatus
2645 1836 2736 1889 est
2765 1835 3144 1915 confortatus,
3181 1858 3208 1884 ››
3240 1838 3297 1891 et
3345 1835 3429 1890 illi
3474 1853 3590 1892 non

165 1923 372 1989 clesio,
408 1945 435 1972 ‹‹
471 1920 626 1993 quod
671 1940 707 1968 »
745 1934 831 1986 os,
882 1921 944 1973 tu
975 1941 1002 1968 ‹‹
1040 1919 1226 1974 fecisti
1264 1942 1292 1968 »
1323 1921 1674 1994 quandoque
1704 1946 1733 1972 «
1768 1923 1831 1978 in
1861 1919 1909 1932 "
1937 1925 2108 1998 pauci
2157 1928 2317 1990 sunt,
2367 1924 2466 1979 sed
2517 1940 2622 1995 ego
2657 1945 2685 1973 κ
2716 1923 3101 1979 dinumerabo
3151 1942 3271 1993 eos,
3322 1928 3379 1981 et
3426 1947 3452 1973 ››
3504 1924 3590 1979 illi

165 2011 431 2079 occulto,
460 2031 493 2060 »
523 2009 581 2064 id
613 2012 720 2076 est,
769 2011 1030 2079 tempore
1086 2008 1528 2080 prephetarum,
1578 2010 1678 2082 qui
1727 2029 1831 2083 per

167 2100 332 2158 solas
365 2100 585 2171 ﬁguras
614 2113 828 2168 corpus
848 2095 1063 2151 Christi
1093 2113 1220 2152 esse
1238 2097 1591 2167 judicabant
1636 2100 1829 2157 Eccle-

169 2189 329 2246 siam
365 2205 378 2244 :
414 2205 481 2243 os
511 2186 653 2241 illud
684 2201 880 2241 meum
914 2207 942 2235 «
973 2202 1089 2240 non
1121 2188 1212 2240 est
1242 2185 1598 2242 occultatum
1629 2206 1663 2243 a
1692 2192 1769 2257 te,
1798 2211 1827 2240 »

166 2279 318 2353 quia
344 2295 461 2334 non
493 2275 823 2345 oceultasti,
855 2274 974 2330 imo
1005 2274 1365 2331 manifestati
1397 2278 1551 2348 quod
1593 2283 1718 2334 erat
1761 2280 1833 2336 de

167 2368 419 2426 ossibus
448 2363 723 2422 meis.Vel
748 2386 776 2414 «
806 2363 865 2419 in
897 2362 1247 2432 occulto‘,»id
1280 2368 1392 2433 est,
1423 2365 1481 2420 in
1514 2367 1830 2439 baptismo,

165 2462 232 2516 et
259 2454 553 2513 Dominici
573 2452 834 2527 corporis
865 2452 1386 2522 consecratione,et
1415 2454 1474 2510 in
1506 2455 1622 2511 alia
1646 2474 1835 2514 sacra-

167 2545 399 2604 mentis
428 2542 697 2601 Ecclesiae
730 2559 745 2597 :
771 2565 799 2592 «
830 2546 888 2598 et
918 2540 1254 2598 substantia
1285 2559 1416 2599 mea
1449 2566 1477 2593 ››
1498 2561 1611 2600 non
1635 2550 1724 2602 est
1745 2563 1836 2603 oc-

168 2635 406 2693 cultata
433 2632 519 2691 ita
549 2655 577 2684 «
606 2632 667 2687 in
697 2630 1072 2687 inferioribus
1102 2635 1289 2699 terras,
1327 2654 1354 2681 »
1385 2631 1445 2687 id
1474 2637 1581 2702 est,
1596 2632 1656 2689 in
1687 2651 1832 2708 gen-

170 2722 345 2782 tibus
375 2738 506 2796 quaa
537 2724 677 2779 sunt
706 2719 1009 2777 inferiores
1039 2719 1279 2789 Judmis,
1303 2721 1443 2793 quia
1469 2723 1597 2777 sine
1626 2722 1754 2796 lege
1775 2727 1835 2780 et

173 2814 310 2871 sine
324 2811 487 2868 cultu
502 2810 602 2867 Dei
620 2809 786 2883 prius
802 2807 1370 2882 erant.Cognoscunt
1384 2809 1541 2866 enim
1565 2811 1837 2868 substan-

173 2903 331 2981 tiam
361 2900 577 2958 Christi
600 2902 890 2972 gentes,et
918 2915 1054 2954 eum
1084 2915 1287 2954 verum
1319 2899 1504 2955 Deum
1527 2917 1655 2958 esse
1675 2906 1733 2958 et
1752 2920 1839 2959 ve-

177 3008 319 3048 rum
349 2989 655 3046 hominem
687 2987 955 3044 credunt.
989 2986 1153 3054 Quod
1191 2987 1450 3043 Ecclesia
1496 3005 1562 3045 os
1608 2989 1839 3047 dicatur

176 3078 405 3137 Christi
436 3078 613 3134 habet
628 3078 879 3151 ﬁguram
897 3076 957 3131 in
975 3076 1264 3132 creatione
1280 3076 1544 3135 mulieris
1560 3094 1626 3134 ex
1648 3080 1838 3152 primo

176 3168 426 3227 homine
455 3167 609 3237 (Gen.
642 3166 726 3238 η).
762 3166 927 3222 Sicut
956 3164 1112 3221 enim
1163 3182 1229 3221 os
1276 3171 1365 3222 est
1412 3171 1719 3240 sumptum
1767 3169 1839 3227 de

1939 2037 1967 2066 «
2003 2012 2556 2085 multiplicabuntur
2588 2034 2615 2060 »
2650 2028 2893 2068 numero
2925 2016 2984 2068 et
3011 2012 3329 2069 virtutibus
3361 2034 3388 2063 «
3409 2030 3589 2085 super

1940 2121 2200 2170 arenam,
2228 2125 2255 2151 »
2287 2101 2509 2157 scilicet
2540 2105 2605 2155 ut
2635 2100 2819 2156 multo
2853 2102 3148 2173 digniores
3179 2102 3269 2157 sin
3304 2118 3480 2173 quam
3512 2101 3591 2157 sit

1938 2192 2199 2260 arena,id
2231 2190 2697 2257 est,infructuosi
2728 2189 2997 2245 homines
3025 2208 3038 2245 :
3064 2194 3121 2245 et
3158 2190 3281 2245 haec
3303 2189 3591 2261 multipli-

1940 2282 2093 2338 catio
2122 2299 2190 2337 ex
2220 2281 2331 2336 hoc
2362 2279 2680 2353 proveniet,
2733 2277 2874 2351 quia
2920 2295 3026 2351 ego
3058 2301 3087 2328 ‹‹
3119 2278 3438 2345 exsurrexi,
3471 2282 3530 2333 et
3559 2300 3591 2329 η

1940 2375 2133 2427 tamen
2170 2393 2198 2420 «
2233 2369 2426 2425 adhuc
2458 2385 2590 2423 sum
2636 2370 2856 2434 tecum,
2891 2391 2918 2417 ››
2949 2365 3215 2422 occultus
3247 2366 3401 2423 sicut
3430 2366 3595 2439 prius

1942 2459 2192 2532 fui,quia
2222 2458 2484 2515 nondum
2516 2461 2605 2511 est
2634 2456 2951 2512 manifesta
2972 2455 3250 2511 omnibus
3281 2471 3412 2511 mea
3441 2459 3597 2528 pote-

1942 2553 2088 2617 stas,
2111 2566 2243 2621 quas
2268 2547 2505 2602 tandem
2538 2545 2596 2600 in
2620 2544 2848 2618 judicio
2880 2543 3160 2600 omnibus
3190 2544 3428 2617 cognita
3456 2545 3590 2601 erit.

1941 2639 2089 2694 Nota
2118 2634 2568 2708 promissionem
2601 2634 2817 2689 factam
2849 2632 3295 2701 Abrahaa,hanc,
3332 2632 3592 2690 scilicet:

1943 2724 2344 2798 Multiplicabo
2376 2738 2573 2779 semen
2604 2725 2773 2777 tuum
2805 2737 2987 2794 super
3023 2720 3227 2776 stellas
3275 2719 3428 2790 ewli,
3480 2725 3591 2777 etc.

1944 2815 2095 2888 (Gen.
2128 2830 2241 2868 χχιι
2274 2816 2331 2867 et
2357 2810 2533 2882 xxvn).
2567 2810 2673 2865 Per
2703 2806 2905 2864 stellas
2932 2807 3356 2863 fructiﬁcantes
3386 2808 3595 2864 intelli-

1942 2903 2138 2977 gimus
2159 2901 2260 2973 qui
2279 2899 2416 2955 licet
2435 2914 2679 2954 numero
2700 2896 3004 2969 pauciores
3028 2895 3372 2969 sint,plures
3395 2900 3591 2952 tamen

1945 2996 2085 3049 sunt
2116 2990 2175 3046 in
2204 2989 2420 3046 virtute
2450 2991 2507 3043 et
2538 2984 2835 3043 beneﬁciis
2867 2984 2971 3041 Dei
3003 3000 3019 3043 :
3051 3000 3155 3058 per
3182 3001 3421 3041 arenam
3452 3001 3597 3041 vero

1946 3081 2176 3139 steriles
2208 3078 2550 3151 accipimus.

2017 3169 2203 3227 Amici
2232 3167 2317 3223 tui
2350 3170 2490 3223 sunt
2518 3164 2910 3235 honoriﬁcati,
2945 3168 3081 3229 etc.,
3112 3163 3238 3231 sed,
3270 3179 3304 3218 ο
3336 3185 3363 3213 ‹‹
3417 3164 3591 3232 Deus,

175 3259 303 3314 viro
334 3257 411 3313 ad
442 3256 757 3312 creandam
788 3253 1180 3325 mulierem,et
1203 3253 1367 3310 locus
1388 3254 1539 3311 ossis
1559 3273 1838 3314 carnere-
1867 3233 1919 3301 (ἶ
1947 3261 1997 3318 si
2028 3258 2331 3326 occideris,
2365 3280 2393 3307 «
2426 3255 2491 3311 id-
2515 3258 2622 3323 est,
2656 3253 3027 3310 damnaveris
3047 3276 3074 3303 «
3098 3255 3450 3325 peccatores,
3483 3251 3597 3308 »ἰῑε

178 3346 377 3421 pletus
408 3348 520 3413 est,
551 3344 635 3401 sic
666 3344 935 3400 Christus
964 3342 1231 3399 Ecclesiae
1262 3361 1385 3399 sua;
1432 3361 1498 3400 es
1546 3362 1743 3415 suum,
1776 3348 1841 3403 id
1945 3351 2144 3407 dicens
2173 3347 2257 3404 eis
2289 3363 2303 3401 :
2338 3369 2365 3397 ‹‹
2399 3344 2523 3400 Viri
2547 3342 2927 3416 sanguinum,
2960 3340 3249 3397 declinate
3270 3358 3304 3395 a
3331 3357 3596 3414 me,»per

178 3436 486 3505 est,robur
512 3437 571 3489 et
599 3431 965 3488 divinitatem
997 3449 1166 3488 suam
1188 3432 1455 3500 contulit,
1473 3433 1612 3507 quia
1631 3453 1837 3493 omnes
1945 3434 2511 3502 dissimilitudinem,
2542 3433 2612 3488 ad
2658 3448 2834 3504 quem
2882 3428 3131 3503 potestis
3162 3446 3264 3501 per
3296 3430 3487 3485 solam
3515 3428 3593 3485 si-

178 3525 386 3581 ﬁdeles
420 3540 563 3579 suos
593 3521 779 3579 sancti
811 3522 1066 3593 Spiritus
1097 3521 1410 3594 participes
1440 3523 1835 3597 eﬂ’ecit,parti-
1944 3526 2339 3583 militudinem
2366 3519 2765 3579 accedere.Vel
2786 3519 3055 3575 itanere
3077 3535 3209 3574 sum
3232 3518 3598 3590 tecum,quia

176 3629 316 3687 ceps
347 3612 596 3667 eﬁ'ectus
627 3627 746 3666 suae
777 3608 937 3664 illius
966 3608 1373 3665 humanitatis.
1407 3610 1570 3667 Unde
1598 3614 1837 3684 Aposto-
1942 3622 2000 3673 et
2030 3615 2162 3672 illos
2198 3613 2426 3669 viviﬁco
2478 3628 2627 3683 quos
2669 3613 2733 3664 tu
2780 3607 3061 3674 viviﬁcas,
3107 3609 3165 3662 et
3214 3604 3345 3660 iiIOs
3393 3605 3595 3661 occido

176 3701 290 3769 lus,
326 3717 470 3757 cum
502 3700 581 3755 de
603 3699 727 3754 viro
756 3702 814 3754 et
835 3697 1079 3754 muliere
1108 3698 1451 3770 disputaret,
1467 3699 1548 3755 ait
1583 3703 1838 3759 :«Sacra~
1944 3723 2093 3778 quos
2125 3708 2188 3759 tu
2221 3701 2470 3769 occidis;
2505 3704 2563 3755 et
2592 3699 2702 3754 hoc
2733 3701 2840 3765 est,
2867 3719 2896 3746 «ι
2919 3694 2969 3752 si
2999 3692 3280 3750 occideris
3315 3709 3327 3749 :
3360 3715 3389 3742 »
3406 3696 3463 3748 et
3491 3709 3595 3766 per

177 3793 453 3846 mentum
484 3786 723 3861 quidem
756 3803 1041 3860 magnum
1072 3790 1162 3843 est
1195 3802 1207 3842 :
1241 3803 1348 3859 ego
1377 3791 1573 3843 autem
1613 3789 1744 3847 dico
1772 3791 1833 3847 in

176 3878 410 3935 Christo
442 3880 501 3933 et
530 3876 788 3932 Ecclesia
818 3876 1030 3949 (Ephes.
1051 3878 1129 3944 v).
1166 3897 1195 3924 »

244 3963 600 4023 S‘ubstantia
621 3979 751 4019 mea
773 3980 889 4019 non
917 3967 1007 4018 est
1028 3962 1318 4019 occultata
1349 3965 1406 4019 in
1438 3964 1831 4038 inferioribus,

178 4056 277 4110 sed
315 4077 346 4104 «
380 4053 794 4126 imperfectum
821 4068 1043 4117 meum,
1074 4073 1103 4101 »
1134 4050 1193 4105 id
1238 4057 1353 4119 est,
1384 4053 1837 4126 completionem

176 4143 445 4216 corporis
475 4141 758 4214 mei,quae
789 4141 989 4197 futura
1018 4144 1108 4196 est
1133 4141 1191 4195 in
1223 4140 1339 4196 alia
1365 4142 1503 4209 vita,
1538 4160 1665 4214 quae
1696 4161 1837 4199 non-

175 4232 333 4287 dum
357 4234 445 4287 est
473 4230 734 4303 perfecta
761 4253 789 4280 ‹‹
820 4229 1092 4284 viderunt
1118 4228 1270 4284 oculi
1304 4229 1411 4301 tui,
1450 4252 1477 4279 ››
1511 4230 1566 4285 id
1598 4234 1705 4299 est,
1739 4249 1831 4287 so-

171 4319 267 4375 las
299 4318 631 4393 cognovisti
660 4341 690 4367 ‹‹
723 4321 782 4373 et
811 4334 1016 4373 omnes
1048 4338 1076 4366 ι)
1108 4314 1195 4371 illi
1226 4316 1327 4388 qui
1359 4317 1419 4372 in
1449 4320 1665 4373 aeterna
1691 4319 1829 4388 vita,

172 4406 319 4465 licet
352 4408 523 4465 modo
553 4406 769 4475 desint,
821 4405 1200 4478 complebunt
1247 4421 1462 4477 corpus
1506 4410 1698 4476 tuum,
1744 4408 1837 4463 vel‘

172 4513 406 4564 meum,
437 4495 681 4564 scilicet,
717 4517 745 4545 ‹‹
780 4494 841 4550 in
870 4493 1020 4550 libro
1049 4498 1152 4550 tuo
1182 4494 1534 4564 scribentur,
1572 4518 1599 4545 ››
1631 4496 1689 4552 id
1721 4501 1828 4566 est,

1943 3795 2054 3851 hoc
2085 3795 2249 3848 notat
2277 3807 2411 3845 eum
2442 3787 2723 3860 aqualem
2758 3783 2933 3840 Patri.

2015 3884 2148 3938 Ideo
2179 3878 2482 3943 discedite,
2530 3899 2557 3926 ‹‹
2604 3873 2744 3947 quia
2786 3871 2981 3929 dicitis
3029 3870 3089 3926 in
3139 3868 3508 3944 cogitatione,
3562 3891 3590 3918 »

1942 3971 2052 4029 hoc
2083 3968 2305 4027 scilicet
2335 3983 2348 4021 :
2385 3989 2412 4017 ‹‹
2458 3964 2762 4036 Accipiant
2811 3984 2841 4010 ››
2890 3958 3205 4016 Christiani
3236 3957 3341 4029 illi,
3376 3958 3433 4013 id
3480 3961 3588 4027 est,

1942 4060 2275 4117 removeant
2305 4074 2339 4111 a
2368 4054 2536 4111 nobis
2570 4074 2598 4104 «
2628 4051 2890 4107 civitates
2912 4067 3110 4118 suas,»
3137 4049 3197 4104 id
3219 4052 3328 4119 est,
3352 4064 3594 4103 conven-

1938 4151 2126 4205 tiones
2156 4163 2316 4215 suas,
2348 4143 2681 4199 habitantes
2712 4164 2739 4190 ‹‹
2774 4139 2834 4194 in
2862 4137 3141 4205 vanitate,
3178 4160 3206 4187 »
3233 4137 3292 4193 id
3323 4141 3434 4207 est,
3469 4137 3593 4192 ina-

1941 4238 2111 4303 niter,
2148 4233 2286 4307 quia
2318 4233 2503 4287 nubes
2537 4233 2595 4286 et
2623 4228 2824 4285 inania
2854 4226 3078 4283 colunt.

2012 4325 2072 4382 Si
2104 4329 2167 4379 tu
2198 4323 2280 4379 ita
2309 4319 2612 4387 occideris,
2654 4322 2712 4373 et
2758 4334 2864 4391 ego
2896 4316 3191 4382 occidam;
3226 4320 3284 4371 et
3314 4315 3425 4371 hoc
3455 4318 3545 4371 est
3577 4332 3589 4369 :

1941 4440 1969 4467 ‹‹
2004 4416 2207 4471 Nonne
2236 4405 2337 4484 qui
2369 4410 2617 4466 oderunt
2646 4408 3000 4475 te,Domine,
3031 4405 3311 4461 oderam?
3344 4426 3373 4453 ››
3402 4403 3462 4458 id
3483 4407 3591 4469 est,

1940 4502 2192 4579 gratiam
2223 4497 2643 4556 subtrahebam
2680 4512 2694 4550 ε
2730 4496 2967 4550 oderam
3000 4493 3224 4563 utique,
3254 4512 3282 4540 «
3315 4495 3387 4579 et,
3414 4490 3591 4579 etiam

171 4586 229 4641 in
260 4589 488 4642 aeterna
517 4582 803 4640 memoria
831 4587 935 4639 tua
962 4582 1349 4638 indelebiliter
1378 4585 1825 4655 permanebunt,
1860 4605 1906 4669 Β
1937 4576 1967 4647 ᾇ
2000 4610 2177 4667 super
2206 4588 2476 4645 inimicos
2509 4590 2641 4641 tuos
2675 4584 2997 4650 tabescam,
3032 4602 3059 4630 ››
3103 4580 3160 4634 id
3212 4582 3324 4646 est,
3358 4576 3591 4633 delicia-

169 4680 227 4731 et
254 4674 518 4747 aequales
548 4672 1202 4739 erunt,«formabuntur
1229 4672 1355 4727 dies
1390 4696 1416 4720 η
1448 4673 1728 4743 lucentes,
1769 4676 1823 4731 id

171 4764 688 4837 est,cognitionem
707 4760 964 4816 divinam
988 4760 1495 4827 habentes.Vel,ut
1516 4761 1627 4816 alia
1650 4767 1833 4819 trans-

174 4850 320 4908 latio
347 4853 544 4919 babet,
579 4874 608 4901 ‹‹
643 4850 1059 4906 formabuntur
1088 4848 1191 4915 dii,
1226 4870 1254 4897 ››
1286 4849 1372 4904 vel
1404 4850 1519 4921 dei,
1552 4850 1773 4907 scilicet
1797 4871 1832 4908 a

172 4940 638 5012 divinitate,quae
669 4938 946 4995 formabit
975 4955 1075 4995 eos
1104 4939 1176 4994 de
1206 4938 1467 4995 tenebris
1496 4939 1555 4995 in
1595 4940 1783 4997 lucem
1812 4960 1825 5011 ;

172 5028 263 5084 vel
294 5029 732 5096 formabuntur,
784 5050 813 5079 «
863 5032 919 5083 et
967 5044 1139 5083 nemo
1172 5049 1200 5075 »
1233 5027 1582 5084 formabitur
1611 5053 1637 5079 ‹‹
1667 5031 1752 5085 eis
1800 5054 1827 5080 ››

172 5117 316 5189 quia
348 5117 492 5173 nulli
516 5121 792 5190 poterunt
808 5115 1374 5187 conferrejustitiam
1396 5119 1572 5185 ;unde
1591 5123 1829 5190 Aposto-

172 5206 267 5262 lus
301 5225 319 5263 :
354 5207 460 5274 Qui
487 5208 646 5263 enim
675 5207 900 5280 plantat
926 5210 1029 5263 aut
1056 5206 1159 5277 qui
1192 5205 1343 5277 rigat
1372 5205 1517 5260 nihil
1566 5212 1676 5273 est,
1726 5211 1826 5265 sed

171 5296 332 5352 Deus
361 5296 461 5368 qui
487 5296 918 5353 incrementum
951 5296 1053 5351 dat
1071 5295 1119 5364 (Ι
1144 5294 1348 5367 Conv).
1380 5294 1482 5351 Vel
1515 5314 1829 5368 possumus

170 5385 439 5441 accidere
467 5385 897 5458 imperfectum,
948 5384 1105 5456 quod
1154 5382 1346 5438 adhuc
1394 5384 1556 5439 deest
1602 5387 1827 5457 corpori

168 5472 417 5540 Christi,
449 5473 567 5529 nisi
596 5473 698 5547 qui
729 5475 801 5530 de
831 5472 1089 5529 Ecclesia
1120 5471 1313 5527 fuerit.
1346 5471 1445 5526 Vel
1478 5474 1525 5527 si
1558 5474 1821 5533 dicatur:

168 5560 587 5633 imper-ﬁcetum
619 5562 902 5630 meum,id
935 5565 1025 5618 est
1049 5560 1180 5616 illos
1210 5559 1310 5632 qui
1340 5559 1397 5614 in
1430 5560 1539 5617 hac
1568 5563 1689 5619 vita
1707 5581 1828 5621 cor-

167 5665 518 5720 pus'meum
547 5651 870 5725 perﬁcient,
904 5674 931 5701 ‹‹
965 5650 1236 5706 viderunt
1266 5648 1416 5705 oculi
1449 5651 1596 5720 tui,»
1629 5653 1685 5708 id
1713 5660 1820 5727 est,

1934 4686 2071 4741 bam
2104 4681 2301 4736 dolore
2334 4693 2434 4749 pro
2470 4670 2910 4743 inimicis,quod
2942 4674 3076 4725 tuos
3097 4671 3154 4723 et
3176 4671 3346 4722 tuum
3376 4682 3589 4721 nomen

1944 4769 2393 4845 impugnabant.

2014 4885 2042 4913 «
2078 4858 2334 4916 Perfecto
2366 4854 2498 4910 odio
2531 4853 2767 4908 oderam
2802 4849 2957 4906 illos.
2992 4871 3019 4899 »
3055 4848 3311 4905 Perfecte
3340 4845 3597 4917 odit,qui‘

1939 4952 2094 5025 quod
2122 4945 2343 5003 malum
2394 4945 2483 4999 est
2510 4942 2654 5009 odit,
2688 4944 2746 4998 ct
2775 4939 2931 5012 quod
2961 4942 3053 4995 est
3082 4956 3151 4994 ex
3197 4938 3335 5025 Deo,
3363 4934 3593 5025 scilicet

1936 5019 2491 5105 creaturam,diligit
2521 5049 2534 5087 :
2568 5034 2626 5086 et
2652 5030 2793 5101 quia
2815 5029 2900 5085 sic
2923 5024 3340 5094 oderam,sicut
3361 5019 3595 5076 inimici

1936 5128 2045 5196 tui,
2078 5127 2158 5181 ita
2187 5123 2365 5179 etiam
2399 5144 2425 5170 ‹‹
2462 5118 2683 5176 inimici
2716 5118 2851 5173 facti
2884 5121 3025 5173 sunt
3058 5113 3332 5170 mihinme
3362 5110 3584 5165 haben-

1936 5220 2023 5271 tes
2054 5212 2314 5270 odio.Vel
2348 5211 2395 5266 si
2429 5209 2507 5265 sit
2537 5208 2594 5263 in
2628 5207 2840 5276 littera,
2864 5227 2893 5255 «
2926 5203 3218 5274 accipiant
3250 5201 3308 5254 in
3328 5198 3586 5254 vanitate

1937 5304 2220 5370 civitates,
2254 5323 2283 5353 »
2316 5300 2399 5355 sic
2422 5299 2691 5353 dicamus
2722 5311 2734 5348 :
2772 5294 2828 5350 Si
2863 5289 3165 5357 occideris,
3192 5289 3583 5359 Deus,pecca-

1934 5397 2092 5449 tores
2122 5392 2180 5446 in
2213 5387 2488 5462 peccatis,
2522 5389 2580 5440 et
2609 5386 2906 5440 convertes
2935 5380 3007 5435 ad
3030 5377 3348 5452 justitiam,
3380 5376 3463 5431 ita
3496 5375 3585 5431 di-

1935 5498 2074 5537 cens
2105 5475 2415 5535 obstinatis
2447 5473 2506 5527 in
2537 5471 2708 5527 malis
2741 5469 2879 5523 :Viri
2914 5464 3587 5541 sanguinum,declinate

1936 5588 1969 5626 a
2000 5566 2111 5629 me.
2148 5590 2174 5616 »
2207 5564 2345 5638 quia
2374 5561 2572 5618 dicitis
2606 5561 2660 5614 in
2698 5556 3136 5631 cogitatione,id
3167 5559 3279 5629 est,
3312 5571 3585 5610 murmu-

1936 5658 2079 5717 ratis
2110 5659 2312 5713 contra
2335 5668 2427 5711 me
2451 5667 2464 5706 :
2485 5648 2535 5710 si
2566 5649 2649 5707 sic
2680 5646 2983 5717 occideris,
3006 5645 3099 5701 illi
3113 5644 3289 5702 occisi
3332 5643 3415 5703 sic
3441 5643 3585 5710 δορὶ,
