4060 6180
200 262 213 297 Ι

207 342 324 404 669

1387 340 1693 403 EXPLAN
1702 337 1886 400 ATIO
1929 336 2009 400 IN
2058 339 2203 401 PSA
2214 340 2442 405 LMOS.

3496 351 3618 416 6'10

204 480 485 535 extranea
514 475 796 549 periculla
821 493 833 532 :
854 500 883 531 α
910 476 1109 533 Virtus
1132 508 1156 533 .›
1190 475 1321 532 dico
1345 503 1369 528 σι
1400 473 1611 532 salutis
1642 488 1805 539 meae,
1829 492 1856 521 η
1887 469 1945 540 Α
1974 474 2031 526 et
2058 477 2199 529 sunt
2219 477 2463 533 materia
2488 478 2598 551 ipsi
2622 480 2792 551 justi,
2820 480 2879 535 in
2911 481 3186 553 periculis
3205 483 3526 542 clamantes
3545 487 3618 543 ad

203 564 265 621 id
287 569 399 635 est,
425 582 551 638 quae
575 582 669 621 me
692 565 826 621 fecit
849 565 1074 622 salvum
1099 583 1133 622 a
1153 563 1541 638 suprapositis
1562 560 1858 635 periculis,

205 656 353 728 quia
408 657 474 710 tu
517 677 545 704 «
588 654 977 721 obrumbasti,
1020 678 1046 705 ››
1078 654 1136 709 id
1193 658 1301 721 est,
1352 651 1862 708 obumbrationem

205 748 398 811 tuam,
432 760 506 798 ne
536 742 793 815 aliquem
826 746 1034 799 aestum
1065 743 1328 811 sentiret,
1361 740 1609 815 posuisti
1636 762 1663 790 «
1686 756 1865 812 super

206 836 390 906 caput
443 847 666 899 meum,
692 854 720 880 ››
752 831 810 887 id
870 837 980 899 est,
1013 831 1335 899 Christum,
1367 834 1426 886 et
1471 830 1580 885 hoc
1601 851 1630 878 «
1663 828 1723 883 in
1770 828 1863 883 die

204 920 370 989 belli,
391 943 420 972 »
454 921 565 977 hoc
594 923 704 990 est,
736 919 795 975 in
826 920 920 976 die
961 919 1275 992 passionis,
1309 919 1369 974 in
1411 936 1527 991 quo
1570 917 1696 990 ipse
1725 934 1861 973 cum

204 1009 443 1066 diabolo
500 1008 784 1083 pugnavit
816 1025 829 1064 :
864 1026 980 1082 quo
1010 1008 1255 1077 devicto,
1286 1025 1474 1081 genus
1530 1007 1861 1062 humanum

204 1097 501 1155 liberavit.

278 1187 354 1242 Et
383 1186 526 1258 quia
554 1186 838 1242 beneficia
878 1188 1005 1259 jam
1055 1186 1199 1242 mihi
1253 1185 1612 1258 praerogasti,
1648 1185 1800 1249 ideo,
1831 1200 1864 1238 o

208 1298 236 1324 κ
272 1273 544 1343 Domine,
568 1290 640 1329 ne
671 1275 873 1330 tradas
901 1291 995 1331 me
1024 1275 1334 1347 peccatori,
1353 1298 1380 1324 »
1405 1275 1460 1329 id
1492 1278 1582 1329 est
1609 1272 1862 1339 diabolo,

207 1381 244 1419 ιι
263 1362 560 1418 desiderio
582 1379 735 1430 meo,
756 1364 813 1418 id
837 1368 927 1419 est
947 1365 1099 1436 quod
1126 1381 1240 1419 non
1260 1368 1491 1418 tantum
1513 1362 1867 1418 accendatur

207 1451 595 1524 suggestione
644 1450 859 1507 diaboli
912 1454 1097 1508 fomes
1148 1453 1389 1526 peccati,
1422 1451 1522 1525 qui
1568 1451 1760 1507 adhuc
1806 1450 1863 1504 in

208 1557 390 1597 carne
451 1544 649 1596 nostra
702 1545 811 1608 est,
843 1546 909 1596 ut
939 1559 1042 1614 per
1070 1542 1179 1598 hoc
1211 1543 1512 1597 trodamur
1568 1541 1628 1595 in
1686 1538 1868 1595 domi-

213 1629 384 1686 nium
412 1629 631 1685 diaboli
666 1646 680 1684 :
713 1630 842 1687 ideo
872 1648 1021 1703 opus
1049 1634 1139 1688 est
1168 1630 1389 1704 precari
1427 1652 1456 1682 ‹‹
1488 1646 1559 1685 ne
1588 1630 1809 1696 tradas,
1838 1650 1865 1677 ››

211 1718 359 1792 quia
382 1740 411 1769 «
433 1722 641 1775 contra
660 1735 752 1774 me
774 1720 1203 1793 cogitaverunt;
1231 1742 1257 1769 »
1279 1718 1494 1775 diaboli
1526 1722 1581 1776 et
1611 1716 1867 1773 ministri

211 1808 377 1879 ejus;
410 1807 513 1864 sed
556 1811 643 1879 tu,
675 1807 941 1877 Domine,
967 1832 995 1859 ‹‹
1019 1825 1091 1865 ne
1122 1807 1495 1881 derelinquas
1527 1824 1641 1878 me,
1667 1829 1695 1855 »
1728 1807 1864 1862 sub-
1896 1840 1945 1905 Β

206 1895 498 1953 trahendo
535 1896 810 1970 gratiam,
834 1920 862 1948 ‹‹
897 1913 969 1953 ne
1026 1898 1173 1954 forte
1230 1896 1691 1954 exaltentur»et
1738 1894 1865 1968 glo-

216 1985 472 2052 rientur,
504 1985 552 2040 si
588 2002 683 2042 me
711 1991 1024 2059 potuerunt
1056 1987 1167 2043 sibi
1198 1988 1582 2044 conformare.

273 2097 303 2123 «
329 2077 537 2147 Caput.
566 2097 593 2124 »
616 2075 758 2131 Pars
802 2076 992 2133 tertia.
1026 2076 1426 2149 Diapsalmus.
1459 2076 1575 2132 Nec
1619 2074 1866 2148 dignum

206 2163 478 2235 estquod
512 2162 625 2236 ipsi
653 2163 1002 2232 exaltentur,
1020 2165 1160 2239 quia
1186 2170 1244 2221 et
1262 2189 1289 2216 «
1316 2170 1494 2238 caput
1522 2182 1784 2237 eorum,»
1808 2164 1865 2220 id

202 2257 292 2307 est
311 2250 648 2319 diabolus,«
674 2257 765 2309 est
782 2253 1122 2321 circuitus,»
1143 2254 1244 2327 qui
1273 2270 1573 2326 nunquam
1600 2259 1752 2309 recte
1784 2255 1866 2309 in-

198 2339 377 2407 cedit,
403 2340 507 2396 sed
530 2357 764 2414 semper
784 2340 1203 2398 circumeundo
1224 2360 1237 2398 :
1258 2346 1316 2398 et
1335 2364 1363 2393 «
1386 2342 1553 2398 labor
1571 2341 1863 2398 laborium

202 2428 598 2502 ipsorum,»id
617 2432 708 2485 est
729 2430 1200 2502 mendacium,ad
1218 2432 1371 2503 quod
1391 2432 1863 2503 componendum

200 2525 289 2576 est
309 2518 705 2575 laborandum
729 2536 742 2575 :
762 2520 862 2591 qui
887 2520 1044 2576 enim
1067 2536 1270 2577 verum
1289 2520 1449 2587 dicit,
1464 2538 1579 2577 non
1600 2521 1828 2577 laborat
1848 2539 1862 2589 ;

202 2609 424 2663 veritas
456 2622 562 2680 per
608 2607 863 2681 seipsam
895 2626 958 2665 se
981 2609 1239 2665 ostendit
1280 2608 1616 2666 credibilem
1650 2626 1665 2666 :
1698 2610 1866 2667 labor

200 2696 328 2769 ipse
360 2694 585 2768 operiet
613 2712 735 2764 eos,
768 2695 826 2753 id
856 2702 945 2753 cst
984 2696 1233 2754 involvet
1274 2702 1332 2754 et
1367 2697 1711 2772 illaqueabit
1739 2716 1859 2756 eos.

199 2784 325 2852 Vel,
364 2801 439 2839 ne
470 2786 671 2842 tradas
698 2802 792 2841 me
823 2786 1131 2858 peccatori,
1156 2791 1491 2860 separatum
1524 2805 1558 2843 a
1586 2788 1737 2844 bono
1770 2790 1864 2844 de-

200 2873 422 2929 siderio
454 2890 738 2947 meo,quo
766 2875 1053 2932 desiderio
1082 2877 1155 2931 ad
1190 2880 1245 2933 te
1277 2876 1575 2949 pervenire
1603 2877 1751 2933 volo.

264 2962 339 3018 Et
370 2962 516 3034 quia
556 2962 706 3019 tales
747 2967 906 3036 sunt,
941 2964 1070 3020 ideo
1099 2988 1120 3014 ι
1147 2967 1358 3022 cadent
1386 2981 1564 3039 super
1592 2982 1712 3031 eos,
1741 2988 1768 3015 »
1800 2964 1857 3020 id

201 3055 290 3107 est
312 3054 620 3107 conterent
639 3051 801 3125 ipsos
827 3075 847 3102 ι
874 3053 1177 3119 carbones,
1203 3076 1231 3103 »
1253 3053 1313 3109 id
1338 3057 1427 3111 est
1452 3055 1689 3110 ardores
1721 3054 1861 3109 mali

198 3139 840 3213 concupiscentiarum,
896 3146 955 3198 et
1009 3143 1247 3199 tandem
1292 3166 1321 3194 ‹‹
1364 3143 1602 3215 dcjicics
1646 3161 1747 3201 eos
1796 3144 1853 3199 in

1972 560 2308 619 Dominum.
2335 566 2398 621 In
2430 566 2619 639 prima
2648 573 2812 641 parte
2832 569 3049 625 clamat
3078 573 3149 627 ad
3183 572 3522 642 Dominum,
3547 592 3622 632 ne

1972 650 2125 707 male
2140 653 2354 725 cogitet
2372 672 2385 709 :
2403 655 2491 711 vel
2513 660 2571 712 et
2587 657 2636 713 si
2658 658 2809 714 male
2826 658 3221 732 cogitet,quod
3240 660 3620 734 cogitationes

1972 756 2090 795 sua)
2124 758 2238 797 non
2270 750 2656 818 prorumpant
2686 747 2744 803 in
2771 748 2946 803 verba
2977 763 2989 803 :
3024 747 3112 803 vel
3162 748 3211 805 si
3261 750 3411 807 male
3441 753 3619 808 etiam

1970 828 2265 902 loquatur,
2288 849 2360 886 ne
2382 850 2548 889 suam
2574 835 2848 891 defendat
2868 836 3175 906 malitiam,
3191 839 3265 893 ad
3286 841 3442 911 quod
3467 840 3623 897 videt

1972 936 2034 974 se
2062 937 2313 991 pronum
2346 940 2461 977 non
2495 927 2723 979 tantum
2749 942 2817 980 ex
2836 929 3048 982 natura
3077 927 3293 995 carnis,
3317 929 3416 985 sed
3441 928 3618 985 etiam

1971 1024 2041 1063 ex
2070 1008 2360 1065 malorum
2392 1012 2707 1079 consortio,
2730 1013 2830 1084 qui
2864 1014 2984 1069 haec
3008 1016 3208 1071 omnia
3236 1016 3457 1072 faciunt
3481 1034 3493 1073 :
3518 1017 3619 1090 qui

1971 1101 2030 1152 et
2061 1097 2212 1153 male
2242 1100 2587 1170 cogitantes,
2614 1101 2769 1156 mala
2790 1101 3130 1174 loquuntur,
3153 1108 3212 1159 ct
3242 1122 3410 1160 suam
3432 1107 3622 1162 defen-

1972 1186 2122 1241 dunt
2169 1187 2478 1243 malitiam.
2513 1189 2575 1244 In
2623 1191 2882 1245 secunda
2940 1195 3121 1262 parte,
3183 1210 3309 1264 qua:
3368 1193 3617 1266 incipit:

1974 1296 2001 1323 «
2025 1274 2307 1347 Corripiet
2344 1294 2437 1332 me
2476 1277 2699 1348 justus,
2726 1300 2753 1327 ››
2785 1278 3042 1333 ostendit
3072 1296 3133 1333 se
3165 1280 3361 1351 potius
3411 1280 3624 1353 eligere

1973 1364 2362 1421 correctiones
2383 1365 2684 1436 justorum
2708 1383 2885 1437 quam
2911 1366 3127 1435 oleum,
3152 1366 3211 1421 id
3234 1371 3323 1423 est
3345 1367 3626 1423 adulatio-

1974 1469 2109 1507 nem
2152 1455 2852 1525 peccatoriszostendens
2882 1455 3061 1511 etiam
3110 1454 3265 1528 quod
3298 1474 3434 1511 cum
3485 1457 3622 1511 mali

1974 1558 2089 1596 non
2135 1545 2384 1613 possunt
2438 1560 2541 1615 per
2587 1543 2788 1599 dolum
2839 1546 3138 1615 proficere,
3173 1545 3399 1601 faciunt
3444 1546 3624 1601 etiam

1975 1630 2317 1687 manifestas
2339 1632 2773 1704 persecutiones
2800 1650 2814 1688 :
2839 1636 2896 1689 ct
2915 1637 3118 1688 contra
3137 1633 3246 1689 hoc
3268 1634 3434 1705 ponit
3453 1651 3624 1689 suam

1974 1720 2461 1791 deprecationem.
2488 1721 2736 1777 Intentio
2780 1725 2888 1787 est,
2919 1725 2985 1777 ut
3022 1721 3082 1776 in
3121 1721 3499 1779 tribulatione
3530 1740 3623 1779 so-

1976 1807 2096 1863 lum
2129 1808 2390 1864 divinum
2426 1808 2708 1865 auxilium
2738 1809 3028 1883 eligamus
3057 1810 3371 1884 refugium.

2049 1896 2227 1964 Quasi
2257 1898 2338 1953 ita
2366 1898 2618 1955 diceret:
2644 1902 2760 1955 Vos
2790 1898 2964 1972 positi
3007 1898 3066 1954 in
3103 1899 3501 1970 tribulatione,
3525 1917 3624 1955 so-

1978 1985 2101 2042 lum
2134 1986 2397 2042 divinum
2421 1987 2583 2043 vobis
2615 1987 2832 2044 sumite
2861 1986 3169 2056 auxilium,
3190 1988 3455 2060 exemplo
3487 1988 3622 2057 mei,

1978 2075 2116 2148 quia
2171 2093 2277 2149 ego
2334 2077 2392 2131 in
2450 2075 2849 2145 tribulatione,
2883 2094 2916 2132 o
2947 2100 2974 2127 ‹‹
3008 2075 3273 2144 Domine,
3320 2099 3342 2126 ιι
3396 2093 3628 2149 semper

1978 2188 2007 2214 «
2040 2164 2285 2220 clamavi
2318 2165 2390 2220 ad
2422 2168 2506 2233 te;
2536 2187 2562 2214 »
2585 2168 2642 2220 et
2670 2164 2797 2220 ideo
2825 2187 2846 2214 ι
2875 2165 3083 2220 exaudi
3115 2182 3207 2221 me
3240 2188 3267 2214 »
3298 2163 3543 2220 clamavi
3569 2168 3629 2220 et

1977 2253 2263 2319 clamabo,
2296 2259 2514 2309 etcum
2557 2254 2882 2310 clamavero
2931 2254 3005 2309 ad
3054 2258 3132 2325 te,
3160 2277 3186 2304 α
3217 2253 3455 2309 intende
3503 2253 3626 2308 voci

1976 2360 2138 2399 meae.
2170 2366 2196 2393 ››
2219 2343 2474 2398 Dicendo
2506 2342 2751 2398 clamavi
2782 2346 2838 2399 et
2868 2342 3155 2414 clamabo,
3188 2346 3353 2397 notat
3381 2341 3629 2398 assidui-

1974 2436 2152 2488 tatem
2181 2432 2485 2487 orationis.

2046 2520 2185 2575 Dico
2213 2543 2240 2569 «
2274 2520 2529 2587 intende,
2555 2541 2583 2570 »
2614 2523 2671 2575 et
2702 2537 2805 2592 per
2833 2519 2995 2575 illam
3025 2519 3410 2575 intentionem
3434 2542 3463 2570 «
3491 2518 3629 2575 diri-

1972 2613 2147 2682 gatur
2180 2607 2363 2664 oratio
2394 2625 2524 2663 mea
2574 2607 2633 2662 in
2692 2612 3008 2679 conspectu
3066 2613 3188 2676 tuo,
3212 2607 3383 2680 sicut.
3423 2608 3626 2664 incen-

1973 2713 2128 2761 sum,
2157 2719 2183 2745 η
2206 2697 2359 2768 quod
2412 2695 2669 2768 positum
2716 2712 2894 2767 super
2923 2696 3140 2768 ignem,
3166 2695 3358 2752 reddit
3402 2697 3625 2752 bonum

1970 2786 2232 2850 odorem,
2258 2784 2335 2839 ita
2356 2784 2541 2839 oratio
2565 2801 2696 2840 mea
2715 2783 2956 2839 incensa
2977 2783 3112 2857 igne
3133 2784 3624 2855 compunctionis,

1971 2872 2200 2946 placeat
2219 2873 2348 2940 tibi,
2373 2876 2431 2928 et
2452 2872 2530 2928 sit
2547 2896 2573 2922 ‹‹
2601 2871 2957 2928 sacrificium
2979 2872 3439 2945 vespertinum,»
3459 2872 3513 2927 id
3537 2877 3630 2929 est

1972 2961 2030 3016 in
2064 2962 2179 3016 fine
2225 2961 2355 3016 vita:
2408 2978 2548 3015 mea:
2584 2978 2597 3015 :
2635 2974 2740 3015 nec
2788 2959 3198 3032 qualecunque
3244 2960 3622 3028 sacrificium,

1970 3050 2071 3105 sed
2101 3072 2122 3098 α
2151 3048 2393 3104 elevatio
2415 3064 2756 3118 manuum,»
2782 3045 2841 3102 id
2872 3051 2967 3102 est
2989 3046 3231 3103 directio
3255 3063 3573 3104 «mearum
3596 3071 3624 3098 »

1968 3139 2255 3195 bonarum
2285 3135 2714 3210 operationum.

198 3229 402 3303 ignem
433 3251 460 3276 ιι
486 3233 801 3299 ωιεωυως
834 3235 891 3286 et
920 3231 980 3286 hi
1020 3231 1168 3287 tales
1204 3231 1380 3305 positi
1403 3256 1430 3283 ‹‹
1456 3232 1517 3288 in
1547 3233 1802 3289 miseriis
1822 3255 1850 3284 »
1885 3206 1928 3273 (ἶ
2038 3227 2178 3283 Dico
2202 3246 2224 3270 «
2257 3225 2563 3293 clamavi,»
2594 3229 2652 3282 et
2690 3230 2777 3291 tu,
2803 3243 2828 3268 α
2859 3224 3125 3295 Domine,
3150 3244 3175 3270 ιι
3209 3225 3475 3298 placatus
3522 3244 3627 3301 per

194 3317 374 3374 veluti
412 3318 471 3373 in
497 3317 633 3391 igne
654 3320 1016 3391 precedente
1039 3320 1244 3376 faciem
1270 3321 1514 3393 judicis,
1534 3344 1561 3373 ι(
1583 3339 1700 3377 non
1723 3323 1858 3378 sub-

196 3406 414 3463 sistent
436 3429 466 3456 »
485 3407 627 3479 quia
655 3407 1021 3464 involventur
1048 3408 1148 3464 illo
1168 3408 1324 3482 igne,
1347 3414 1405 3465 et
1426 3409 1779 3467 inducentur
1796 3411 1857 3468 in

196 3497 476 3553 tenebras
505 3500 751 3553 aeternas
792 3514 806 3551 :
848 3497 998 3571 justi
1046 3515 1179 3554 vero
1234 3497 1519 3571 increpati
1552 3516 1655 3572 per
1686 3499 1855 3555 illum

194 3584 394 3658 ignem
429 3585 786 3642 transibunt.

261 3675 413 3731 ltem
434 3674 597 3746 ponit
609 3692 847 3732 causam
862 3677 1260 3734 damnationis
1272 3694 1473 3733 eorum
1487 3678 1852 3734 commixtim

199 3765 253 3817 et
269 3762 716 3819 damnationem
734 3785 749 3835 ;
769 3764 937 3837 quasi
954 3765 1197 3821 diceret:
1215 3766 1349 3821 Ideo
1372 3783 1484 3822 non
1506 3766 1851 3836 subsistent,

196 3851 333 3923 quia
353 3851 616 3925 linguosi
640 3858 799 3919 sunt,
823 3857 882 3909 et
905 3876 932 3903 α
957 3853 1044 3908 vir
1063 3853 1430 3927 linguosus,»
1457 3854 1514 3909 id
1536 3859 1625 3910 est
1644 3854 1745 3927 qui
1772 3856 1855 3910 in-

198 3940 571 3997 considerate
587 3940 997 4013 loquitur,non
1019 3943 1328 3998 attendens
1344 3943 1485 4015 quid
1507 3942 1713 4009 dicat”
1735 3961 1852 3999 non

188 4027 487 4102 dirigetur
515 4051 537 4078 ι
568 4028 640 4084 ad
673 4029 825 4085 bona
854 4046 1060 4102 opera;
1094 4031 1251 4085 unde
1276 4029 1552 4086 Salomon
1586 4030 1644 4085 in
1678 4030 1851 4086 Para-

184 4115 374 4173 bolis:
401 4140 432 4166 «
458 4120 524 4172 In
563 4116 938 4191 multiloquio
971 4136 1088 4174 non
1121 4118 1306 4174 deerit
1332 4123 1636 4191 peccatum
1661 4121 1847 4189 (Prov.

190 4207 280 4273 x);
306 4228 335 4253 »ι
357 4228 386 4256 ‹‹
422 4205 485 4260 in
518 4209 732 4277 terra,»
765 4206 822 4262 id
856 4211 947 4262 est
976 4207 1037 4262 in
1069 4207 1178 4263 hac
1206 4207 1344 4275 vita,
1369 4207 1577 4263 saltem
1602 4230 1630 4258 ‹‹
1657 4207 1847 4263 virum

187 4291 483 4365 injustam
518 4294 678 4350 mala
707 4295 940 4368 capient
968 4295 1028 4371 in
1059 4295 1357 4362 interitu,»
1381 4296 1438 4351 id
1470 4296 1645 4352 estin
1676 4297 1811 4353 fine.

253 4382 411 4438 Bene
435 4381 568 4439 dico
585 4384 742 4456 quod
764 4384 921 4440 mala
942 4384 1176 4457 capient
1195 4385 1601 4458 eos,quoniam
1619 4402 1724 4460 ego
1746 4402 1850 4459 per

187 4470 480 4542 Spiritum
513 4476 787 4528 sanctum
810 4497 837 4524 «ι
865 4473 1107 4547 cognovi
1135 4496 1163 4523 ››
1189 4474 1344 4547 quod
1368 4475 1653 4530 Dominus
1680 4475 1850 4531 faciet

1968 3315 2122 3371 hanc
2161 3315 2540 3371 elevationem
2592 3331 2899 3379 manuum,
2925 3334 2948 3358 α
2983 3332 3131 3387 pone
3177 3315 3504 3371 custodiam
3536 3317 3623 3373 ori

1967 3422 2119 3473 meo,
2145 3427 2168 3452 »
2203 3405 2259 3460 id
2292 3409 2385 3460 est
2425 3402 2588 3460 cordi
2630 3421 2778 3471 meo,
2804 3421 2876 3459 ne
2908 3403 3059 3459 male
3088 3404 3361 3477 cogitem.
3384 3406 3463 3461 Os
3493 3406 3623 3462 ideo

1966 3512 2067 3551 cor
2086 3493 2467 3566 dicitur,quia
2491 3493 2645 3549 sicut
2662 3510 2728 3548 os
2756 3493 2879 3547 hiat
2902 3493 2973 3547 ad
3007 3491 3402 3560 refectionem,
3422 3493 3506 3549 ita
3526 3511 3625 3550 cor

1966 3584 2156 3640 inhiat
2184 3588 2240 3639 et
2270 3583 2566 3639 desiderat
2597 3581 2751 3637 refici
2794 3580 2989 3636 divina
3018 3580 3235 3653 gratia;
3261 3600 3285 3625 α
3316 3586 3375 3637 et
3403 3582 3620 3638 ostium

1965 3671 2496 3742 circumstantiae,»
2534 3671 2689 3742 quod
2740 3669 3106 3735 circumstet,
3149 3670 3306 3741 quod
3354 3670 3624 3726 obstruat

1962 3761 2120 3817 labia
2151 3778 2222 3816 ne
2254 3761 2475 3815 malum
2509 3759 2852 3830 loquantur,
2888 3774 3039 3829 pone
3067 3779 3092 3804 α
3124 3756 3297 3814 labiis
3327 3757 3495 3814 meis.
3522 3784 3547 3809 η

2032 3852 2103 3906 Et
2131 3848 2362 3905 etiamsi
2397 3851 2791 3920 prorumpunt
2832 3846 3010 3901 verba
3040 3845 3249 3901 illicita
3278 3845 3616 3918 aliquando,

1962 3962 1990 3988 ‹‹
2013 3955 2127 3994 non
2149 3936 2407 3992 declines
2424 3953 2523 3992 cor
2543 3952 2740 3990 meum
2762 3935 2822 3989 in
2840 3934 3015 3989 verba
3035 3932 3273 3989 malitia:
3290 3951 3339 4002 ;»
3358 3938 3416 3989 et
3437 3951 3614 4006 quam

1962 4025 2247 4083 malitiam
2276 4023 2583 4099 intelligat,
2620 4023 2995 4091 determinat,
3028 4021 3252 4078 scilicet
3282 4046 3304 4072 ‹‹
3337 4023 3407 4078 ad
3439 4039 3617 4079 excu-

1961 4116 2217 4173 sationes
2242 4145 2267 4169 ι.
2295 4113 2591 4169 faciendas
2615 4128 2639 4153 (ι
2670 4113 2728 4167 in
2762 4111 3017 4185 peccatis
3041 4131 3065 4155 ι)
3091 4115 3156 4167 ut
3180 4116 3417 4185 peccata
3444 4130 3614 4168 excu-

1960 4223 2084 4262 sem
2110 4222 2123 4260 :
2148 4208 2205 4261 et
2234 4204 2375 4276 quia
2392 4219 2545 4275 saepe
2567 4201 2725 4257 videt
2755 4199 3113 4274 multiplices
3143 4200 3268 4256 dari
3301 4200 3618 4257 excusatio-

1959 4313 2085 4366 nes,
2108 4294 2291 4359 addit,
2319 4316 2347 4347 α
2366 4292 2437 4347 ad
2467 4291 2834 4347 excusandas
2856 4312 2883 4344 υ
2905 4289 3330 4346 excusationes.
3350 4290 3413 4345 In
3435 4289 3612 4345 veteri

1958 4384 2083 4457 lege
2112 4384 2333 4443 ﬁebant
2364 4379 2656 4435 matutina
2706 4383 2765 4435 et
2810 4380 3142 4451 vespertina
3171 4377 3477 4445 sacriﬁcia,
3511 4378 3615 4433 sed

1956 4473 2267 4546 vesperina
2299 4470 2650 4526 dicebantur
2689 4467 2880 4541 magis
2928 4468 3044 4522 Deo
3094 4466 3341 4537 placere,
3368 4464 3614 4536 mystice

178 4558 504 4629 judicium,
532 4561 586 4615 id
620 4566 711 4617 est
739 4564 1269 4619 renumerationem
1295 4565 1460 4635 justo
1484 4563 1710 4635 judicio
1741 4583 1847 4620 suo
1877 4575 1923 4639 Ι)
1957 4567 2150 4618 tamen
2187 4579 2200 4618 :
2236 4578 2371 4616 nam
2404 4576 2506 4631 per
2534 4557 2891 4613 matutinum
2924 4554 3298 4627 significatur
3336 4556 3605 4608 nostrum

184 4670 211 4697 κ
234 4647 495 4721 inopis,»
516 4651 660 4717 veri,
689 4675 715 4701 ‹‹
744 4656 803 4706 et
823 4675 850 4699 ι»
876 4651 1045 4707 faciet
1065 4678 1090 4702 ‹‹
1119 4652 1434 4708 vindictam
1461 4671 1842 4725 pauperum,»

192 4738 289 4806 qui
324 4738 637 4794 damnabit
657 4756 756 4795 eos
786 4740 888 4812 qui
909 4757 1049 4796 suos
1074 4758 1359 4813 pauperes
1389 4746 1841 4814 persequuntur.

253 4825 395 4880 Mali
426 4827 485 4881 in
510 4827 622 4883 hac
649 4829 768 4883 vita
788 4833 1225 4902 persequuntur
1246 4848 1549 4903 pauperes,
1574 4854 1600 4880 «
1626 4849 1848 4887 verum-

188 4915 389 4969 tamen
416 4937 445 4963 »
470 4932 575 4987 per
594 4916 819 4973 medias
846 4934 1049 4973 eorum
1073 4916 1484 4973 tribulationes
1506 4943 1531 4968 ‹‹
1547 4919 1694 4991 justi
1715 4937 1849 4975 con-

186 4999 522 5059 fitebuntur
553 5006 778 5060 nomini
810 5010 932 5071 tuo,
960 5029 987 5056 ››
1012 5007 1069 5062 id
1100 5010 1190 5062 est
1227 5005 1555 5063 laudabunt
1584 5012 1659 5074 te,
1685 5032 1713 5057 ‹‹
1738 5014 1795 5064 et
1820 5033 1846 5059 ››

182 5087 317 5145 ideo
341 5089 455 5162 ipsi
482 5114 509 5143 α
531 5092 674 5149 recti
695 5094 1052 5150 habitabunt
1069 5118 1096 5145 ››
1112 5094 1499 5151 mternalitcru
1520 5112 1655 5151 cum
1681 5096 1845 5152 vultu

181 5180 307 5242 tuo,
340 5202 370 5226 η
396 5180 453 5235 id
486 5185 581 5237 est
619 5181 678 5236 in
720 5184 1032 5255 prwsentia
1070 5188 1191 5253 tua,
1222 5184 1484 5239 videntes
1515 5189 1570 5239 te
1600 5186 1743 5240 facie
1774 5186 1845 5241 ad

183 5265 424 5335 faciem,
450 5274 508 5324 et
538 5276 958 5344 cognoscentes
989 5274 1144 5328 sicut
1171 5276 1227 5329 et
1256 5272 1473 5345 cogniti
1506 5278 1665 5328 sunt.

694 5361 767 5416 ΙΝ
809 5361 1159 5419 PSALMUM
1199 5362 1355 5417 CXL.

622 5449 899 5507 Trruws.
939 5452 1193 5507 Psalmus
1228 5451 1421 5507 David.

259 5555 289 5583 ε(
316 5533 589 5604 Domine,
611 5536 879 5595 clamavi.
898 5561 925 5588 »
951 5539 1015 5595 ln
1048 5539 1157 5595 hoc
1187 5557 1420 5613 quoque
1462 5539 1689 5612 psalmo
1718 5558 1849 5613 pro-

188 5620 381 5694 pheta
411 5623 497 5679 vel
530 5624 683 5681 alius
704 5627 909 5700 justus
930 5628 1003 5683 de
1034 5645 1097 5683 se
1127 5632 1183 5683 ct
1203 5628 1335 5683 aliis
1357 5629 1539 5699 justis
1570 5627 1850 5703 loquitur,

1954 4652 2333 4721 sacrificium,
2360 4650 2577 4704 factum
2612 4646 2672 4700 in
2705 4646 2956 4701 adventu
2988 4641 3197 4698 Christi
3224 4659 3236 4696 :
3265 4660 3367 4714 per
3395 4643 3604 4697 immo-

1960 4740 2233 4797 lationem
2268 4738 2403 4811 agni
2425 4738 2495 4793 ad
2527 4750 2849 4806 vesperam,
2876 4732 3243 4805 significatur
3264 4730 3477 4788 Christi
3500 4730 3608 4787 im-

1960 4828 2197 4885 molatio
2230 4828 2288 4882 in
2314 4828 2427 4881 fine
2449 4830 2801 4896 temporum.
2826 4823 3042 4878 Eodem
3073 4822 3247 4877 modo
3268 4822 3390 4877 haec
3411 4821 3611 4877 dicun-

1958 4921 2058 4973 tur
2089 4915 2380 4971 matutina
2410 4912 2719 4979 sacrificia,
2744 4911 2801 4966 id
2835 4915 2924 4967 est
2949 4911 3101 4966 bona
3121 4928 3299 4983 opera
3322 4910 3381 4965 in
3406 4912 3610 4981 juven-

1958 5010 2080 5061 tute
2114 5006 2263 5059 facta
2287 5020 2300 5058 :
2327 5002 2659 5075 vespertina
2688 5018 2843 5069 vero,
2878 5001 3032 5055 bona
3061 5017 3235 5072 opera
3262 4999 3321 5054 in
3355 5000 3488 5053 fine.

2028 5093 2189 5160 Quod
2214 5093 2263 5148 si
2296 5092 2406 5147 hoc
2426 5092 2635 5156 fecero,
2656 5108 2754 5145 ero
2778 5117 2800 5140 «
2826 5107 2960 5144 cum
2992 5088 3330 5143 hominibus
3362 5102 3607 5158 operan-

1958 5185 2116 5240 tibus
2146 5180 2573 5253 iniquitatem,»
2599 5179 2653 5233 id
2677 5182 2764 5233 est
2797 5196 2953 5233 unus
2976 5178 3045 5231 dc
3066 5176 3183 5230 illis
3206 5175 3303 5246 qui
3328 5178 3609 5229 excusant

1958 5275 2195 5347 peccata
2214 5288 2323 5326 sua
2343 5287 2389 5324 ει(
2413 5269 2522 5325 Sed
2544 5267 2926 5322 combinabor
2945 5294 2968 5314 »
2989 5263 3154 5335 ponit
3172 5261 3568 5317 llicronzemus
3589 5279 3601 5316 :

1957 5362 2058 5419 sed
2090 5378 2206 5416 non
2236 5355 2682 5415 communicabo
2704 5372 2836 5410 cum
2869 5352 3210 5408 hominibus
3229 5350 3607 5423 operantibus

1956 5450 2328 5523 iniquitatem
2351 5464 2363 5501 :
2383 5449 2440 5500 et
2461 5461 2576 5499 non
2600 5446 2829 5497 tantum
2848 5457 2984 5496 cum
3007 5439 3360 5508 minoribus,
3378 5457 3405 5487 α
3426 5439 3527 5495 sed
3549 5442 3608 5495 et

1960 5557 2074 5596 non
2106 5533 2552 5594 communicabo
2583 5547 2718 5586 cum
2747 5529 2946 5585 electis
2974 5546 3239 5596 eorum,»
3264 5528 3321 5583 id
3352 5532 3442 5584 cst
3470 5545 3604 5584 cum

1961 5624 2384 5702 potentioribus
2415 5625 2472 5678 et
2516 5619 2771 5693 praalatis
2800 5619 2859 5674 in
2893 5616 3137 5688 malitia,
3170 5622 3236 5674 ut
3272 5635 3375 5692 per
3403 5634 3604 5676 eorum
