4018 6176
490 254 617 325 απ

494 392 857 455 consortium
884 403 1153 446 excusem
1193 388 1429 458 peccata
1462 399 1612 452 mea,
1646 380 1800 439 sicut
1828 383 1886 438 et
1914 379 2024 454 ipsi
2060 380 2139 436 ia-

498 483 682 543 ciunt.

568 596 599 623 «ι
618 567 900 640 Corripiet
921 581 1065 620 me.»
1085 563 1224 618 Pars
1246 561 1525 618 secunda.
1546 561 1670 616 Non
1694 558 2144 616 communicabo

496 676 630 719 eum
652 656 789 723 illis,
815 654 918 710 sed
948 651 1143 723 potius
1165 678 1189 705 «
1220 649 1494 722 corripiet
1524 667 1617 705 me
1639 650 1863 721 justus,
1887 652 1944 703 et
1965 647 2146 703 incre-

495 745 655 820 pabit
675 759 788 799 me.
812 766 840 797 io
865 738 1183 811 Corripere,
1207 742 1495 811 quantum
1522 739 1593 792 ad
1626 737 1735 793 hoc
1757 737 1915 808 quod
1943 735 2146 791 leviter

494 833 775 890 desistet:
808 829 1129 900 increpare,
1162 831 1449 900 quantum
1491 827 1563 881 ad
1602 826 1710 881 hoc
1750 826 1903 898 quod
1940 824 2145 879 multis

492 917 1050 981 comminationibus
1083 934 1231 989 opus
1262 920 1351 971 est
1384 934 1396 970 :
1431 915 1596 970 Unde
1625 913 1938 987 Apostolus
1964 931 2009 969 ;‹‹
2039 914 2142 967 Ar-

491 1027 604 1085 gue
632 1011 978 1082 opportune,
1014 1007 1346 1078 importune
1377 1005 1423 1076 (l
1456 1006 1591 1060 Tim.
1616 1007 1714 1070 IV).
1742 1034 1764 1056 ιι
1786 1004 1857 1058 Et
1887 1003 2100 1058 iterum
2127 1020 2139 1056 :

493 1122 521 1151 «
545 1101 756 1171 Argue,
789 1097 1047 1167 increpa,
1070 1096 1328 1150 obsecra.
1352 1116 1374 1140 ιι
1399 1094 1638 1164 Increpa
1664 1091 1793 1147 dico
1816 1118 1844 1148 ‹‹
1879 1092 1937 1146 in
1972 1090 2143 1146 mise-

494 1186 766 1255 ricordia,
792 1213 821 1237 ιι
841 1184 938 1256 pia
965 1182 1288 1247 affectione,
1326 1186 1393 1237 ut
1425 1185 1717 1236 removeat
1748 1199 1782 1235 a
1814 1180 1966 1235 malo
2012 1196 2142 1250 pro-

494 1275 682 1350 posito
708 1291 720 1330 :
744 1275 947 1345 justus
969 1271 1305 1344 corripiet,«
1324 1270 1515 1326 oleum
1540 1273 1735 1324 autem
1763 1267 2143 1341 peccatoris,»

492 1366 553 1421 id
574 1367 663 1421 est
683 1361 943 1419 adulatio
958 1360 1045 1416 vel
1069 1359 1386 1426 blanditias,
1401 1375 1528 1430 quae
1551 1357 1813 1413 mulcent
1835 1360 1892 1412 et
1912 1358 2148 1428 ungunt

495 1454 650 1510 sicut
678 1450 893 1514 oleum,
921 1470 946 1497 α
968 1466 1085 1504 non
1118 1447 1446 1520 impinguet
1474 1449 1651 1519 caput
1673 1461 1894 1512 meum,
1920 1473 1942 1497 ιι
1965 1445 2022 1499 id
2055 1448 2147 1500 est

495 1560 611 1599 non
642 1538 816 1596 faciet
845 1537 1102 1610 aliquam
1136 1535 1447 1592 elationem
1480 1536 1537 1590 in
1573 1538 1767 1590 mente
1797 1551 1946 1590 mea.

566 1632 699 1687 Ideo
728 1644 877 1700 opus
909 1631 1000 1683 est
1019 1626 1223 1697 justus
1253 1624 1548 1697 corripiat,
1580 1627 1638 1680 et
1666 1623 1861 1679 oleum
1895 1640 2009 1678 non
2041 1623 2146 1678 im-

491 1720 757 1794 pinguat,
789 1714 931 1789 quia
959 1714 1152 1770 adhuc
1198 1714 1385 1769 habeo
1414 1712 1486 1767 de
1516 1716 1751 1784 peccato
1801 1710 2054 1783 aliquid;
2086 1714 2143 1765 et

493 1809 604 1865 hoc
633 1810 724 1863 est
754 1822 766 1861 :
794 1828 818 1853 ‹‹
851 1802 1129 1876 quoniam
1159 1806 1217 1858 et
1247 1802 1440 1858 adhuc
1469 1800 1654 1857 oratio
1696 1817 1826 1856 mea
1863 1799 1923 1854 in
1964 1801 2143 1856 bene-

493 1895 724 1971 placitis
773 1910 975 1950 eorum
1008 1913 1032 1939 n
1063 1895 1458 1964 peccatorum,
1492 1888 1631 1961 quia
1672 1888 1863 1944 adhuc
1910 1888 2145 1961 placent

494 1984 663 2051 mihi,
688 2000 815 2055 quae
846 1980 1023 2037 etiam
1054 1980 1199 2053 ipsis
1244 1978 1493 2052 placent,
1530 1977 1683 2033 sicut
1712 1978 1833 2033 hac
1864 1981 2096 2032 terrena
2127 1994 2140 2034 :

492 2074 629 2131 ideo
647 2072 781 2128 dico
801 2095 824 2117 ιι
852 2069 1044 2127 oleum
1066 2072 1439 2142 peccatorum
1462 2085 1575 2123 non
1599 2066 1944 2139 impinguet,
1960 2086 1983 2111 η
2007 2065 2146 2139 quia

497 2185 527 2215 (ι
551 2160 785 2235 judiccs
839 2175 1043 2215 eorum
1084 2180 1108 2206 ιι
1152 2160 1544 2229 peccatorum,
1575 2155 1635 2210 id
1691 2159 1801 2221 est,
1844 2155 2145 2227 sapientos

497 2275 526 2304 α
549 2248 744 2324 juncti
801 2252 998 2321 petris,
1022 2277 1047 2303 ιι
1072 2247 1132 2301 id
1161 2251 1272 2317 est,
1294 2245 1544 2311 Christo,
1586 2248 1645 2300 et
1694 2244 1919 2300 fundati
1969 2261 2146 2316 super

494 2357 652 2405 eum,
685 2355 801 2393 non
833 2340 898 2392 ut
927 2340 1146 2391 rectam
1178 2335 1353 2391 fidem
1399 2333 1656 2389 habeant
1683 2350 1696 2387 :
1727 2334 1828 2389 sed
1859 2333 2143 2404 quodam-

495 2430 669 2486 modo
699 2426 904 2483 dicunt
934 2426 1153 2480 bonum
1184 2423 1256 2479 de
1285 2422 1433 2494 ipso,
1467 2439 1582 2477 non
1617 2426 1682 2477 ut
1705 2421 1955 2494 diligant
1983 2437 2141 2487 eum,

494 2519 598 2576 sed
618 2519 683 2574 ut
702 2514 849 2572 alios
869 2512 1182 2585 decipiant,
1207 2511 1362 2566 sicut
1391 2510 1665 2567 haeretici.
1687 2510 1815 2565 Alia
1836 2509 2144 2565 translatio

494 2607 691 2674 habet,
717 2598 745 2657 «ι’
775 2604 951 2675 juxta
993 2604 1242 2674 petram,
1274 2604 1332 2656 et
1361 2600 1419 2655 hi
1454 2599 1601 2655 tales
1640 2598 1897 2671 absorpti
1931 2601 2089 2668 sunt,
2117 2620 2144 2647 ιι

493 2695 553 2752 id
583 2698 694 2767 est,
726 2691 900 2767 positi
931 2691 990 2746 in
1018 2689 1179 2747 vitiis
1208 2687 1706 2762 profundissimis.

567 2783 774 2841 Oleum
803 2797 1007 2838 eorum
1037 2795 1153 2836 non
1190 2778 1519 2851 impinguet
1566 2781 1743 2850 caput
1792 2794 2013 2848 meum,
2045 2777 2146 2832 sed

495 2874 610 2948 ipsi
642 2871 837 2945 potius
870 2889 895 2916 σι
918 2868 1158 2926 audient
1185 2868 1364 2924 verba
1401 2883 1550 2934 mea,
1574 2883 1601 2915 ››
1633 2866 1691 2922 id
1722 2870 1832 2938 est,
1864 2865 2148 2938 praedica-

493 2963 714 3020 tionem
746 2976 939 3016 meam
973 2976 985 3014 :
1019 2975 1147 3030 quae
1178 2960 1318 3013 sunt
1346 2956 1658 3024 audienda,
1685 2979 1708 3004 α
1742 2955 2020 3027 quoniam
2053 2971 2149 3026 po-

494 3052 797 3117 tuerunt,»
820 3047 879 3101 id
902 3049 1009 3112 est,
1023 3062 1159 3100 vera
1188 3048 1356 3112 sunt;
1381 3045 1483 3099 sed
1514 3043 1782 3115 quamvis
1811 3042 2145 3109 audierunt,

495 3142 693 3193 tamen
713 3133 866 3189 nihil
882 3133 1102 3205 profuit
1122 3131 1442 3204 illis,quia«
1462 3130 1618 3187 sicut
1632 3130 1960 3186 crassitudo
1982 3135 2147 3186 terra:

495 3227 703 3294 erupta
733 3225 826 3277 est
854 3237 1031 3291 super
1061 3224 1330 3288 terram,»
1361 3220 1417 3274 id
1451 3222 1559 3287 est,
1591 3219 1921 3274 crassitudo
1948 3218 2148 3275 exiens

495 3314 567 3371 de
596 3316 751 3367 terra
770 3309 1094 3380 corrumpit
1115 3324 1330 3375 aerem,
1356 3311 1413 3363 et
1432 3305 1699 3361 immittit
1719 3306 1943 3363 cladem
1965 3307 2149 3363 homi-

496 3399 695 3469 nibus,
716 3397 802 3454 sic
834 3415 859 3439 ιι
889 3394 1174 3468 dissipata
1204 3399 1343 3451 sunt
1370 3412 1505 3450 ossa
1549 3399 1796 3450 nostra»
1822 3396 1894 3451 ab
1925 3396 2062 3463 illis,
2087 3396 2146 3452 id

493 3493 605 3556 est,
628 3487 898 3545 fortiores
927 3486 999 3541 de
1040 3484 1317 3551 Ecclesia,
1349 3482 1588 3549 scilicet,
1622 3487 1927 3557 martyres.
1955 3507 1977 3530 ιι
2011 3484 2146 3541 Dis-

493 3578 684 3652 sipata
705 3596 729 3624 η
762 3574 912 3643 dico,
934 3596 959 3622 α
981 3591 1153 3631 secus
1183 3573 1538 3642 infernum,»
1563 3572 1622 3627 id
1654 3577 1762 3641 est,
1797 3575 1869 3629 ad
1903 3575 2146 3630 modum

490 3668 694 3726 eorum
728 3664 835 3739 qui.
862 3667 1212 3737 reputantur
1250 3660 1411 3735 digni
1446 3660 1696 3730 inferno,
1721 3662 1820 3718 sed
1848 3682 1872 3707 α
1905 3662 2042 3735 quia
2072 3663 2146 3718 ad

490 3760 578 3825 te,
605 3755 873 3822 Domine,
904 3753 1170 3819 Domine,
1192 3750 1344 3808 oculi
1379 3750 1493 3807 mei
1514 3777 1538 3802 ιι
1569 3754 1708 3807 sunt
1742 3768 1754 3805 :
1790 3755 1847 3806 et
1876 3752 2014 3824 quia
2034 3773 2057 3797 «ι
2085 3752 2144 3807 in

491 3849 559 3909 te.
599 3843 845 3917 speravi,
869 3861 895 3892 ιι
935 3842 1065 3899 ideo
1109 3861 1135 3889 α
1168 3858 1281 3897 non
1337 3841 1568 3896 auferas
1599 3859 1623 3885 ι»
1648 3857 1683 3895 a
1712 3856 1805 3895 me
1830 3860 1853 3883 α
1885 3841 2144 3897 animam

493 3949 739 3997 meum,»
772 3930 830 3986 id
862 3934 971 3998 est,
996 3930 1285 4002 quidquid
1315 3929 1395 3985 sit
1417 3930 1487 3985 de
1511 3946 1770 4003 corpore,
1802 3946 1875 3985 ne
1905 3931 2145 4003 permit-

492 4022 591 4077 tas
615 4016 830 4072 auferri
860 4017 937 4071 ab
965 4017 1050 4072 eis
1082 4017 1339 4072 animam
1374 4034 1589 4073 meam.

566 4104 679 4160 Sed
708 4104 905 4175 potius
936 4127 960 4151 ιι
992 4104 1218 4158 custodi
1253 4121 1345 4159 me
1390 4121 1425 4158 a
1464 4104 1694 4176 laqueo,
1719 4127 1741 4150 υ
1765 4106 1823 4161 id
1856 4112 1970 4175 est,
2002 4109 2145 4163 adu-

492 4192 730 4254 latione,
761 4194 819 4245 et
847 4189 979 4245 aliis
1008 4190 1254 4246 occultis
1284 4191 1536 4258 insidiis,
1564 4210 1587 4234 «
1611 4209 1783 4264 quem
1811 4211 1835 4236 ι»
1868 4194 2145 4267 laqueum

496 4280 614 4354 ipsi
634 4305 657 4328 ‹‹
691 4278 838 4335 mihi
868 4280 1205 4335 statuerunt
1232 4297 1254 4323 η
1283 4282 1348 4334 ut
1386 4296 1480 4333 me
1519 4279 1907 4352 illaquearent
1928 4301 1955 4330 α
1987 4289 2045 4339 et
2073 4287 2144 4341 ab

496 4366 943 4436 scandulis,nid
982 4370 1092 4433 est,
1140 4385 1175 4423 a
1232 4365 1560 4423 manifestis
1614 4368 2144 4441 persecutionibus,

495 4481 531 4510 cc
558 4457 931 4531 cperantium
962 4455 1355 4528 iniquitatem.
1382 4481 1405 4507 ιι

567 4548 658 4604 Me
687 4545 925 4619 quidem
970 4545 1287 4614 custodies,
1313 4563 1340 4593 α
1362 4548 1693 4618 peccatores
1725 4576 1748 4600 ιι
1782 4550 1980 4603 autem
2004 4569 2029 4594 «
2061 4566 2150 4605 ca-

496 4638 637 4693 dent
665 4635 724 4689 in
758 4634 1035 4699 retiaculo
1074 4635 1203 4705 ejus
1236 4656 1258 4679 »ι
1294 4634 1646 4706 iniquitatis,
1679 4635 1777 4707 qui
1821 4652 1925 4707 per
1975 4655 2143 4695 suam

495 4722 867 4795 iniquitatem
917 4721 1331 4794 illaqueuntur,
1371 4728 1429 4778 ct
1467 4722 1670 4779 irretiti
1705 4732 1895 4794 erunt,
1923 4753 1945 4776 ‹‹
1976 4743 2083 4800 ego
2117 4751 2145 4780 »

497 4816 693 4871 autem
727 4833 756 4861 α
796 4810 1175 4882 singulariter
1229 4829 1383 4882 sum,
1430 4835 1458 4863 »
1509 4813 1568 4868 id
1624 4818 1735 4887 est,
1783 4814 2147 4876 incombina—

498 4907 615 4970 tus,
651 4918 767 4957 non
819 4901 1170 4972 conjunctus
1200 4900 1340 4969 illis,
1376 4902 1558 4957 donec
1607 4906 1905 4960 transeam
1937 4907 2008 4963 de
2038 4907 2161 4964 hac

496 4992 637 5046 vita.

980 5079 1053 5134 IN
1096 5078 1444 5135 PSALMUM
1483 5078 1667 5133 CXLI.

570 5169 844 5224 'l‘rrucus.
878 5168 1181 5225 Intellectus
1210 5169 1382 5296 David
1401 5185 1526 5223 cum
1544 5176 1682 5223 esset
1706 5170 1767 5223 in
1796 5172 2075 5243 spelunca,

1229 5257 1324 5296 ora
1352 5258 1422 5296 ιο.

573 5371 597 5396 ‹‹
613 5342 765 5398 Voce
785 5361 968 5401 mea.»
992 5346 1071 5401 Ex
1096 5345 1341 5402 historia
1362 5346 1544 5402 mittit
1564 5362 1670 5401 nos
1691 5346 1762 5401 ad
1787 5345 2149 5421 allegoriam,

504 5428 725 5514 scilicet
744 5433 899 5503 quod
924 5432 1077 5490 sicut
1091 5434 1271 5491 David
1295 5435 1526 5508 fugiens
1548 5433 1707 5503 Saul,
1730 5433 1922 5492 latens
1944 5438 2003 5494 in
2029 5459 2153 5514 spe-

503 5513 700 5585 lunca,
745 5521 931 5576 oravit
976 5523 1023 5591 (Ι
1052 5523 1175 5594 Reg.
1210 5527 1383 5593 xxw),
1417 5541 1652 5581 carnem
1702 5525 2007 5585 mortalem
2050 5513 2153 5605 per

905 251 1312 315 HAYMONIS
1349 247 1881 312 HALBERSTAT.
1917 244 2161 308 EPISC.

2196 246 2367 310 OPP.
2402 250 2626 313 PARS.
2663 251 2709 312 l.
2744 285 2815 297 ——
2852 251 3249 314 COMMENT.
3274 251 3455 315 BIBL.
3700 258 3792 325 δυ

2176 380 2231 457 Α
2257 382 2599 455 speluncam
2619 384 2964 460 ﬁguramus,
2989 385 3128 459 quia
3145 385 3305 458 quasi
3336 385 3553 461 indigna
3573 386 3795 451 habitatis

2252 471 2588 531 Divinitatis
2618 478 2762 541 erat,
2793 479 2859 530 ut
2888 476 2961 530 ab
2992 473 3235 530 historia
3262 492 3364 530 nos
3392 481 3659 549 removeat,
3677 480 3796 550 ponit

2251 562 2635 619 intellectum.
2650 565 2729 619 Ac
2751 563 2800 620 si
2822 562 3068 619 diceret:
3092 561 3351 620 Psalmus
3374 563 3475 619 iste
3491 563 3669 621 dicitur
3690 589 3711 614 υ
3732 568 3794 624 in-

2252 650 2538 719 tellectus,
2565 680 2589 704 ‹‹
2611 651 2669 707 id
2692 656 2799 721 est,
2824 652 3120 724 quondam
3147 654 3423 707 secretum
3443 652 3703 710 continens
3716 657 3794 711 sci-

2253 740 2389 795 licet
2419 757 2533 795 non
2564 742 2636 796 de
2667 741 2916 798 historia
2945 757 3147 814 agens,
3178 740 3278 796 sed
3318 741 3385 796 de
3413 739 3710 814 signiﬁcato.
3727 746 3797 810 Qui

2253 828 2520 901 psalmus
2559 828 2738 885 David
2786 834 2876 885 est
2923 829 3131 895 oratio,
3163 828 3222 883 id
3269 832 3373 894 est,
3404 829 3573 901 ipsius
3595 830 3794 889 Christi:

2252 917 2435 974 oratio
2466 918 2595 974 dico
2636 917 2856 984 habita,
2876 934 3012 973 cum
3042 917 3167 990 ipse
3191 916 3446 974 Christus
3473 918 3681 977 essetin
3706 937 3795 991 spe-

2253 1006 2446 1073 lunca,
2482 1006 2536 1061 id
2572 1010 2680 1075 est,
2713 1006 2771 1061 in
2805 1023 2979 1062 carne
3018 1005 3268 1061 mortali.
3299 1005 3398 1060 Hic
3442 1005 3672 1077 psalmus
3708 1007 3795 1064 ideo

2253 1095 2469 1150 dicitur
2499 1126 2521 1149 ‹‹
2556 1095 2762 1161 oratio,
2787 1122 2812 1146 ιι
2835 1095 2975 1167 quia
3019 1093 3304 1166 quidquid
3350 1093 3603 1161 continet,
3620 1092 3692 1149 vel
3714 1111 3800 1150 ora-

2253 1184 2335 1239 tio
2362 1187 2469 1250 est,
2493 1183 2580 1239 vel
2624 1201 2805 1240 causa
2842 1182 3123 1239 orationis
3170 1181 3477 1249 inducitur,
3498 1185 3550 1237 et
3587 1199 3672 1253 per
3692 1182 3800 1238 hunc

2253 1273 2547 1345 psalmum
2569 1274 2641 1328 ad
2661 1274 2950 1328 orandum
2973 1269 3602 1327 informamurMateria
3613 1271 3802 1327 esttibi-iv
3910 1269 3911 1347 ἢ

2254 1366 2402 1428 stus,
2435 1379 2611 1418 orans
2655 1362 2712 1417 in
2762 1366 3024 1433 tempore
3065 1359 3396 1433 fragilitatis
3426 1376 3554 1415 81133.
3579 1359 3632 1414 In
3670 1361 3802 1431 prima
3910 1376 3911 1427 ξ

2254 1454 2419 1523 parte
2460 1449 2627 1523 ponit
2654 1450 2998 1517 orationem,
3031 1452 3090 1503 et
3135 1447 3279 1504 illud
3327 1452 3517 1504 contra
3542 1448 3674 1518 quod
3707 1452 3804 1513 erat,

2255 1538 2477 1596 scilicet
2505 1538 2673 1595 dolos
2698 1538 3060 1594 Judaaorum.
3095 1538 3157 1593 In
3193 1537 3465 1604 secunda,
3486 1554 3600 1609 quis
3626 1535 3804 1608 iuoipit:

2255 1653 2284 1679 α
2317 1629 2572 1685 Clamavi
2602 1628 2674 1685 ad
2718 1631 2797 1696 te,
2831 1626 3095 1693 Domine,
3122 1651 3149 1676 ιι
3183 1626 3347 1698 ponit
3390 1625 3525 1682 item
3564 1624 3806 1681 orationem
3910 1624 3911 1669 ἓ

2259 1734 2429 1773 suam
2460 1718 2533 1773 ad
2565 1720 2820 1783 Patrem,
2842 1720 2901 1771 et
2930 1714 3076 1787 petit
3105 1718 3174 1771 ut
3215 1714 3410 1771 anima
3435 1732 3536 1771 sua
3561 1713 3624 1770 ab
3647 1712 3806 1769 inferno

2252 1805 2552 1878 eripiatur,
2576 1804 2636 1860 in
2661 1821 2776 1877 quo
2799 1804 3013 1877 pendet
3032 1803 3230 1861 omnis
3251 1803 3581 1876 exspectatio
3599 1800 3805 1858 ﬁdelium.
3910 1848 3911 1887 ἶ

2255 1893 2505 1951 Intentio
2524 1899 2633 1961 est,
2649 1911 2758 1951 nos
2773 1892 3038 1966 exemplo
3057 1893 3151 1949 sui
3176 1893 3483 1949 informare
3497 1892 3564 1949 ad
3577 1890 3805 1948 orandum.
3910 1910 3911 1945 ;

2325 1983 2501 2050 Quasi
2533 1982 2752 2039 diceret
2786 1982 3056 2039 Christus
3075 1981 3177 2054 qui
3209 1982 3306 2038 hic
3337 1981 3606 2054 loquitur:
3628 1981 3806 2039 Fratres.
3910 2042 3911 2045 η

2255 2073 2406 2128 inter
2434 2072 2590 2128 mala
2619 2072 2798 2144 hujus
2826 2069 2953 2126 vita:
2986 2070 3187 2143 positi,
3209 2070 3386 2128 nolite
3415 2086 3620 2127 cessare
3642 2069 3703 2125 ab
3722 2084 3807 2123 ora-

2253 2161 2429 2229 tione,
2445 2160 2708 2233 excmplo
2726 2159 2841 2216 mei
2862 2158 3160 2228 instructi,
3177 2160 3279 2233 qui
3296 2158 3511 2232 positus
3530 2159 3582 2214 in
3604 2156 3809 2229 spelunca

2253 2250 2478 2323 fragilis
2507 2248 2723 2320 carnis,
2745 2272 2770 2297 «
2791 2248 3037 2305 clamavi
3070 2250 3143 2304 ad
3167 2280 3192 2305 ιι
3219 2250 3445 2305 Patrem
3468 2269 3490 2295 ιι
3511 2246 3809 2311 Βοωίιιυωμ
3910 2310 3911 2319 γ

2253 2343 2311 2397 et
2355 2339 2464 2395 hoc
2495 2368 2519 2393 ‹‹
2549 2355 2688 2395 voce
2736 2354 2941 2407 mea,»
2973 2337 3114 2410 quia
3159 2355 3279 2394 non
3325 2335 3652 2394 dissentiunt
3687 2348 3808 2406 opem
3910 2394 3911 2403 χ

2255 2446 2385 2486 mea
2414 2430 2488 2485 ab
2514 2428 2813 2485 oratione:
2837 2427 2977 2501 quia
3005 2429 3165 2500 quod
3187 2445 3324 2486 voce
3354 2431 3529 2501 rogat,
3549 2424 3810 2498 comprobat

2254 2535 2426 2593 opere
2455 2518 2701 2591 dignum
2732 2533 2862 2574 esse
2892 2520 2959 2573 ut
2986 2516 3098 2575 sibi
3130 2518 3258 2573 fiat.
3288 2517 3421 2573 Dico
3441 2538 3463 2563 «ι
3494 2513 3751 2579 clamavi,»
3770 2514 3808 2564 et
3910 2548 3911 2589 χ

2254 2625 2371 2664 non
2394 2607 2465 2663 ad
2487 2606 2714 2676 horam,
2738 2606 2843 2663 sed
2860 2607 2932 2662 ad
2956 2605 3277 2662 Dominum
3301 2626 3325 2650 κ
3349 2605 3660 2678 deprecatus
3674 2616 3807 2665 suun,-
3910 2612 3911 2678 ξ

2254 2697 2312 2753 id
2344 2700 2457 2763 est,
2487 2695 2725 2752 assidue
2754 2711 2876 2763 oro,
2907 2698 2967 2750 et
2994 2695 3104 2752 hoc
3138 2713 3163 2739 α
3193 2710 3332 2751 voce
3362 2709 3505 2751 mea.
3528 2711 3550 2738 ιι

2327 2786 2465 2842 Dico
2500 2807 2521 2835 ι
2555 2783 2859 2852 clamavi,»
2881 2787 2938 2840 et
2958 2783 3155 2841 adhuc
3177 2807 3207 2835 ‹‹
3232 2784 3517 2855 effunde,»
3536 2781 3587 2837 id
3611 2782 3701 2846 est,
3718 2792 3810 2834 cum
3910 2774 3911 2847 ί

2257 2892 2473 2949 magna
2502 2875 2671 2947 copia
2700 2873 2949 2947 profero,
2974 2896 3002 2923 «
3037 2873 3364 2930 orationem
3395 2888 3571 2929 meam
3602 2893 3625 2921 »
3644 2882 3809 2924 mansu-

2257 2980 2383 3021 ram
2414 2987 2441 3013 ‹‹
2474 2963 2536 3018 in
2592 2964 2909 3035 conspectu
2956 2961 3106 3033 ejus,
3131 2983 3160 3010 »
3183 2961 3247 3017 id
3296 2965 3403 3030 est,
3436 2960 3492 3016 in
3535 2952 3811 3030 beneplacito

2258 3053 2446 3126 ipsius
2476 3074 2504 3104 ι(
2536 3056 2594 3108 et
2620 3074 2648 3101 »
2679 3051 2855 3107 etiam
2886 3073 2915 3100 ‹‹
2949 3049 3396 3111 tribulationem
3426 3065 3599 3107 meam
3624 3059 3813 3120 pronus-

2179 3114 2221 3185 θ
2253 3114 2356 3209 tio,
2384 3165 2412 3192 »
2442 3142 2525 3198 ita
2549 3140 2703 3213 quod
2750 3139 2829 3196 sit
2857 3163 2885 3191 α
2919 3143 3054 3195 ante
3085 3138 3287 3212 ipsum
3318 3163 3345 3191 »
3376 3141 3569 3206 Deum,
3681 3130 3805 3190 estin

2256 3231 2619 3304 beneplacito
2650 3227 2859 3301 ipsius.

2326 3320 2464 3376 Dico
2497 3343 2524 3370 ‹‹
2559 3319 2793 3375 eﬂ‘undo
2836 3316 3184 3385 orationem,
3213 3340 3242 3369 »
3272 3322 3332 3375 et
3387 3318 3491 3374 hoc
3541 3331 3656 3373 cum
3702 3304 3813 3366 omni
3910 3336 3911 3343 η

2255 3408 2626 3465 humilitate':
2651 3407 2759 3462 hoc
2778 3406 2923 3463 dicit
2942 3429 2970 3456 «
2994 3405 3054 3460 in
3086 3407 3470 3473 deficiendo,»
3488 3405 3543 3462 id
3569 3406 3663 3469 est,
3679 3400 3725 3455 in
3745 3396 3811 3451 de-

2256 3496 2639 3568 relinquendo
2664 3519 2689 3544 «
2727 3493 3002 3567 spiritum
3053 3511 3278 3563 meum,
3314 3518 3341 3545 ››
3373 3513 3486 3551 non
3527 3493 3640 3549 dico
3674 3506 3701 3544 8
3734 3485 3818 3541 Βθο

2255 3587 2480 3653 datum,
2532 3584 2649 3641 imo
2698 3582 2799 3656 qui
2832 3606 2861 3634 «
2894 3600 2964 3640 ex
3011 3599 3105 3639 me
3138 3606 3168 3633 ιι
3197 3587 3308 3651 est,
3340 3584 3397 3639 id
3444 3586 3546 3650 est,
3573 3598 3633 3637 ex
3669 3578 3813 3634 natura

2254 3672 2664 3741 humanitatis,
2697 3672 2797 3744 qui
2830 3687 3139 3744 nunquam
3171 3673 3367 3730 bonus
3403 3674 3511 3739 est,
3537 3669 3627 3726 sed
3652 3674 3815 3744 εθωιιθτ

2255 3762 2515 3835 aliquam
2547 3743 2738 3818 movet
2768 3743 3079 3817 elationem
3114 3777 3127 3816 :
3165 3763 3271 3818 sed
3311 3761 3449 3834 quia
3493 3758 3571 3818 sic
3611 3743 3819 3821 ἀει-ιδὶίᾳηὶ

2255 3850 2530 3924 spiritum
2562 3847 2753 3917 illum,
2783 3848 2936 3916 ideo,
2960 3871 2988 3899 «
3013 3852 3101 3918 tu,
3127 3849 3442 3917 >>Domine,
3466 3870 3493 3899 ‹‹
3524 3835 3817 3918 cognovisti.»

2256 3940 2315 3996 id
2346 3942 2455 4007 est,
2489 3937 2824 4010 approbasti
2859 3961 2886 3987 ‹‹
2922 3936 3170 3994 semitas
3211 3953 3394 4007 meas,
3419 3959 3447 3987 η
3477 3937 3533 3994 id
3558 3935 3659 3999 est.
3675 3939 3814 4001 opem

2257 4028 2446 4087 tiones
2475 4043 2657 4083 meas.

2328 4115 2523 4175 Posita
2552 4115 2832 4183 oratione,
2859 4115 3027 4187 ponit
3061 4114 3212 4173 illud
3243 4118 3446 4177 contra
3475 4111 3614 4186 quod
3647 4102 3822 4165 orabat;

2255 4205 2426 4280 quasi
2457 4205 2649 4262 dicat:
2674 4206 2793 4277 Ego
2828 4204 2913 4260 sic
2951 4204 3130 4271 oravi,
3165 4210 3226 4262 et
3264 4205 3324 4260 in
3363 4206 3523 4260 tanta
3546 4192 3814 4280 humilitati,

2255 4278 2315 4350 et
2345 4318 2372 4345 ‹‹
2405 4293 2467 4349 in
2512 4292 2623 4348 hac
2669 4292 2765 4348 via
2822 4292 2881 4348 in
2936 4309 3054 4364 qua
3110 4292 3436 4360 ambulam,
3468 4278 3817 4347 abscundel'llllt

2257 4381 2515 4456 superbi,
2544 4403 2574 4431 »
2595 4379 2819 4437 scilicet
2859 4379 3068 4449 Judaei,
3094 4403 3122 4431 «
3170 4379 3449 4454 laqueum
3486 4369 3740 4445 mihi,»id
3761 4364 3818 4420 εει

2175 4481 2224 4547 D
2257 4471 2547 4528 occultam
2577 4472 2853 4539 mortem,
2883 4472 2942 4524 et
2971 4486 3341 4543 quascunque
3370 4466 3585 4526 occulta
3608 4458 3746 4519 mala.

2329 4560 2445 4633 Ipsi
2477 4558 2836 4631 quinsierunt
2862 4557 3009 4615 mihi
3032 4562 3283 4615 mortem
3305 4559 3533 4624 inferre,
3552 4558 3605 4611 et
3621 4555 3820 4612 ιωιοθεο

2256 4673 2283 4700 ι(
2310 4647 2752 4704 considerabam
2782 4648 2856 4702 ad
2886 4647 3204 4714 dexteram,
3232 4670 3261 4698 »
3286 4648 3344 4703 id
3386 4650 3490 4715 est,
3516 4646 3569 4699 in
3607 4636 3819 4713 potiorem

2256 4742 2503 4811 partem,
2539 4735 2762 4792 scilicet
2801 4734 3248 4807 discipulorum,
3274 4759 3303 4786 ‹‹
3347 4739 3403 4792 et
3436 4732 3676 4791 videbam
3710 4730 3820 4774 »ιθοθ

2256 4851 2284 4878 ‹‹
2320 4830 2377 4883 et
2405 4842 2520 4881 non
2547 4827 2671 4881 erat
2702 4847 2724 4875 ιι
2760 4823 2914 4880 inter
2956 4840 3076 4892 eos,
3114 4846 3136 4873 α
3173 4824 3275 4896 qui
3324 4818 3672 4895 cognosceret
3710 4822 3778 4865 me
3802 4824 3821 4848 υ

2257 4917 2441 4971 Deum
2473 4930 2622 4979 esse,
2655 4929 2792 4970 cum
2836 4912 3001 4985 prius
3032 4912 3277 4968 dixisset
3305 4912 3357 4969 ei
3399 4912 3590 4968 Petrus
3616 4923 3628 4962 :
3650 4899 3821 4986 «Tuas

2255 5003 2523 5060 Christus
2581 5000 2761 5058 Filius
2817 4980 2919 5057 nei
2951 4999 3063 5057 vivi
3097 4999 3464 5072 (Mauh.xv1).
3495 5020 3531 5051 ιι
3566 4995 3717 5051 Item:
3740 5003 3758 5032 ι
3780 4980 3819 5072 {Si

2260 5090 2584 5165 oportuerit
2612 5108 2706 5146 me
2745 5089 2894 5146 mori
2939 5067 3156 5157 tecum,
3182 5106 3297 5145 non
3349 5067 3817 5167 te'negaboglatfh-

2259 5164 2411 5253 xirvx)
2429 5198 2443 5250 ;
2462 5203 2488 5229 »
2511 5184 2569 5235 et
2588 5178 2881 5251 signiﬁcat
2901 5178 2997 5233 hic
3018 5182 3250 5252 tempus
3274 5177 3421 5233 illud
3445 5191 3555 5231 suis
3574 5164 3818 5253 passicnisi

2261 5249 2496 5343 quando
2523 5249 2771 5341 apostoli
2805 5267 3075 5324 abierunt
3104 5249 3276 5333 retro,
3308 5265 3501 5322 relicto
3527 5277 3587 5317 eo
3613 5249 3762 5327 (Ιὺίἀι)

2332 5359 2422 5415 Illi
2454 5376 2569 5414 non
2600 5359 2996 5429 cognoverunt
3024 5357 3269 5428 me,‘sed
3308 5352 3631 5427 fugierunt«
3658 5361 3687 5397 a
3709 5349 3816 5397 me.”

2258 5466 2413 5505 vero.
2436 5472 2456 5500 α
2486 5445 2658 5504 Periit
2689 5447 2882 5517 fuga,»
2906 5445 2965 5499 id
2985 5448 3095 5517 est,
3119 5461 3231 5501 non
3255 5443 3395 5516 fugi,
3420 5439 3514 5498 sed
3542 5431 3707 5511 potius
3724 5435 3818 5497 Pm'

2261 5536 2393 5595 misi
2441 5553 2533 5593 me
2564 5536 2625 5591 in
2654 5536 2903 5591 mortem
2935 5533 3059 5590 dari
3101 5550 3203 5606 pro
3234 5529 3559 5590 liberatione
3584 5519 3817 5578 aliorum!
