4018 6176
184 302 312 368 6'13

1384 306 1879 374 EXPLANATIO
1922 309 2001 374 IN
2046 309 2426 379 PSALMOS.

3488 325 3607 386 673

180 467 215 493 ‹‹
253 445 317 499 et
346 456 468 499 non
495 446 586 498 est
618 465 645 492 »
679 445 820 499 tunc
851 442 1124 500 inventus
1156 443 1369 518 aliquis
1396 464 1424 499 σι
1454 445 1552 517 qui
1587 445 1848 518 requirat
1875 448 1931 515 Α
1962 445 2058 502 ﬁet
2074 446 2291 503 sibi.Et
2306 448 2400 504 hic
2417 450 2682 521 psalmus
2698 455 2787 507 est
2804 468 2961 507 unus
2975 452 3046 510 de
3068 432 3296 527 septem
3315 456 3602 529 pmniten-

180 532 460 588 animam
508 548 721 602 meam,
770 552 797 585 ι
851 533 908 588 id
969 537 1077 600 est,
1129 534 1229 607 qui
1286 533 1459 590 vellet
1515 535 1847 608 psssionem

179 637 390 677 meam
422 620 638 677 imitari
650 664 663 676 .

258 733 290 759 «
324 709 583 767 Clamavi
616 712 688 767 ad
720 712 1121 779 te,Domine.»
1156 713 1293 768 Pars
1319 714 1693 768 secunda.Ab
1717 712 1847 768 aliis

176 799 479 856 auxilium
530 817 648 855 non
699 800 900 869 habui,
944 801 1047 857 sed
1098 817 1457 875 cognoscens
1502 806 1558 857 te
1606 802 1847 857 unicum

181 906 393 946 meum
429 889 743 963 refugium,
780 913 807 939 «
841 889 1085 945 clamavi
1113 891 1185 945 ad
1217 894 1292 956 te,
1325 889 1569 946 Domine
1594 913 1621 940 ››
1660 890 1844 959 Pater,

180 978 354 1035 omni
385 978 710 1036 devotione.
728 978 982 1049 Dixi,Tu
1014 995 1077 1035 es
1108 995 1244 1053 spes
1277 996 1427 1049 mea,
1447 1001 1475 1028 »
1505 979 1682 1035 veluti
1714 994 1849 1034 cum

184 1067 249 1123 in
283 1084 461 1124 cruce
489 1068 673 1124 dixit:
728 1068 916 1137 Pater,
950 1068 1009 1123 in
1058 1085 1272 1125 manus
1323 1072 1458 1125 tuas
1504 1068 1850 1124 commendo

185 1155 472 1229 spiritum
502 1173 704 1213 meum
725 1159 901 1228 (Lua,
923 1158 1152 1230 xxm).»
1195 1157 1469 1230 Magnam
1500 1157 1670 1213 nobis
1701 1172 1853 1212 com-

186 1245 433 1302 mendat
466 1245 738 1302 Christus
770 1263 939 1302 suam
963 1246 1355 1302 humilitatem
1388 1246 1486 1318 qui
1519 1262 1751 1318 semper
1778 1246 1851 1301 ad

188 1333 385 1391 Deum
417 1334 647 1391 Patrem
680 1334 981 1392 clamavit:
1002 1335 1053 1392 ei
1087 1353 1261 1391 suum
1293 1336 1666 1392 commendat
1690 1333 1853 1407 spiri-

187 1428 349 1492 tum,
364 1440 500 1480 cum
522 1423 636 1481 sibi
657 1424 898 1483 haberet
928 1425 1194 1481 eamdem
1213 1424 1440 1481 unitam
1464 1423 1851 1492 divinitatem,

188 1513 261 1568 ad
286 1530 471 1586 quam
492 1513 791 1581 clamaret,
806 1513 898 1569 cui
922 1513 1196 1588 spiritum
1209 1519 1409 1587 posset
1419 1513 1851 1569 commendare:

186 1606 248 1658 et
278 1601 344 1656 in
376 1602 486 1659 hac
514 1602 849 1658 humilitate
881 1618 987 1659 nos
1019 1601 1203 1659 voluit
1231 1603 1344 1658 sibi
1376 1603 1758 1670 conformare,
1791 1605 1858 1656 ut

188 1690 347 1746 nihil
378 1691 441 1747 in
472 1690 643 1747 nobis
674 1692 1065 1759 confidamus,
1088 1693 1191 1748 sed
1222 1692 1421 1747 omnia
1451 1708 1485 1747 a
1514 1691 1631 1747 Deo
1661 1706 1859 1762 exspe-

1956 534 2212 605 tialibus,
2240 536 2340 609 qui
2376 556 2657 596 numerus
2686 540 2907 612 aliquid
2932 542 3100 597 nobis
3120 548 3320 599 notat:
3345 545 3446 600 sed
3470 545 3610 617 quia

1955 640 2087 678 cum
2103 623 2148 681 si
2160 629 2457 698 ntseptem
2471 627 2724 702 dies,per
2735 646 2883 701 quos
2897 629 3231 687 universum
3244 635 3480 704 tempus
3492 634 3611 707 agi-

1957 718 2070 782 tur,
2089 714 2171 770 sic
2186 720 2411 788 septem
2426 718 2634 789 psalmi
2652 718 3078 790 pmnitentiales
3089 737 3193 792 per
3204 720 3466 788 singulos
3480 723 3606 778 dies

1957 804 2128 860 nobis
2161 806 2553 862 necessariam
2576 823 2706 862 esse
2725 807 3125 879 paenitentiam
3152 810 3487 865 ostendunt.
3514 810 3606 864 In«

1957 893 2138 948 tentio
2152 897 2243 949 est
2262 912 2365 970 nos
2382 896 2453 950 ad
2491 896 2893 968 paenitentiam
2922 896 3165 953 invitare
3192 897 3455 970 exemplo
3490 899 3605 954 sui.

2031 981 2208 1047 Quasi
2234 969 2483 1039 diceret:
2510 984 2661 1039 Dum
2690 985 2980 1056 superbus
3012 984 3185 1053 fui,et
3199 969 3437 1057 peccare
3460 986 3604 1043 mihi

1959 1068 2200 1142 placuit,
2234 1089 2349 1126 non
2383 1072 2494 1128 fuit
2516 1074 2745 1145 justum
2780 1077 2847 1150 ut
2874 1090 2968 1129 me
2998 1074 3439 1145 exaudires,sed
3471 1076 3609 1149 quia

1951 1158 2080 1229 jam
2112 1157 2280 1215 doleo
2330 1160 2400 1215 de
2430 1161 2706 1233 peccatis,
2739 1164 2796 1216 et
2843 1161 3052 1217 deinde
3101 1178 3329 1220 cessare
3376 1167 3607 1233 studeo,

1961 1246 2112 1319 ideo,
2147 1271 2175 1297 «
2210 1247 2476 1317 Domine,
2505 1249 2714 1305 exaudi
2744 1249 3065 1305 orationem
3101 1267 3291 1308 meam
3338 1257 3396 1308 et
3442 1253 3610 1309 obse-

1962 1336 2281 1393 crationem
2315 1355 2528 1407 meam,
2566 1362 2594 1387 »
2625 1339 2682 1394 id
2714 1343 2823 1407 est,
2856 1340 3319 1397 obsecrationem
3351 1359 3454 1415 per
3480 1358 3611 1398 cru-

1962 1439 2111 1494 cem,
2139 1429 2196 1481 et
2223 1443 2327 1498 per
2358 1426 2740 1496 nativitatem,
2765 1431 2823 1483 et
2852 1427 3090 1498 similia,
3111 1446 3240 1501 quae
3271 1431 3509 1502 quidem
3536 1428 3616 1487 Ia-

1963 1512 2169 1569 cienda
2198 1519 2305 1583 est,
2341 1514 2439 1569 ubi
2476 1532 2689 1588 magna
2718 1514 3010 1572 incumbit
3040 1518 3357 1575 necessitas
3387 1535 3403 1574 :
3449 1518 3613 1576 illam

1964 1603 2449 1671 misericordiam,
2482 1605 2940 1661 obsecrationem
2972 1623 3089 1662 non
3139 1608 3332 1663 dicam
3379 1609 3612 1680 exaudi,

1967 1692 2067 1747 sed
2103 1715 2130 1741 ‹‹
2164 1692 2408 1748 auribus
2438 1694 2693 1766 percipe,
2728 1717 2754 1743 ››
2787 1695 2845 1750 id
2875 1699 2982 1763 est,
3017 1695 3327 1768 diligenter
3345 1698 3610 1754 attende:

187 1784 448 1882 ciemus.
480 1781 631 1850 Dixi,
663 1782 754 1838 Tu
784 1798 846 1838 es
876 1798 1010 1854 spes
1043 1796 1191 1850 mea,
1225 1786 1283 1837 et
1310 1779 1551 1852 dixi,‘Tu
1582 1796 1644 1835 es
1672 1802 1697 1829 «
1722 1796 1855 1852 por-
1887 1817 1936 1883 Β
1967 1784 2024 1834 et
2054 1780 2161 1836 hoc
2194 1805 2221 1830 ‹‹
2256 1781 2315 1835 in
2346 1782 2587 1837 veritate
2620 1787 2791 1851 tua,»
2823 1783 2881 1837 id
2913 1787 3022 1852 est,
3044 1787 3110 1838 ut
3138 1800 3310 1839 verus
3332 1800 3614 1857 appareas

189 1865 273 1924 tio
318 1887 453 1926 mea
500 1870 561 1925 in
608 1875 765 1927 terra
805 1869 1144 1939 viventium,
1183 1893 1210 1919 »
1260 1870 1427 1942 quasi
1472 1885 1628 1925 unus
1660 1884 1857 1940 quaero

192 1975 330 2016 esse
360 1959 435 2016 de
462 1956 581 2015 illis
612 1959 713 2032 qui
745 1961 935 2016 vivent
964 1958 1023 2014 in
1054 1959 1270 2015 caelesti
1298 1962 1469 2014 terra.

271 2049 431 2119 Dixi,
461 2051 549 2106 Tu
581 2067 645 2106 es
675 2067 811 2125 spes
864 2067 1017 2119 mea,
1065 2053 1123 2104 et
1170 2053 1257 2118 tu,
1291 2049 1559 2117 Domine,
1591 2048 1650 2102 in
1683 2062 1858 2120 quem

198 2156 402 2213 spero,
436 2162 464 2189 ‹‹
493 2138 729 2196 intende
758 2141 829 2196 ad
860 2139 1331 2213 deprecationem
1358 2155 1571 2207 meam,
1610 2160 1636 2185 ››
1668 2138 1738 2193 de
1770 2152 1857 2191 re-

200 2228 468 2284 motione
497 2227 787 2284 malorum
817 2229 1052 2298 factam,
1085 2251 1113 2278 «
1149 2228 1288 2300 quia
1334 2226 1685 2282 humiliatus
1724 2242 1857 2280 sum

202 2317 412 2386 nimis,
446 2339 476 2366 »
525 2318 665 2391 quia
711 2317 997 2374 exinanivi
1044 2317 1359 2390 meipsum,
1411 2316 1660 2371 formam
1708 2314 1857 2370 servi

207 2406 334 2461 acei
342 2406 512 2479 piens
543 2405 768 2479 (Philip.
804 2405 884 2478 ιι).

279 2495 382 2550 Sic
411 2495 648 2567 quidem
680 2495 940 2567 intende,
970 2519 997 2546 «
1030 2494 1215 2552 libera
1243 2511 1336 2550 me
1385 2512 1419 2550 a
1467 2492 1863 2567 persequenti-

204 2585 326 2639 bus
358 2600 474 2656 me,
503 2606 534 2633 »
564 2588 622 2639 et
650 2601 797 2658 opus
827 2589 915 2641 est
945 2608 972 2635 ‹‹
1008 2584 1148 2658 quia
1174 2583 1479 2640 confortati
1514 2588 1654 2639 sunt
1685 2598 1865 2654 super

209 2690 328 2742 me,
367 2696 396 2722 ››
442 2677 730 2746 quantum
777 2675 850 2729 ad
899 2690 1134 2747 corpus,
1166 2674 1320 2745 quod
1370 2672 1725 2745 permissum
1774 2673 1864 2725 est

206 2760 296 2817 eis
327 2779 364 2817 a
390 2761 511 2817 Deo
540 2761 600 2817 in
634 2766 880 2818 mortem
910 2762 1070 2818 dare.

206 2855 213 2859 ’
284 2851 396 2920 Ita,
424 2850 576 2921 dico,
613 2875 639 2901 ‹‹
669 2851 856 2907 libera
886 2868 1000 2923 me,
1031 2873 1059 2902 »
1095 2850 1317 2907 scilicet
1347 2874 1375 2900 «
1416 2851 1564 2906 educ
1604 2849 1863 2905 animam

211 2957 405 2995 meam
438 2940 510 2995 de
539 2940 827 3009 custodia,
864 2963 893 2990 »
924 2940 981 2997 id
1013 2943 1121 3008 est,
1155 2940 1227 2995 de
1252 2940 1501 3006 inferno,
1537 2938 1637 2994 ubi
1654 2938 1862 2993 animai

204 3028 452 3086 illorum
470 3027 1027 3086 ﬁdeliumadiabolo
1064 3029 1390 3085 retinentur
1427 3032 1484 3084 et
1519 3027 1862 3084 custodiun-

206 3122 332 3173 tur.
371 3142 394 3168 ι
430 3118 591 3175 Educ
624 3142 652 3169 ››
685 3118 879 3190 dico,«
913 3120 985 3175 ad
1017 3119 1416 3175 confitendum
1447 3115 1673 3173 nomini
1694 3121 1860 3183 tuo,»

1968 1869 2024 1923 in
2059 1870 2389 1941 promissis,
2423 1871 2561 1943 quia
2608 1872 2928 1944 promisisti
2980 1872 3391 1928 exauditurum
3443 1873 3613 1929 illum

1968 1958 2067 2030 qui
2099 1976 2161 2014 se
2190 1958 2607 2028 humiliaverit,
2642 1961 2846 2016 dicens
2881 1976 2894 2016 :
2927 1960 3340 2017 Convertimini
3391 1962 3462 2017 ad
3493 1978 3611 2032 me,

1967 2051 2024 2102 et
2079 2063 2185 2118 ego
2236 2052 2538 2103 convertar
2586 2049 2657 2103 ad
2704 2065 2807 2104 vos
2856 2049 3037 2121 (Zach.
3085 2049 3160 2120 1);
3212 2053 3270 2104 et
3316 2049 3427 2105 hoc
3475 2055 3610 2107 est:

1969 2158 1997 2185 ι(
2032 2135 2252 2190 Exaudi
2284 2153 2377 2191 me
2409 2136 2467 2190 in
2500 2140 2603 2191 tua
2642 2136 2901 2207 justitia,
2940 2160 2967 2186 »
3017 2137 3074 2192 id
3124 2140 3233 2208 est,
3283 2137 3395 2193 hoc
3438 2137 3617 2211 exigit

1968 2227 2070 2279 tua
2092 2223 2328 2295 justitia
2359 2229 2423 2278 ut
2453 2224 2745 2296 promissa
2773 2228 2875 2280 tua
2905 2225 3197 2297 compleas
3233 2243 3246 2280 :
3279 2227 3425 2281 bene
3475 2226 3618 2283 dicit

1975 2337 1994 2363 ιι
2032 2313 2089 2367 in
2124 2318 2225 2368 tua
2247 2312 2545 2384 justitia,»
2576 2314 2717 2385 quia
2740 2314 3320 2387 intelligitjustitiam
3354 2315 3453 2370 Dei
3472 2331 3620 2371 sem-

1971 2419 2074 2474 per
2104 2402 2162 2456 in
2195 2402 2597 2458 misericordia
2629 2420 2776 2459 esse.

2043 2491 2180 2547 Dico
2212 2515 2241 2542 «
2276 2492 2507 2560 exaudi,
2542 2495 2599 2547 et
2646 2509 2761 2547 non
2809 2491 2991 2548 intres
3041 2493 3098 2547 in
3140 2492 3433 2565 judicium
3481 2509 3619 2550 cum

1971 2597 2134 2634 servo
2175 2584 2295 2648 tuo,
2326 2600 2354 2631 η
2395 2580 2450 2634 id
2484 2585 2593 2647 est,
2630 2585 2693 2635 ut
2733 2581 3056 2636 secundum
3109 2582 3315 2637 merita
3361 2599 3454 2638 me
3500 2598 3618 2639 non

1963 2667 2220 2739 judices,
2254 2692 2281 2718 «
2317 2668 2457 2741 quia
2489 2686 2603 2723 non
2626 2669 3053 2739 justificabitur
3084 2669 3142 2723 in
3173 2675 3486 2743 conspectu
3516 2675 3618 2727 tuo

1972 2756 2165 2812 omnis
2195 2756 2412 2825 vivens,
2448 2779 2476 2807 »
2507 2755 2647 2829 quia
2676 2762 2943 2829 respectu
2967 2757 3053 2812 tui
3087 2757 3285 2814 nullus
3325 2759 3621 2815 invenitur

1963 2845 2190 2916 justus,
2243 2861 2428 2917 neque
2483 2845 2786 2918 propheta,
2837 2861 3026 2917 neque
3069 2846 3388 2918 apostolus,
3430 2863 3619 2919 neque

1973 2933 2219 3005 angelus
2250 2933 2447 2989 etiam.

2044 3023 2176 3078 Ideo
2207 3039 2410 3095 precor
2435 3026 2500 3078 ut
2529 3039 2644 3078 non
2675 3021 2860 3079 intres
2883 3024 2943 3078 in
2969 3023 3329 3095 judicium,«
3355 3024 3493 3097 quia
3513 3024 3620 3082 ini-

1972 3112 2227 3180 micus,»
2262 3111 2320 3166 id
2352 3115 2461 3184 est,
2486 3109 2643 3166 filius
2674 3111 3097 3178 meus,scilieet
3126 3111 3378 3169 carnalis
3396 3118 3613 3182 motus,

208 3208 269 3263 id
300 3212 412 3277 est,
446 3208 518 3264 de
548 3226 679 3265 mea
707 3209 1013 3265 eductione
1041 3207 1316 3265 laudetur
1340 3225 1553 3264 nomen
1584 3211 1773 3275 tuum,
1807 3209 1864 3260 et
1892 3186 1936 3254 (Σ
1978 3223 2005 3251 ‹‹
2038 3204 2126 3256 est
2174 3204 2538 3272 persecutus,
2570 3221 2600 3251 »
2653 3216 2824 3272 prave
2874 3200 3260 3273 suggerendo,
3295 3224 3323 3251 «
3358 3201 3618 3258 animam

210 3314 245 3353 a
277 3313 372 3353 me
398 3301 458 3353 et
486 3297 559 3353 ab
586 3296 717 3354 aliis
746 3297 1008 3354 liberatis
1030 3315 1132 3371 per
1164 3315 1258 3354 me
1291 3314 1303 3353 :
1332 3302 1391 3353 et
1421 3312 1657 3352 necesse
1686 3298 1776 3351 est
1799 3296 1864 3349 ut

210 3388 454 3454 educas,
487 3385 768 3459 quoniam
804 3410 832 3436 «
868 3403 960 3442 me
991 3390 1331 3458 exspectant
1349 3385 1497 3458 justi
1532 3408 1559 3435 »
1591 3383 1862 3440 liberato-

212 3493 337 3532 rem
364 3492 567 3543 suum,
596 3498 624 3526 «
659 3475 841 3531 donec
871 3474 1162 3531 retribuas
1190 3473 1356 3543 mihi,
1394 3498 1422 3524 ››
1452 3474 1645 3529 dando
1676 3489 1866 3528 resur-

210 3564 532 3620 rectionem
562 3579 666 3636 pro
696 3579 827 3618 mea
851 3561 1200 3619 obedientia.
1239 3560 1368 3617 Alia
1412 3559 1717 3616 translatio
1766 3558 1865 3613 ha-

208 3653 328 3722 bet,
362 3676 394 3704 «
428 3652 579 3709 educ
607 3652 680 3708 de
711 3668 960 3708 carcere.
995 3673 1024 3702 »

680 3812 753 3869 IN
795 3811 1142 3869 PSALMUM
1178 3811 1392 3868 CXLII.

240 3910 508 3968 Trruws
538 3926 556 3966 ξ
590 3910 847 3966 Psalmus
876 3909 1068 3977 David,
1099 3924 1225 3964 cum
1251 3908 1672 3981 persequebatur
1699 3926 1827 3966 eum

738 3981 892 4052 ﬁlius
921 3996 1055 4036 suus
1082 3981 1338 4037 Abmlon.

276 4123 305 4150 «
341 4097 615 4165 Domine,
648 4096 855 4154 exaudi
907 4096 1232 4153 orationem
1264 4113 1479 4153 meam.
1517 4120 1545 4147 ››
1594 4097 1861 4155 Psalmus

204 4188 317 4246 iste
348 4184 621 4246 convenit
646 4185 851 4256 David,
885 4185 943 4243 id
972 4190 1061 4243 est
1106 4185 1319 4259 cuique
1350 4203 1479 4244 vero
1516 4186 1858 4259 poenitenti;

203 4279 400 4335 factus
431 4275 668 4349 quando
696 4274 853 4332 ﬁlius
882 4276 1032 4349 ejus,
1058 4275 1117 4331 id
1150 4279 1240 4333 est
1269 4275 1522 4332 carnalis
1552 4280 1773 4347 motus,
1802 4280 1863 4333 et

202 4366 361 4423 alius
386 4363 639 4438 quilibet
663 4361 857 4420 malus
874 4367 1059 4433 actus,
1075 4380 1224 4437 quos
1245 4364 1355 4420 sibi
1377 4364 1552 4421 homo
1569 4383 1672 4439 per
1690 4383 1860 4423 suam

200 4454 446 4529 culpam
476 4452 699 4528 genuit,
721 4453 1186 4526 persequebatur
1213 4470 1370 4523 eum,
1398 4454 1454 4509 id
1487 4458 1596 4522 est,
1633 4456 1859 4529 afﬂige-

1972 3306 2184 3359 meam,
2222 3311 2249 3339 »
2274 3288 2333 3343 id
2365 3293 2474 3356 est,
2500 3289 2784 3345 rationem
2817 3306 3030 3358 meam,
3061 3294 3120 3345 et
3153 3312 3182 3341 ‹‹
3214 3289 3566 3359 humiliavit,
3589 3313 3619 3342 η

1970 3378 2030 3433 id
2057 3383 2165 3447 est,
2196 3379 2505 3451 depressit,
2542 3401 2569 3430 «
2600 3379 2779 3434 vitam
2808 3395 3001 3436 meam
3038 3379 3100 3434 in
3129 3383 3307 3447 terra,
3343 3403 3371 3430 »
3402 3379 3461 3435 id
3509 3384 3618 3451 est,

1973 3472 2039 3522 ut
2068 3467 2312 3523 terrenis
2342 3467 2471 3540 ipsa
2501 3468 2700 3523 anima
2729 3468 3048 3524 adhaereret
3078 3484 3093 3523 :
3144 3472 3201 3523 et
3229 3468 3405 3524 etiam
3440 3490 3468 3519 «
3497 3468 3621 3524 col-

1972 3555 2182 3611 locavit
2212 3572 2305 3611 me
2332 3556 2390 3610 in
2423 3556 2716 3625 obscuris,
2751 3581 2772 3608 ι
2807 3555 2865 3612 id
2896 3560 3003 3625 est,
3035 3556 3096 3610 in
3118 3556 3515 3628 profunditate
3544 3557 3622 3612 vi-

1972 3646 2212 3714 tiorum,
2252 3668 2272 3694 ι
2310 3644 2463 3701 sicut
2493 3648 2755 3701 mortuos
2789 3644 3006 3713 seaculi,
3041 3667 3069 3693 »
3098 3643 3154 3699 id
3186 3648 3293 3713 est,
3328 3643 3621 3715 quoslibet

1974 3733 2262 3799 infideles,
2296 3749 2444 3806 quos
2473 3733 2729 3805 peccatis
2760 3732 3016 3789 irretitos
3066 3748 3308 3804 prorsus
3337 3730 3617 3788 saeculum

1969 3823 2234 3896 possidet
2265 3839 2279 3879 :
2313 3846 2339 3871 ‹‹
2374 3826 2432 3877 et
2458 3843 2485 3872 »
2516 3822 2645 3877 ideo
2679 3845 2707 3871 ‹‹
2741 3820 2985 3893 spiritus
3015 3835 3181 3875 meus
3212 3820 3482 3875 anxiatus
3529 3824 3620 3877 est

1972 3929 2151 3985 super
2197 3927 2309 3979 me,
2347 3933 2375 3959 »
2421 3908 2481 3965 id
2533 3914 2644 3976 est,
2675 3910 2748 3964 de
2779 3925 2891 3977 me,
2926 3908 3033 3964 hoc
3071 3913 3180 3976 est,
3215 3908 3616 3981 eompunctio-

1970 4018 2104 4057 nem
2137 4005 2194 4057 et
2228 3999 2484 4055 dolorem
2514 3997 2693 4053 habui
2724 3999 2793 4053 de
2842 3997 3095 4071 peccatis
3142 3997 3312 4064 meis,
3344 4002 3401 4053 et
3449 4020 3476 4047 ‹‹
3519 4013 3620 4054 cor

1972 4107 2191 4160 meum,
2223 4112 2251 4141 »
2284 4089 2343 4143 id
2375 4091 2486 4154 est,
2516 4087 2665 4144 ratio
2697 4105 2846 4157 mea,
2883 4109 2911 4138 «
2953 4087 3371 4143 conturbatum
3419 4091 3510 4143 est
3556 4087 3616 4143 in

1971 4198 2085 4251 me,
2122 4203 2149 4231 ››
2183 4178 2322 4253 quia
2340 4195 2409 4235 ex
2432 4194 2525 4233 me
2556 4176 2887 4235 nesciebam
2918 4177 3210 4250 quomodo
3242 4176 3313 4234 de
3343 4176 3453 4234 hac
3482 4193 3616 4251 cap-

1967 4270 2195 4327 tivitate
2227 4285 2459 4343 possem
2491 4266 2664 4325 exire.

2041 4360 2110 4416 Et
2140 4359 2199 4415 in
2228 4358 2338 4414 hac
2369 4356 2704 4414 turbatione
2734 4379 2762 4407 «
2797 4371 3023 4412 memor
3050 4355 3161 4412 fuit
3189 4355 3418 4411 dierum
3464 4356 3614 4412 anti-

1970 4463 2245 4522 quorum,
2264 4466 2290 4498 υ
2321 4446 2377 4502 id
2409 4445 2592 4515 est,in
2615 4445 2832 4518 quibus
2853 4444 2983 4500 aliis
3001 4443 3418 4517 paenitentibus
3438 4443 3614 4499 mise-

199 4544 306 4600 bat
336 4541 547 4598 multis
577 4540 890 4614 angustiis,
923 4546 980 4598 et
1009 4542 1281 4615 ejiciebat
1310 4559 1445 4599 eum
1476 4544 1547 4599 de
1576 4561 1775 4617 regno,
1801 4545 1858 4600 id
1887 4555 1938 4622 ι)
1966 4537 2279 4592 ricordiam
2313 4535 2651 4601 exhibuisti,
2686 4555 2715 4581 «
2750 4532 3063 4622 meditatus
3094 4547 3226 4586 sum
3258 4530 3316 4585 in
3338 4529 3614 4622 omnibus

200 4637 295 4690 est
325 4633 398 4689 de
430 4629 534 4687 illa
562 4630 846 4704 dignitate
877 4630 935 4686 in
969 4648 1084 4703 qua
1111 4630 1287 4687 homo
1320 4636 1553 4688 creatus
1573 4636 1681 4701 est,
1706 4633 1861 4690 sicut

201 4720 464 4778 Absalon
495 4724 841 4792 persecutus
868 4724 1095 4792 patrem
1127 4736 1303 4776 suum
1334 4719 1465 4792 fuit,
1497 4725 1555 4776 et
1580 4721 1651 4776 de
1682 4738 1860 4794 regno

203 4810 396 4884 ejecit.
431 4808 676 4865 Materia
706 4811 796 4864 est
822 4807 917 4864 hic
947 4826 1118 4865 verus
1149 4809 1472 4881 pmnitens:
1526 4814 1584 4864 et
1614 4810 1767 4865 sicut
1794 4810 1855 4865 in

204 4899 338 4955 aliis
366 4897 891 4973 pcenitentialibus,
916 4897 997 4954 ita
1016 4898 1193 4954 etiam
1217 4897 1311 4953 hic
1332 4899 1554 4954 bonum
1577 4900 1754 4955 finem
1772 4917 1860 4956 os-

200 4988 391 5044 tendit
418 4987 775 5060 pcenitentis.
812 4991 873 5042 In
904 4988 1097 5061 prima
1125 4992 1289 5062 parte
1320 4988 1484 5060 ponit
1531 4988 1857 5045 orationem

207 5077 627 5145 concessivam,
659 5093 777 5132 non
808 5076 1137 5133 excusando
1167 5075 1403 5149 culpam
1437 5082 1703 5150 suam,et
1735 5096 1860 5133 nar-

210 5171 296 5222 rat
324 5182 466 5223 suas
517 5164 807 5233 miserias,
855 5168 920 5221 ut
958 5164 1222 5236 judicem
1270 5165 1342 5220 ad
1394 5164 1857 5222 misericordiam

209 5259 589 5313 commoveat.
623 5254 889 5312 Ostendit
916 5254 1185 5312 etiamse
1210 5255 1356 5311 bene
1388 5255 1462 5310 ad
1490 5255 1684 5327 ipsum
1702 5256 1860 5328 judi-

210 5362 331 5402 cem
353 5348 805 5413 conversum,ut
822 5344 908 5400 sic
925 5343 1141 5416 dignus
1161 5343 1449 5410 videatur,
1473 5360 1651 5417 super
1682 5361 1857 5417 quem

195 5434 380 5511 judex
408 5432 509 5508 pia
539 5432 841 5490 affectione
872 5436 1190 5490 moveatur.
1212 5432 1275 5489 In
1307 5432 1586 5501 secunda,
1613 5449 1741 5504 quae
1778 5432 1861 5489 in-

206 5524 381 5597 cipit:
407 5546 437 5572 κ
459 5520 747 5579 Velociter
785 5522 994 5579 exaudi
1030 5537 1145 5590 me,
1178 5544 1206 5572 »
1249 5524 1522 5597 precatur
1546 5519 1659 5577 cito
1691 5538 1862 5578 exau-

207 5612 340 5686 diri,
370 5614 432 5670 et
458 5610 522 5667 in
550 5611 704 5673 viam
733 5616 954 5671 rectam
985 5610 1214 5685 deduci,
1242 5613 1299 5668 et
1327 5610 1583 5668 afﬁrmat
1597 5611 1754 5684 quod
1773 5611 1858 5670 sic

1969 4626 2245 4699 operibus
2274 4626 2416 4694 tuis,
2451 4646 2478 4673 ››
2515 4623 2572 4677 id
2603 4626 2711 4687 est,
2740 4620 2937 4675 omnia
2967 4635 3143 4692 opera
3171 4623 3275 4675 tua
3320 4619 3520 4674 reduxi
3554 4618 3613 4675 in

1968 4702 2430 4781 meditationem,
2484 4716 2547 4767 ut
2595 4728 2663 4767 ex
2710 4709 2795 4765 eis
2841 4708 2985 4764 mihi
3035 4725 3302 4781 pararem
3352 4707 3612 4781 aliquam

1968 4802 2444 4870 consolationem,
2486 4823 2508 4851 ι
2541 4805 2599 4857 et
2624 4799 2682 4854 in
2716 4799 2883 4855 factis
2913 4821 2940 4849 ››
2972 4815 3099 4870 qua:
3129 4797 3422 4868 dicuntur,
3447 4816 3612 4854 «ma-

1968 4911 2152 4949 nuum
2182 4897 2438 4960 tuarum,
2469 4913 2489 4940 ιο
2526 4888 2844 4956 scilicet,in
2878 4888 3046 4944 factis
3076 4905 3203 4960 quae
3226 4887 3615 4942 misericordi-

1968 4987 2056 5038 ter
2084 4980 2266 5036 fecisti
2303 4978 2582 5051 antiquis,
2614 4979 2858 5034 Abrahaz
2902 4982 2960 5034 et
3008 4975 3324 5033 Israelitico
3373 4972 3607 5047 populo,

1968 5076 2027 5127 et
2054 5070 2184 5129 aliis
2207 5068 2413 5142 justis,
2447 5068 2667 5124 faciens
2700 5072 2758 5123 et
2787 5068 2953 5138 mihi,
2987 5083 3119 5123 cum
3152 5081 3245 5120 me
3274 5063 3380 5120 tibi
3412 5063 3610 5119 humi-

1967 5160 2193 5228 liarem,
2226 5164 2283 5215 et
2313 5160 2371 5214 in
2402 5158 2742 5231 hujusmodi
2778 5156 2964 5224 factis,
2996 5178 3023 5205 «
3060 5153 3402 5210 meditabar.
3440 5176 3467 5203 »

2040 5253 2110 5306 Et
2158 5267 2273 5305 non
2322 5252 2551 5304 tantum
2605 5270 2632 5298 ‹‹
2663 5246 3007 5312 meditabar,
3049 5266 3075 5291 ››
3117 5243 3216 5299 sed
3249 5243 3426 5300 etiam
3460 5268 3486 5295 ‹‹
3520 5261 3612 5302 ex-

1970 5341 2171 5414 pandi,
2205 5362 2232 5388 »
2264 5338 2320 5393 id
2352 5341 2459 5406 est,
2480 5335 2715 5401 elevavi,
2735 5358 2756 5385 ιι
2793 5350 3003 5389 manus
3033 5348 3260 5402 meas,»
3292 5332 3352 5388 id
3372 5337 3461 5390 est
3475 5350 3610 5407 ope-

1970 5430 2224 5485 rationes
2255 5442 2570 5495 meas,non
2602 5425 2671 5480 ad
2705 5423 2899 5480 visum
2928 5422 3257 5492 hominum,
3283 5423 3341 5479 id
3362 5426 3470 5492 est,
3494 5440 3611 5480 non

1969 5521 2039 5576 ad
2074 5519 2325 5575 favorem
2358 5513 2581 5588 populi,
2607 5512 2708 5569 sed
2746 5533 2773 5566 α
2803 5512 2875 5568 ad
2897 5518 2952 5569 te
2983 5536 3011 5565 »
3045 5510 3612 5580 obtinendum.Quid

1967 5609 2139 5684 plura
2157 5606 2185 5663 τ
2215 5629 2243 5659 ‹‹
2274 5604 2487 5664 Anima
2516 5618 2648 5661 mea
2677 5602 2830 5661 sicut
2876 5606 3030 5663 terra
3059 5602 3186 5661 sine
3235 5615 3389 5681 aqua
3415 5603 3544 5676 tibi,
3579 5625 3610 5658 ››
