4018 6176
515 305 636 364 675

941 302 1350 365 HAYMONIS
1383 295 2196 398 HALBERSTA’I‘sEPISC.
2231 296 2403 363 OPP.
2435 301 2632 364 PARS
2663 301 2711 364 Ι.
2741 337 2818 346 -
2847 300 3243 366 COMMENT.
3275 305 3454 368 BlBL.
3707 313 3801 374 676

517 435 658 512 quia
687 435 841 494 sicut
866 440 1020 492 terra
1049 435 1174 492 sine
1195 451 1350 507 aqua
1375 433 1592 502 hiat,et
1611 432 1905 508 desiderat
1921 431 2156 489 infusio-
2185 432 2242 502 Α
2269 450 2448 506 quam
2480 435 2618 491 fecit
2635 434 2904 492 Christus
2924 436 2997 492 de
3017 435 3265 506 diabolo,
3281 456 3378 512 per
3395 439 3800 512 quamvictoriam

518 544 653 584 nem
687 543 872 598 aquae,
886 525 968 579 ita
987 523 1187 578 anima
1216 522 1572 578 infusionem
1605 521 1908 595 apirituals
1921 521 2154 593 gratias:

517 621 574 672 et
604 632 708 690 per
726 615 834 669 hoc
865 611 1120 669 ostendit
1148 627 1210 667 se
1239 610 1482 684 dignum
1509 610 1602 667 cui
1628 615 1828 684 parcat
1847 611 2048 682 judex.

587 727 614 753 ‹‹
645 701 993 758 Velociter.»
1028 701 1168 756 Pars
1199 700 1638 766 secunda.Quia
1658 699 1742 755 ita
1770 698 2160 755 sitivitanima

513 809 663 858 mea,
696 794 755 844 et
785 789 924 862 quia
951 787 1036 843 sic
1084 789 1354 860 expandi,
1387 788 1541 855 ideo,
1571 805 1605 843 o
1636 813 1662 837 «
1700 788 1964 857 Domine,
1997 784 2154 843 velo-

511 880 656 936 citer
682 878 888 934 exaudi
924 894 1018 932 me
1049 894 1062 932 :
1102 900 1128 926 »
1159 882 1218 932 et
1246 877 1424 932 debes
1475 877 1682 944 facere,
1716 877 1856 949 quia
1885 900 1914 928 ‹‹
1948 877 2160 933 defecit

512 967 755 1042 spiritus
786 983 974 1033 meus,
995 987 1021 1014 »
1043 965 1264 1022 scilicet
1291 964 1390 1020 ille
1417 965 1660 1038 spiritus
1693 965 1792 1039 qui
1823 981 1891 1022 ex
1919 965 2156 1022 homine

511 1061 622 1126 est,
652 1055 876 1112 scilicet
905 1053 1151 1127 spiritus
1179 1053 1485 1126 superbiae.

581 1148 652 1203 Et
681 1145 822 1218 quia
859 1142 1066 1200 defecit
1111 1143 1354 1216 spiritus
1399 1143 1901 1216 praesumptionis,
1933 1143 2158 1200 scilicet

509 1236 652 1310 quia
682 1250 776 1290 me
806 1231 1054 1288 humilio
1086 1231 1355 1299 tibi,ideo
1376 1255 1403 1282 ‹‹
1419 1249 1492 1288 ne
1520 1237 1746 1288 avertas
1768 1233 1973 1289 faciem
1992 1235 2153 1289 tuam

512 1344 547 1382 a
576 1341 692 1393 me,
726 1345 754 1375 »
790 1323 849 1378 id
879 1325 990 1390 est,
1023 1320 1416 1394 cognitionem
1463 1325 1627 1378 tuam
1677 1325 1854 1394 atque
1901 1338 2152 1395 praesen-

509 1415 653 1472 tiam
687 1431 702 1483 ;
735 1415 794 1468 et
843 1411 892 1468 si
923 1409 1198 1466 averteris
1246 1411 1476 1479 faciem,
1508 1409 1671 1467 nulla
1718 1410 1998 1466 distantia
2045 1411 2156 1467 erit

510 1505 664 1560 inter
691 1519 786 1558 me
815 1499 1124 1569 humilem,
1156 1522 1180 1549 ‹‹
1215 1503 1274 1555 et
1305 1522 1332 1549 »
1376 1499 1522 1556 alios
1553 1499 1838 1572 superbos
1871 1516 1884 1555 :
1917 1500 2018 1555 sed
2052 1517 2152 1573 po-

510 1592 628 1649 tius
649 1615 677 1643 «
711 1607 807 1647 ero
839 1589 1052 1646 similis
1086 1611 1113 1638 ››
1144 1588 1260 1644 illis
1292 1589 1561 1660 superbis
1599 1612 1628 1638 ‹‹
1661 1588 2153 1644 descendentibus

508 1682 568 1737 in
600 1680 816 1750 lacum,
851 1702 880 1728 »
909 1677 966 1732 id
989 1681 1096 1747 est,
1131 1677 1191 1732 in
1218 1678 1573 1750 profundum
1605 1676 1839 1734 inferni.

577 1770 704 1828 Non
732 1772 980 1836 avertas,
1003 1766 1155 1836 dico,
1185 1767 1282 1822 sed
1317 1767 1512 1839 potius
1544 1789 1572 1818 «
1602 1767 1692 1822 iac
1725 1766 1868 1822 mihi
1890 1767 2150 1823 auditam
2183 1802 2231 1868 Β

507 1857 972 1916 misericordiam
1005 1860 1188 1925 tuam,
1221 1877 1248 1908 ιι
1285 1855 1341 1910 id
1375 1859 1466 1912 est
1495 1855 1588 1928 pie
1617 1855 1878 1912 auditam
1911 1860 2148 1912 senten-

504 1949 647 2005 tiam
713 1951 878 2002 tuam
937 1946 1008 2001 de
1066 1943 1408 2001 remissione
1466 1950 1862 2016 peccatorum,
1920 1950 1978 2001 et
2042 1943 2151 2002 hoc

509 2061 532 2091 ι
569 2052 762 2104 mane,
796 2057 824 2085 ››
857 2035 911 2089 id
945 2037 1056 2101 est,
1089 2033 1146 2087 in
1178 2033 1466 2104 principio
1509 2051 1652 2089 meas
1701 2033 2150 2091 illuminationis

503 2129 562 2180 et
591 2121 1361 2194 compunctiouiszaudiunt
1391 2121 1632 2192 quidam
1665 2121 2146 2191 misericordiam,

503 2211 658 2268 sicut
684 2211 862 2268 David
918 2225 1021 2280 per
1066 2209 1296 2264 Nathan
1347 2209 1692 2282 prophetam
1742 2211 1814 2265 de
1862 2209 2149 2267 adulterio

503 2300 832 2355 condonato
861 2299 943 2367 (II
972 2299 1097 2369 Reg.
1125 2301 1224 2365 xu)
1258 2314 1270 2352 :
1306 2297 1402 2352 alii
1437 2315 1538 2370 per
1575 2298 1872 2371 angelum,
1901 2299 1998 2354 alii
2048 2316 2152 2372 per

503 2387 815 2460 puritatem
849 2403 968 2443 suae
999 2385 1391 2454 conscientiae,
1411 2404 1473 2442 se
1503 2405 1746 2442 suorum
1778 2393 2147 2460 peccatorum

502 2476 716 2532 habere
748 2474 1154 2532 remissionem
1185 2473 1520 2548 intelligunt
1551 2493 1564 2530 :
1599 2475 1727 2532 ideo
1767 2477 2027 2534 auditam
2061 2479 2148 2534 fac

505 2564 990 2632 misericordiam,
1031 2585 1058 2618 α
1088 2563 1227 2637 quia
1257 2564 1314 2618 in
1345 2569 1402 2620 te
1431 2565 1678 2636 speravi.
1709 2585 1736 2616 ι

571 2654 641 2709 Et
669 2671 772 2726 per
799 2655 1059 2710 auditam
1093 2653 1554 2710 misericordiam
1594 2676 1620 2708 σι
1653 2659 1849 2736 nqtam
1881 2655 1970 2710 fac
2003 2656 2146 2711 mihi

499 2741 654 2798 viam
687 2741 746 2798 in
781 2760 896 2816 qua
923 2743 1242 2813 ambulem,
1277 2742 1416 2816 quia
1447 2744 1519 2800 ad
1550 2747 1605 2800 te
1657 2742 1838 2800 levavi
1887 2745 2146 2801 animam

504 2848 717 2888 meam.
755 2854 783 2882 υ

568 2922 639 2978 Et
668 2939 804 2978 cum
835 2921 895 2977 in
926 2921 1021 2978 via
1049 2921 1448 2988 ambulavero,
1480 2922 1529 2977 si
1563 2921 1744 2995 aliqui
1796 2923 2020 2979 inimici
2052 2940 2146 2980 ve-

498 3010 712 3076 nerint,
743 3011 843 3083 qui
875 3027 970 3066 me
997 3011 1178 3067 velint
1205 3011 1506 3084 impedire,
1541 3015 1628 3082 tu,
1663 3011 1972 3078 «Domine,
1989 3012 2147 3086 eripe

501 3114 593 3152 me
625 3099 696 3153 de
725 3097 982 3154 inimicis
1013 3099 1182 3167 meis,
1217 3122 1246 3149 »
1296 3100 1434 3172 quia
1481 3116 1588 3172 ego
1644 3121 1672 3154 α
1699 3101 1933 3174 confugi
1964 3121 1990 3152 ο
2029 3117 2144 3156 non

2268 527 2475 579 sancta
2502 523 2760 580 Ecclesia
2803 525 2874 581 de
2923 529 3207 598 potestate
3251 527 3459 583 inimici
3499 528 3804 600 eripiturzet

2267 609 2420 668 hanc
2451 612 2660 669 Christi
2693 613 2994 670 victoriam
3023 613 3291 686 intelligit
3319 615 3602 688 significari
3629 617 3806 675 Davida

2266 717 2376 754 sua
2403 702 2660 768 victoria,
2693 719 2870 774 quam
2909 703 3034 774 ipse
3079 703 3282 758 habuit
3326 704 3394 758 de
3436 704 3593 760 Golia.
3623 704 3804 762 Materia

2264 794 2354 844 est
2380 790 2506 862 ipsa
2535 790 2749 846 Christi
2780 791 3040 862 victoria,
3059 809 3160 864 per
3187 809 3360 864 quam
3391 793 3528 848 facta
3541 799 3620 850 est
3645 795 3805 868 ipsali-

2264 877 2486 934 beratio
2515 884 2734 935 nostra.
2769 880 2832 934 In
2863 879 3052 952 prima
3079 885 3238 952 parte
3280 880 3482 953 gratias
3523 881 3628 954 agit
3651 883 3708 938 de
3730 899 3806 938 sua

2264 966 2522 1023 victoria.
2557 985 2732 1040 quam
2763 973 2959 1024 tamen
2995 969 3222 1025 inducit
3235 969 3416 1042 gratia
3443 969 3728 1042 signiﬁcata
3749 973 3806 1026 vi-

2263 1060 2458 1111 ctorum
2489 1055 2726 1128 Christi,
2757 1062 2816 1112 et
2841 1057 2986 1130 petit
3035 1063 3101 1112 ut
3139 1057 3463 1114 incarnatur
3487 1063 3539 1114 et
3561 1059 3720 1115 veniat
3742 1059 3806 1118 ille

2263 1145 2363 1217 qui
2384 1145 2649 1202 devincet
2677 1145 2903 1202 Goliam
2919 1151 2977 1203 ct
3005 1164 3120 1203 non
3137 1147 3209 1203 de
3224 1151 3494 1220 potestate
3509 1147 3671 1221 ipsius
3681 1148 3808 1206 Golia

2262 1233 2566 1290 liberet.ln
2599 1236 2880 1303 secunda,
2903 1253 3031 1308 quae
3061 1235 3268 1310 incipit
3293 1253 3307 1291 :
3339 1259 3368 1286 ‹‹
3397 1237 3557 1302 Deus,
3583 1238 3808 1294 canticum

2263 1339 2478 1380 novum
2507 1323 2753 1379 cantabo
2784 1323 2912 1390 tibi,
2929 1324 3114 1380 ndicit
3129 1323 3410 1397 Propheta
3430 1328 3542 1380 tam
3557 1323 3610 1380 in
3624 1341 3810 1397 persona

2261 1412 2560 1486 sui,quam
2579 1413 2638 1468 in
2656 1429 2906 1484 persona
2921 1413 3186 1468 omnium
3203 1413 3713 1486 liberatarum,un
3722 1414 3809 1486 ipse

2260 1501 2520 1559 cantabit
2540 1501 2786 1558 Domino
2807 1505 2866 1558 et
2886 1501 2947 1558 in
2967 1503 3123 1558 Novo
3143 1505 3202 1558 et
3220 1503 3281 1558 in
3298 1503 3481 1558 Veteri
3495 1503 3808 1570 Testamento,

2258 1609 2362 1664 pro
2395 1591 2736 1648 liberatione
2767 1608 2944 1664 quam
2975 1591 3182 1648 fecitei
3213 1591 3488 1648 Dominus
3509 1591 3681 1649 etsuis
3695 1589 3807 1646 simi-

2259 1681 2416 1738 libus
2445 1682 2516 1738 dc
2545 1679 2776 1736 diabolo
2803 1685 2862 1737 et
2881 1679 3056 1736 malis
3080 1680 3437 1748 hominibus,
3455 1685 3510 1736 et
3527 1679 3731 1736 multam
3746 1679 3809 1734 de-

2259 1770 2466 1828 scribit
2510 1786 2711 1826 corum
2755 1767 3062 1834 malitiam,
3097 1768 3352 1826 Intendit
3396 1785 3498 1826 nos
3538 1769 3738 1826 invitare
3767 1771 3810 1824 ut

2260 1858 2506 1916 Domino
2535 1857 2756 1931 gratias
2786 1857 3107 1914 referamus
3137 1857 3210 1913 de
3238 1857 3474 1914 victoria
3499 1861 3680 1913 nostra:
3708 1856 3809 1912 libe-

2260 1946 2522 2015 rationis,
2556 1946 2708 2003 sicut
2734 1946 2856 2020 ipse
2889 1945 3175 2020 propheta
3201 1945 3418 2020 gratias
3447 1947 3581 2020 agit,
3602 1949 3652 2002 et
3671 1946 3725 2000 de
3739 1961 3813 2000 sua

2259 2037 2494 2110 propria
2535 2035 2778 2092 victoria
2823 2036 2896 2092 de
2947 2033 3132 2104 Golia,
3169 2041 3228 2092 et
3273 2035 3515 2093 maxime
3553 2035 3614 2092 de
3636 2033 3812 2090 victoria

2259 2125 2612 2198 Christi,per
2639 2141 2817 2198 quam
2850 2124 3137 2199 propheta
3167 2125 3424 2198 seipsum
3454 2141 3578 2182 cum
3604 2122 3711 2180 aliis
3722 2123 3810 2194 jus-
3924 2122 3925 2199 ξ

2259 2213 2336 2270 tis
2367 2214 2600 2270 liberari
2632 2213 2925 2288 intelligit.
2960 2215 3126 2271 Hunc
3158 2213 3450 2288 psalmum
3480 2213 3713 2270 ultimum
3748 2225 3814 2284 ρο·
3924 2213 3925 2288 i

2245 2303 2346 2358 nit
2373 2304 2444 2360 de
2466 2303 2742 2360 omnibus
2769 2303 2887 2360 illis
2911 2303 2970 2359 in
3003 2303 3222 2376 quibus
3253 2320 3356 2377 per
3383 2302 3633 2360 historias
3653 2299 3810 2372 aliquid

2258 2391 2646 2464 significabat,
2678 2390 2764 2448 vel
2797 2391 2884 2448 uti
2913 2391 2984 2447 ad
3018 2391 3363 2464 patientiam
3407 2391 3489 2448 vel
3536 2392 3600 2447 ad
3639 2393 3810 2446 ceteras
3924 2409 3925 2414 π

2257 2479 2480 2536 similes
2508 2481 2752 2537 virtutes
2783 2481 3158 2536 admonebat.
3189 2481 3388 2538 Czeteri
3439 2497 3536 2538 vos
3576 2481 3810 2550 sequentes
3924 2487 3925 2502 ‘

2257 2571 2478 2640 septem
2511 2567 2716 2624 laudes
2749 2569 2930 2625 David
2957 2568 3258 2639 dicuntur,
3289 2569 3416 2626 ideo
3445 2568 3574 2642 quia
3597 2567 3674 2622 hic
3698 2563 3811 2637 ponit

2255 2655 2557 2712 victoriam
2599 2660 2810 2714 nostra:
2859 2657 3274 2715 liberationis:
3324 2675 3424 2731 per
3467 2658 3565 2713 hoc
3606 2655 3807 2719 innuens,

2255 2745 2412 2818 quod
2442 2745 2493 2800 si
2539 2745 2673 2818 quis
2717 2750 2926 2802 caetera
2972 2747 3032 2802 in
3079 2747 3217 2804 aliis
3264 2747 3502 2820 psalmis
3547 2741 3810 2819 praemonita

2255 2834 2402 2922 bene
2431 2835 2796 2904 custodierit,
2828 2834 2888 2891 in
2920 2835 3028 2892 hac
3058 2837 3305 2894 victoria
3349 2835 3572 2906 Christi,
3601 2835 3660 2891 de
3697 2829 3810 2888 Golia
3924 2917 3925 2922 γ

2255 2921 2661 2980 liberationem
2693 2923 2970 2981 inveniet.

2323 3013 2404 3069 Ac
2450 3013 2500 3068 si
2544 3013 2691 3069 alios
2739 3013 3031 3082 invitaret,
3082 3014 3335 3073 dicens:
3379 3017 3608 3082 Fratres,
3634 3013 3674 3070 si
3698 3023 3812 3066 voss

2256 3099 2488 3156 diabolo
2517 3100 2748 3158 liberati
2771 3102 2935 3172 estis,
2969 3103 3147 3160 nolite
3177 3105 3344 3162 vobis
3375 3105 3656 3172 ascribere,
3675 3098 3752 3156 sed
3773 3095 3812 3149 in

503 3186 574 3240 ad
609 3185 846 3256 aliquod
877 3166 1206 3241 humanum
1241 3166 1554 3260 refugium:
1579 3190 1679 3245 sed
1711 3213 1739 3240 «
1775 3189 1847 3244 ad
1875 3166 1932 3244 te
1966 3211 1993 3237 ››
2017 3189 2145 3246 ideo
2175 3166 2219 3235 (ἶ
2259 3190 2508 3246 1)οωὶηο
2537 3190 2756 3264 gratias
2785 3166 2933 3263 agit,
2957 3197 3013 3248 et
3040 3192 3152 3248 hoc
3179 3193 3440 3268 exemplo
3468 3191 3590 3260 mei,
3613 3166 3696 3264 qui
3710 3181 3810 3243 nihil

502 3295 530 3322 ‹‹
564 3273 706 3328 doce
734 3289 829 3328 me
860 3275 1048 3329 facere
1078 3274 1436 3332 voluntatem
1467 3279 1650 3346 tuam,
1687 3300 1715 3327 ››
1767 3278 1921 3350 quod
1969 3279 2146 3336 debes

501 3360 710 3428 facere,
745 3383 774 3411 ‹‹
807 3359 948 3432 quia
977 3361 1134 3418 Deus
1166 3379 1334 3418 meus
1362 3381 1425 3420 es
1457 3368 1540 3432 tu,
1579 3387 1606 3414 ››
1655 3366 1746 3421 cui
1799 3365 2146 3424 familiarem

502 3463 596 3504 me
627 3447 796 3504 facio.
1523 3458 1528 3462 ’

513 3579 523 3582 -
571 3535 711 3594 Dico
742 3561 771 3589 ‹‹
803 3536 984 3612 eripe,
1019 3543 1219 3596 notam
1249 3540 1339 3596 iac
1387 3541 1564 3612 viam,
1595 3564 1623 3593 ι)
1673 3547 1732 3599 et
1781 3542 1976 3614 facies,
2009 3545 2149 3619 quia

503 3648 531 3677 ‹‹
562 3627 808 3700 spiritus
838 3631 979 3684 tuus
992 3628 1182 3685 bonus
1213 3630 1461 3686 deducet
1490 3649 1602 3701 me,
1624 3653 1652 3682 »
1679 3649 1783 3705 per
1804 3634 2148 3708 semitasju-

499 3715 692 3787 stitiaa,
727 3740 755 3768 ‹‹
789 3717 849 3774 in
879 3721 1096 3774 terram
1130 3722 1370 3789 rectam,
1407 3741 1436 3770 ››
1467 3719 1525 3774 id
1567 3725 1675 3789 est,
1708 3721 1767 3776 in
1817 3725 2031 3779 terram
2061 3725 2145 3782 vi-

499 3806 781 3879 ventium,
815 3825 994 3880 quam
1026 3807 1135 3864 soli
1167 3809 1306 3865 recti
1353 3809 1775 3882 possidebunt;
1808 3815 1866 3868 et
1909 3812 2144 3870 interim

500 3918 528 3946 «
554 3895 872 3952 vivificabis
904 3913 998 3953 me
1028 3920 1057 3948 »
1091 3899 1163 3954 ad
1194 3897 1480 3971 explenda
1511 3899 1788 3956 mandata
1817 3903 1921 3956 tua
1954 3923 1982 3953 α
2013 3899 2145 3974 pro-

500 3987 632 4054 pter
661 4001 874 4040 nomen
904 3990 1096 4054 tuum,
1117 3987 1382 4057 Domine,
1405 4009 1433 4036 »
1463 3987 1601 4060 quia
1627 3988 1801 4046 Jesus
1833 3988 2064 4060 diceris,
2087 3991 2145 4047 id

501 4073 612 4138 est,
641 4071 939 4140 salutaris,
973 4073 1115 4145 quia
1143 4093 1258 4130 non
1293 4093 1398 4147 pro
1429 4077 1676 4146 meritis,
1705 4078 1808 4134 sed
1833 4095 1938 4150 pro
1971 4079 2146 4136 mise-

503 4157 755 4214 ricordia
783 4165 888 4214 tua
919 4176 932 4214 :
965 4164 1025 4217 et
1054 4160 1164 4216 hoc
1200 4184 1228 4214 «
1261 4163 1319 4218 in
1351 4165 1625 4236 mquitate
1674 4169 1776 4222 tua
1809 4189 1836 4216 »
1868 4167 2008 4240 quia
2039 4169 2148 4226 hoc

503 4243 680 4318 exigit
709 4245 955 4318 aequitas
985 4251 1140 4317 tuas,
1173 4253 1239 4305 ut
1268 4251 1520 4308 vivitices
1561 4257 1619 4309 et
1666 4255 1926 4313 deducas
1954 4257 2144 4331 illum,

503 4333 604 4404 qui
635 4349 699 4389 se
729 4332 836 4390 tibi
865 4333 1163 4392 humiliat.

574 4418 911 4480 Viviﬁcabis
959 4441 1072 4490 me,
1123 4429 1182 4482 et
1229 4449 1258 4476 «
1291 4425 1506 4482 educes
1555 4428 1812 4486 animam
1853 4449 2044 4490 meam
2078 4435 2150 4492 de

2255 3295 2360 3352 per
2386 3295 2480 3334 me
2519 3283 2721 3336 contra
2768 3279 3016 3352 Goliam,
3049 3283 3152 3339 sed
3199 3283 3398 3340 omnia
3441 3300 3537 3356 per
3576 3276 3814 3338 Dominum

2255 3366 2368 3440 egi,
2400 3371 2458 3424 et
2485 3367 2622 3426 inde
2653 3368 2732 3425 sit
2760 3391 2790 3420 «
2822 3369 3167 3428 benedictus
3199 3371 3480 3430 Dominus
3524 3371 3658 3427 Deus
3678 3379 3810 3428 meus,

2255 3455 2357 3528 qui
2387 3455 2556 3513 docet
2581 3473 2796 3514 manus
2827 3474 3008 3528 meas,
3041 3480 3069 3510 ››
3103 3458 3164 3514 id
3197 3463 3311 3531 est,
3349 3459 3696 3533 operationes,
3721 3476 3742 3504 κ
3764 3449 3812 3506 ad

2254 3543 2522 3618 prmlium
2546 3561 2559 3602 :
2588 3567 2617 3596 »
2647 3563 2751 3620 per
2780 3563 2873 3603 me
2901 3546 3058 3603 enim
3093 3548 3412 3606 nescissem
3443 3552 3626 3624 contra
3649 3541 3812 3601 Goliam

2256 3633 2529 3706 prailiari.
2563 3659 2590 3685 «
2625 3636 2696 3692 Et
2723 3635 2938 3708 digitos
2968 3653 3154 3708 meos,
3193 3661 3220 3688 ››
3255 3638 3313 3693 id
3344 3642 3451 3707 est,
3482 3633 3694 3694 consilia
3708 3643 3812 3696 mea,

2256 3725 2424 3780 docet
2443 3723 2555 3780 uad
2590 3723 2830 3780 bellum.
2851 3725 3025 3782 «Ideo
3055 3741 3162 3798 per
3191 3727 3406 3801 digitos
3435 3725 3618 3784 volunt
3635 3714 3812 3788 intelligi

2254 3811 2519 3881 consilia,
2553 3811 2692 3885 quia
2722 3811 2875 3870 sicut
2905 3813 3073 3888 digiti
3114 3815 3189 3872 de
3221 3833 3402 3874 manu
3449 3811 3740 3890 procedunt,
3761 3805 3814 3860 ita

2255 3901 2328 3956 de
2369 3901 2542 3956 corde
2588 3901 2852 3972 consilia,
2887 3903 3058 3976 quasi
3103 3907 3364 3977 quadam
3413 3905 3620 3962 ratione
3643 3897 3810 3956 exeunt-

2260 3989 2463 4046 Docuit
2491 3991 2646 4046 enim
2679 3991 2833 4048 Deus
2864 3992 3179 4049 consilium
3198 3995 3443 4064 bonum,
3462 3990 3623 4050 veluti
3643 3981 3815 4062 quando

2255 4077 2490 4135 eminus
2509 4083 2710 4136 contra
2727 4079 2954 4136 Goliam
2970 4083 3428 4154 pugnaret,item
3451 4079 3662 4156 quando
3676 4069 3817 4131 docuit

2255 4183 2391 4223 eum
2444 4170 2508 4224 ut
2555 4167 2796 4224 fundam
2846 4186 3046 4226 secum
3097 4175 3380 4244 portaret,
3411 4176 3467 4229 et
3512 4170 3568 4226 in
3594 4166 3686 4224 hoc
3709 4156 3816 4234 (ιιιοά

2255 4255 2486 4330 lapillos
2518 4256 2730 4314 electos
2761 4275 2964 4315 secum
2987 4264 3253 4333 portaret
3282 4261 3342 4317 in
3363 4277 3498 4334 pera
3521 4250 3771 4332 pastorali.

2329 4345 2496 4403 Ponit
2525 4346 2666 4402 item
2698 4345 2814 4403 alia
2843 4347 2944 4404 Dei
2989 4348 3294 4420 beneﬁcia,
3328 4350 3400 4406 ad
3444 4342 3818 4406 cumulationem

2257 4435 2579 4510 gratiarum
2611 4435 2878 4506 actionis,
2898 4437 3067 4510 quasi
3097 4437 3180 4494 ita
3209 4439 3452 4496 diceret:
3487 4437 3608 4494 Ideo
3627 4433 3691 4490 sit
3703 4431 3822 4484 bene-

502 4509 902 4602 tribulatione,
930 4537 960 4602 in
997 4513 1054 4568 id
1088 4517 1198 4584 est,
1230 4515 1301 4571 de
1331 4517 1707 4589 suggestione
1754 4526 2147 4594 peccatorum,
2179 4535 2226 4602 D
2257 4525 2452 4580 dictus
2481 4527 2539 4580 et
2568 4523 2859 4581 exaltatus
2891 4509 3066 4595 Deus,
3100 4527 3244 4598 quia
3295 4548 3324 4581 ι
3365 4527 3527 4582 docet
3568 4530 3776 4579 manus:
3800 4531 3820 4557 ιι

503 4620 533 4648 ‹‹
565 4603 624 4655 et
648 4599 708 4655 in
745 4601 1146 4658 misericordia
1171 4607 1275 4660 tua
1295 4603 1643 4678 disperdes»
1675 4623 1880 4664 omnes
1903 4633 1930 4660 «
1956 4609 2150 4668 inimi-

504 4703 604 4743 cos
635 4705 818 4758 meos,
852 4709 879 4742 ι
914 4689 971 4745 id
1005 4695 1113 4760 est,
1146 4691 1383 4750 illicitos
1415 4699 1632 4765 motus,
1667 4696 1766 4768 qui
1808 4697 1868 4753 in
1919 4716 2012 4756 me
2061 4701 2148 4758 in-

505 4781 780 4848 surgunt.

575 4889 603 4917 ‹‹
637 4865 970 4940 Disperdes,
1009 4893 1030 4918 ο
1067 4873 1130 4924 ut
1148 4870 1274 4942 jam
1307 4875 1512 4928 contra
1542 4890 1634 4930 me
1660 4891 1776 4930 non
1821 4875 2150 4952 insurgant,

505 4978 533 5006 ‹‹
565 4959 624 5012 et
651 4973 857 5012 omnes
889 4955 988 5029 qui
1019 4958 1306 5014 tribulant
1335 4960 1592 5018 animam
1625 4980 1836 5034 meam,
1871 4969 1989 5023 tam
2025 4986 2152 5026 ma-

503 5043 591 5100 los
613 5045 908 5116 homines,
941 5062 1120 5118 quam
1161 5048 1474 5118 dzemones,
1510 5074 1536 5099 ‹‹
1572 5053 1778 5122 perdes
1812 5076 1840 5102 »
1889 5057 2149 5127 tandem,

504 5155 532 5182 «
567 5135 848 5205 quoniam
877 5151 985 5209 ego
1017 5151 1220 5192 servus
1245 5140 1386 5194 tuus
1415 5155 1569 5194 sum.
1608 5162 1634 5188 ››

952 5225 1026 5280 ΙΝ
1077 5225 1425 5282 PSALMUM
1467 5227 1702 5284 CXLIII.

666 5313 922 5370 Trruws
957 5331 970 5370 :
1001 5315 1257 5372 Psalmus
1281 5317 1453 5372 David
1480 5317 1738 5376 adversus
1768 5320 1996 5378 Goliam.

578 5421 606 5448 ‹‹
641 5399 1010 5458 Benedictus.
1035 5426 1062 5453 ››
1096 5403 1364 5460 Psalmus
1393 5403 1504 5462 iste
1535 5408 1804 5464 convenit
1833 5409 2011 5466 David
2029 5429 2154 5484 pro-

505 5485 712 5557 phetae,
747 5489 848 5562 qui
881 5489 974 5546 hic
1003 5490 1282 5564 loquitur,
1317 5493 1558 5551 habitus
1588 5497 1869 5554 adversus
1899 5500 2150 5572 Goliam,

507 5573 566 5631 id
599 5578 688 5632 est
702 5575 1022 5638 diabolum.
1049 5581 1332 5654 Loquitur
1351 5583 1508 5642 enim
1528 5585 1796 5660 psalmus
1825 5589 1897 5647 de
1915 5589 2155 5651 victoria

2261 4613 2401 4670 item
2433 4613 2572 4686 quia
2599 4613 2724 4686 ipse
2751 4617 2842 4671 est
2869 4615 3270 4673 misericordia
3305 4631 3464 4684 mea;
3489 4612 3617 4686 quia
3642 4609 3821 4698 longi".n

2259 4705 2415 4758 esset
2445 4718 2787 4758 enumerem
2807 4702 3006 4759 omnia
3027 4721 3154 4776 quae
3173 4703 3288 4760 sibi
3317 4703 3470 4773 fecit,
3492 4697 3671 4774 paucis
3685 4690 3821 4749 verbis

2262 4791 2448 4847 multa
2481 4791 2576 4848 Dei
2608 4791 2893 4848 beneficia
2921 4793 3383 4866 comprehendit,
3399 4792 3550 4851 sic:«
3573 4782 3822 4845 misericor-

2262 4880 2358 4936 dia
2375 4897 2524 4948 mea,
2539 4899 2566 4933 ιι
2593 4880 2650 4936 id
2677 4885 2767 4936 est
2788 4881 2888 4954 qui
2911 4881 3056 4937 mihi
3081 4883 3215 4938 fecit
3235 4878 3694 4940 misericordiam:
3713 4870 3822 4925 hanc

2259 4969 2384 5025 vult
2413 4968 2660 5042 intelligi
2687 4969 3173 5038 misericordiam,
3191 4971 3332 5044 quia
3358 4969 3602 5044 elegitde
3615 4956 3825 5044 omnibus

2263 5058 2544 5114 fratribus
2569 5075 2730 5126 eum,
2760 5060 2862 5132 qui
2893 5059 3064 5134 longe
3111 5043 3467 5118 videbantur,
3500 5053 3766 5128 digniores,
3786 5043 3826 5096 εί

2262 5146 2396 5203 fecit
2426 5165 2561 5203 eum
2593 5147 2798 5222 inungi
2832 5149 2890 5204 in
2922 5167 3118 5224 regem
3164 5153 3218 5220 (1
3241 5152 3370 5223 Reg.
3401 5147 3532 5221 xw).
3563 5142 3726 5200 Prima
3755 5147 3828 5224 lIB_'

2262 5236 2375 5293 ctio
2406 5237 2556 5292 facta
2578 5241 2668 5294 est
2696 5217 2948 5294 inﬁdomo
2978 5217 3284 5312 patris-sui
3308 5217 3419 5295 lsai
3437 5255 3470 5293 a
3494 5217 3826 5321 Samaeis?“

2261 5325 2456 5398 specie
2487 5326 2664 5381 futuri
2697 5328 2860 5401 regni
2889 5332 3019 5384 :«et
3053 5351 3080 5377 »
3112 5329 3236 5402 ipse
3265 5327 3420 5385 Deus
3447 5328 3530 5382 est
3549 5346 3576 5373 «
3598 5317 3826 5406 refugium

2261 5431 2459 5470 meum
2493 5437 2522 5464 ››
2554 5416 2627 5470 ad
2659 5432 2832 5488 quem
2878 5416 3086 5490 refugi,
3119 5418 3416 5490 deponens
3463 5425 3613 5470 arma
3653 5411 3822 5460 omnia.

2261 5503 2478 5576 quibus
2503 5503 2725 5560 fueram
2757 5504 3039 5576 indutus;
3064 5523 3138 5562 ne
3167 5505 3224 5561 in
3255 5517 3561 5578 congressu
3575 5493 3826 5580 eadem?

2261 5609 2296 5649 a
2317 5591 2501 5665 Golia,
2526 5597 2592 5650 ut
2617 5597 2778 5652 tanto
2808 5596 3065 5671 pondere
3094 5609 3388 5655 armorum
3419 5603 3654 5670 pressus,
3680 5587 3824 5636 consu-
