4018 6176
174 306 297 369 677

1365 297 1863 366 EXPLANA'I‘IO
1907 301 1985 363 IN
2027 302 2168 365 PSA
2179 301 2408 366 LMOS.

3469 308 3595 376 678

173 439 329 496 lium
352 437 525 495 aliter
542 435 844 510 pugnandi
874 436 1029 509 apud
1064 437 1244 492 Deum
1273 436 1501 493 inveni:
1535 453 1638 509 per
1657 453 1829 508 quem
1861 436 1917 504 Α
1945 436 2125 492 milus
2157 455 2402 510 magnos
2432 444 2490 495 et
2517 438 2806 513 lacrymas
2826 439 3048 515 exigne
3070 442 3175 515 pize
3197 446 3593 518 compunctio-

174 545 433 585 securus
456 527 537 582 fui
558 530 762 582 contra
783 525 1007 582 Goliam
1030 542 1041 581 :
1068 548 1097 575 «
1116 530 1423 598 susceptor
1453 542 1672 594 meus,»
1697 526 1836 597 quia

172 619 307 692 ipse
330 618 487 673 Deus
517 616 577 671 in
608 620 772 671 tanta
796 615 1081 687 dignitate
1112 632 1205 671 me
1233 615 1672 687 suscepit,quod
1697 631 1831 669 cum

170 724 371 765 essem
405 710 605 778 pastor
634 704 1079 777 quidam,homo
1107 705 1265 776 parvi
1296 705 1548 777 generis,
1574 704 1709 758 fecit
1739 720 1832 759 me

172 813 465 871 generum
497 794 712 863 Saulis,
734 799 865 850 «et»
890 794 1056 866 quasi
1090 811 1288 866 parem
1323 793 1432 866 ipsi
1467 793 1583 865 regi
1611 810 1624 847 :
1649 810 1673 837 ο
1700 792 1836 847 libe-

172 892 341 942 rator
368 901 535 941 meus
572 907 599 933 »
632 884 770 956 quia
799 884 872 939 ah
904 883 1063 938 omni
1095 883 1494 955 persecutione
1525 882 1718 939 Saulis
1740 898 1833 937 me

175 973 466 1029 liberavit.

250 1104 278 1130 «ι
320 1080 617 1135 Protector
648 1095 834 1146 meus,
872 1101 898 1127 ››
926 1079 1026 1151 qui
1060 1096 1293 1134 omnem
1324 1077 1829 1150 impugnationem

174 1167 372 1240 ipsius
403 1166 602 1246 Saulis
632 1183 860 1222 cessare
894 1166 1048 1236 fecit,
1078 1165 1257 1223 veluti
1288 1166 1344 1221 in
1381 1171 1564 1221 morte
1613 1165 1830 1222 Saulis.

172 1280 203 1305 «ε
241 1258 316 1312 Et
347 1280 376 1305 »
408 1256 519 1311 hoc
546 1255 678 1311 ideo
710 1256 864 1323 fecit,
897 1256 1038 1328 quia
1066 1280 1093 1306 ‹‹
1128 1256 1187 1312 in
1220 1273 1286 1312 eo
1316 1257 1562 1328 speravi,
1602 1279 1629 1305 ››
1655 1256 1710 1310 id
1746 1260 1835 1312 est

170 1362 420 1402 omnem
469 1362 634 1419 spem
682 1362 874 1401 meam
925 1345 985 1402 in
1018 1345 1145 1418 ipso
1176 1344 1471 1411 collocavi,
1500 1370 1527 1396 ‹‹
1562 1347 1659 1418 qui
1693 1346 1831 1401 sub-

170 1436 262 1490 dit
296 1433 585 1507 populum
610 1450 863 1502 meum,-
895 1434 954 1489 id
986 1438 1074 1490 est
1100 1435 1171 1491 de
1202 1451 1317 1507 quo
1347 1451 1453 1506 ego
1476 1452 1629 1490 unus
1648 1451 1829 1502 eram,

170 1523 406 1579 scilicet
438 1523 846 1590 Israeliticum,
881 1547 905 1573 «
929 1524 1039 1581 sub
1070 1541 1185 1594 me,
1218 1524 1358 1596 quia
1387 1541 1479 1579 me
1510 1541 1703 1597 regem
1736 1541 1830 1580 eo-

170 1630 312 1669 rum
343 1612 669 1669 constituit.

247 1717 523 1774 Ostendit
556 1719 710 1791 quod
743 1719 868 1791 ipse
899 1720 990 1776 his
1019 1720 1313 1793 praedictis
1347 1721 1646 1777 beneficiis
1677 1720 1831 1776 indi-

169 1823 335 1881 gnus
364 1810 574 1874 erat,et
603 1808 823 1881 pariter
849 1808 1044 1864 omnis
1074 1808 1247 1864 homo
1277 1808 1832 1883 liberatione,quam
1862 1806 1912 1872 B

171 1895 349 1969 ponit
378 1895 594 1951 factam
626 1913 696 1952 ex
724 1897 968 1953 victoria
996 1897 1233 1953 Christi.
1267 1897 1668 1955 Continuatio:
1706 1900 1835 1954 ΙΙωο

174 1984 383 2039 omnia
413 1984 698 2041 beneficia
727 1984 873 2041 mihi
907 1984 1115 2055 fecisti,
1148 1987 1249 2042 sed
1300 2004 1406 2060 ego
1437 1986 1531 2044 his
1559 1987 1836 2043 omnibus

175 2090 345 2130 eram
376 2073 658 2147 indignus
693 2090 705 2131 :
739 2079 817 2145 et,
848 2091 881 2130 o
913 2098 940 2125 α
975 2076 1234 2143 Domine,
1270 2076 1410 2150 quid
1452 2081 1562 2148 est,
1600 2100 1628 2125 »
1660 2077 1717 2132 id
1747 2079 1838 2132 est

173 2178 366 2235 quam
394 2163 530 2220 vilis
556 2166 648 2220 est
676 2180 769 2219 res
801 2186 825 2210 σι
858 2163 1034 2220 homo
1057 2190 1081 2215 »ι
1114 2165 1207 2221 cui
1238 2169 1358 2221 tam
1391 2165 1657 2222 mirabile
1679 2166 1836 2239 quod

175 2250 399 2321 fecisti,
432 2271 455 2295 α
481 2252 622 2325 quia
651 2252 961 2309 innotuisti
991 2253 1043 2310 ei
1078 2271 1091 2310 :
1128 2278 1152 2303 »
1187 2254 1445 2311 innotuit
1472 2255 1628 2311 Deus
1656 2255 1840 2311 homi-

174 2342 361 2396 nibus
381 2359 485 2414 per
504 2342 801 2416 propriam
827 2343 1198 2415 praesentiam
1218 2343 1280 2398 in
1312 2344 1563 2401 adventu
1594 2344 1835 2401 Christi:

171 2431 443 2486 innotuit
464 2430 627 2504 prius
652 2432 828 2487 David
861 2431 1092 2488 interna
1121 2432 1483 2504 praevisione,
1504 2434 1730 2506 quid,id
1752 2437 1842 2489 est

175 2536 367 2592 quam
400 2519 579 2575 chara
608 2524 667 2575 et
694 2522 951 2593 pretiosa
981 2538 1073 2577 res
1101 2525 1191 2577 est
1221 2521 1397 2577 homo
1422 2539 1435 2577 :
1461 2526 1519 2577 et
1550 2521 1659 2577 hoc
1688 2521 1839 2588 ideo,

178 2608 328 2681 quia
350 2608 658 2664 innotuisti
682 2609 732 2664 ei
756 2626 859 2682 per
886 2614 1255 2683 assumptam
1286 2610 1840 2682 humanitatem,qui

182 2714 295 2771 per
323 2713 387 2753 se
417 2697 742 2754 vilissimus
791 2702 916 2753 erat
948 2716 961 2754 :
996 2699 1128 2754 dico
1158 2698 1297 2770 quid
1331 2703 1419 2755 est
1448 2699 1647 2767 homo,
1678 2722 1705 2749 «
1740 2702 1844 2753 aut

186 2786 377 2843 Filius
394 2786 710 2856 hominis,»
736 2787 794 2841 id
826 2791 916 2842 est
945 2792 1179 2860 quantae
1211 2787 1645 2861 dignitatis,qui
1664 2805 1767 2860 per
1782 2804 1845 2843 se

184 2875 339 2931 nihil
369 2874 609 2948 penitus
640 2891 654 2931 :
687 2879 745 2931 et
774 2874 884 2932 hoc
916 2876 1044 2932 ideo
1079 2893 1092 2931 :
1133 2904 1158 2929 Α
1186 2877 1327 2948 quia
1356 2880 1591 2948 reputas
1622 2892 1779 2943 eum,
1816 2898 1843 2925 ››

186 2965 245 3020 id
280 2969 376 3021 est
425 2964 623 3039 magni
680 2964 850 3037 pretii
907 2964 1073 3037 facis,
1113 2965 1253 3038 quia
1304 2964 1650 3038 participem
1692 2964 1845 3031 facis

184 3058 422 3109 aeterna:
452 3053 1007 3110 beatitudinis.Cum
1042 3053 1184 3110 dicit
1213 3054 1408 3122 homo,
1440 3052 1716 3126 intelligit
1735 3053 1847 3126 pri-

184 3159 356 3199 mum
387 3147 713 3216 parentem,
746 3142 1067 3214 hominem,
1100 3144 1199 3216 qui
1233 3160 1350 3199 non
1381 3142 1597 3199 carnali
1629 3160 1841 3199 coneu-
1872 3168 1916 3236 Ο
1954 3142 2073 3243 ξος

182 3231 477 3305 piseentia
506 3234 739 3288 creatus
770 3231 1050 3305 fuit,quia
1073 3234 1223 3289 Deus
1243 3233 1315 3288 de
1344 3231 1485 3288 limo
1518 3237 1683 3288 terras
1706 3248 1842 3288 eum

182 3319 461 3378 formavit
480 3320 636 3393 (Gen.
671 3320 734 3393 ι).
768 3320 912 3377 Cum
947 3325 1145 3377 autem
1179 3321 1341 3392 dicit,
1378 3344 1403 3369 α
1436 3321 1618 3377 Filius
1647 3321 1844 3376 homi-

180 3410 293 3478 nis,
330 3433 360 3460 »
385 3408 673 3466 vilitatem
704 3410 900 3466 omnis
933 3410 1333 3483 generationis
1375 3410 1667 3479 ostendit;
1698 3427 1766 3465 ac
1792 3408 1844 3466 si

182 3498 405 3554 diceret
438 3515 452 3555 :
487 3497 927 3571 Qualiscunque
982 3502 1139 3554 esset
1184 3497 1381 3568 homo,
1413 3497 1502 3553 vel
1534 3497 1593 3553 in
1626 3496 1844 3554 carnali

182 3586 666 3661 concupiscentia
693 3592 887 3655 natus,
918 3585 1008 3643 vel
1039 3604 1177 3656 non,
1209 3603 1315 3660 per
1343 3604 1405 3643 se
1434 3586 1581 3643 nihil
1612 3590 1757 3644 erat.

250 3702 389 3760 Ideo
417 3702 549 3759 dico
581 3702 724 3775 quid
754 3705 845 3759 est
874 3724 899 3749 α
920 3701 1109 3759 ‘homo
1142 3731 1167 3757 »ι
1199 3702 1341 3775 quia
1373 3732 1399 3758 α
1420 3702 1635 3760 similis
1655 3703 1843 3759 factus

184 3796 273 3849 est
302 3790 575 3857 vanitati,
599 3811 623 3835 υ
655 3791 714 3846 id
746 3796 836 3847 est
865 3791 998 3861 levi,
1028 3809 1212 3861 vanae,
1245 3796 1303 3848 et
1350 3792 1465 3848 cito
1494 3792 1844 3848 transitoria:

186 3881 265 3937 rei
299 3898 314 3936 :
348 3881 545 3937 factus
574 3879 703 3936 ideo
735 3880 899 3952 dicit,
933 3880 1074 3953 quia
1127 3884 1359 3937 creatus
1414 3881 1526 3936 fuit
1565 3880 1626 3937 in
1658 3881 1842 3954 perfe-

185 3969 376 4026 ctione
406 3974 466 4025 et
495 3969 833 4039 stabilitate,
867 3970 969 4027 sed
1002 3970 1127 4042 ipse
1171 3970 1396 4026 violans
1426 3970 1842 4038 obedientiam,

185 4058 323 4113 fecit
353 4056 619 4130 seipsum
648 4075 888 4127 vanum,
922 4058 1230 4115 mortalem
1262 4063 1320 4115 et
1344 4058 1845 4125 transitorium,et

186 4146 259 4201 de
288 4144 468 4201 malis
513 4144 639 4202 suis
688 4162 803 4201 non
848 4145 1080 4203 incusat
1134 4151 1455 4203 creatorem
1489 4163 1501 4202 :
1536 4146 1683 4201 bene
1713 4145 1843 4201 dico

186 4256 216 4284 οι
247 4234 581 4301 vanitatis,»
614 4234 753 4307 quia
783 4234 1004 4292 umbra)
1035 4234 1250 4292 similis
1278 4236 1468 4291 factus
1489 4238 1615 4303 est;
1646 4238 1705 4291 et
1734 4233 1843 4290 hoc

185 4322 332 4380 dicit
363 4340 378 4380 :
412 4346 441 4374 ‹‹
468 4323 599 4381 dies
628 4324 758 4396 ejus
788 4323 943 4380 sicut
971 4324 1183 4381 umbra
1210 4328 1585 4397 praetereunt.
1622 4346 1651 4374 ››

260 4439 432 4497 Modo
462 4440 723 4496 ostendit
746 4441 1042 4512 quomodo
1073 4440 1249 4508 Deus,
1274 4439 1375 4514 qui
1404 4445 1529 4497 erat
1549 4444 1723 4496 tanta:
1755 4440 1841 4495 di-

1942 525 2034 580 nis
2064 527 2356 582 emittent.

2014 614 2151 670 Dico
2189 638 2209 665 α
2247 617 2552 686 descende,
2581 642 2606 667 ››
2641 624 2699 675 et
2729 620 2902 675 etiam
2936 646 2961 670 α
2988 622 3509 694 coruscationem,»
3534 624 3592 679 id

1941 707 2051 767 est,
2084 704 2240 759 dicta
2273 706 2709 777 prephetarum,
2743 715 2800 766 et
2832 709 3005 764 aliam
3038 711 3293 765 divinam
3327 712 3593 782 Scriptu-

1941 809 2223 864 ram,qu:e
2247 793 2303 848 in
2331 795 2523 866 scipsa
2543 804 2633 852 est
2654 798 2858 853 lucens
2879 803 2936 853 et
2957 815 3271 854 coruscans
3293 800 3590 872 «fulgura»

1941 880 2027 935 vel
2060 880 2306 954 fulgora,
2342 888 2663 957 utrumque
2709 886 2864 940 enim
2907 886 3137 954 dicitur,
3172 887 3227 941 id
3260 892 3367 958 est,
3402 888 3590 943 mani-

1941 970 2111 1035 festa,
2147 994 2174 1019 ‹‹
2211 976 2268 1026 et
2300 994 2326 1019 ››
2356 990 2458 1044 per
2486 973 2596 1028 hoc
2627 997 2653 1021 ‹ι
2683 990 2804 1043 eos,
2840 997 2866 1022 »
2899 974 2958 1029 id
3008 979 3116 1041 est,
3162 980 3391 1032 montes
3440 994 3586 1049 pra-

1942 1058 2132 1113 dictos
2163 1082 2190 1108 ‹‹
2226 1060 2563 1133 diesipabis,
2601 1085 2628 1109 ››
2659 1062 2715 1115 id
2760 1066 2866 1130 est,
2901 1080 2936 1116 a
2982 1080 3180 1118 massa
3226 1065 3589 1135 perditorum

1942 1147 2412 1220 separabis,quia
2442 1149 2622 1221 aliqui
2649 1167 2718 1205 ex
2746 1149 2863 1204 illis
2894 1150 3292 1207 salvabuntur.
3328 1175 3352 1198 α
3376 1153 3593 1210 Emitte

1943 1235 2190 1307 sagittas
2217 1241 2404 1303 tuas,»
2438 1238 2495 1292 id
2529 1242 2619 1293 est
2650 1238 2945 1310 apostolos
2976 1244 3129 1306 tuos,
3160 1240 3259 1312 qui
3292 1243 3468 1298 corda
3496 1242 3593 1297 ho-

1942 1324 2171 1379 minum
2204 1326 2560 1397 transﬁgunt
2589 1343 2787 1382 amore
2818 1327 3044 1396 Dei,«et
3063 1330 3444 1385 conturbabis
3459 1347 3592 1387 eos»

1943 1417 2171 1468 montes
2202 1415 2273 1468 ad
2309 1414 2548 1480 bonum,
2582 1414 2723 1487 quia
2772 1417 3165 1471 movebuntur
3206 1418 3276 1471 ad
3308 1417 3592 1489 pmniten-

1941 1501 2105 1556 tiam.

2012 1589 2305 1646 Convertit
2351 1609 2413 1647 se
2462 1593 2533 1647 ad
2588 1593 2838 1647 Patrem.
2874 1594 2984 1659 Tu,
3016 1593 3259 1649 Domine
3305 1594 3435 1664 Fili,
3468 1595 3596 1651 dico

1942 1700 1971 1728 «
2004 1679 2354 1751 descende,»
2386 1685 2443 1735 et
2472 1685 2557 1749 tu,
2593 1680 2838 1736 Domine
2870 1681 3037 1736 Pater
3065 1702 3088 1726 α
3120 1683 3319 1738 emitte
3351 1700 3595 1739 manum

1943 1771 2160 1835 tuam,»
2185 1767 2242 1822 id
2274 1772 2362 1822 est
2394 1766 2606 1823 Filium
2637 1772 2938 1840 tuum,per
2961 1785 3135 1840 quem
3162 1764 3447 1825 tu'omnia
3466 1787 3597 1843 ope-

1945 1855 2114 1921 raris,
2140 1880 2164 1905 κ
2190 1856 2259 1910 de
2289 1855 2424 1924 alto,
2451 1880 2475 1903 ι»
2510 1856 2568 1911 id
2602 1860 2691 1911 est
2718 1857 2791 1911 de
2822 1856 3187 1912 sublimitate
3211 1857 3269 1911 in
3291 1874 3409 1930 qua
3433 1875 3518 1925 es,
3539 1863 3598 1914 et

1946 1966 1974 1993 «
2008 1943 2166 2016 eripe
2199 1961 2291 1999 me
2323 1966 2351 1994 η
2383 1945 2455 1999 de
2487 1949 2770 2016 potestate
2802 1945 3041 2016 diaboli,
3075 1964 3099 1988 «ι
3121 1949 3178 2000 et
3206 1944 3390 2002 libera
3408 1963 3501 2002 me
3524 1948 3596 2003 de

1945 2033 2115 2104 aquis
2145 2033 2371 2104 multis,
2405 2053 2429 2077 ι»
2461 2034 2519 2088 id
2549 2038 2639 2089 est
2669 2034 2739 2089 de
2768 2033 3121 2089 inundantia
3150 2032 3461 2099 malorum,
3495 2054 3519 2078 α
3542 2039 3600 2090 et

1946 2123 2017 2178 de
2048 2139 2250 2189 manu,
2285 2140 2308 2163 ι»
2342 2122 2399 2176 id
2451 2126 2540 2177 est
2584 2123 2655 2178 de
2702 2126 2989 2194 potestate
3021 2139 3048 2170 ι
3079 2121 3404 2177 alienorum
3446 2122 3598 2179 ﬁlio-

1948 2229 2079 2268 rum
2115 2229 2128 2266 :
2166 2233 2193 2261 ››
2226 2210 2400 2266 alieni
2457 2211 2738 2265 dicuntur
2783 2228 2817 2265 a
2855 2210 3024 2265 nobis
3058 2210 3161 2265 filii
3193 2210 3432 2265 diaboli.
3467 2211 3599 2267 Ideo

1948 2319 2098 2374 opus
2116 2305 2206 2357 est
2230 2305 2294 2355 ut
2314 2300 2529 2371 eripias
2551 2299 2623 2353 ab
2647 2299 3039 2370 eis,quoniam
3072 2297 3183 2370 ipsi
3213 2303 3372 2366 sunt,
3407 2315 3435 2346 α
3455 2315 3601 2370 quo-

1950 2409 2081 2446 rum
2114 2408 2179 2446 os
2206 2390 2465 2445 locutum
2500 2392 2591 2443 est
2619 2388 2998 2459 vanitatem,»
3030 2386 3252 2442 scilicet
3279 2387 3605 2459 quamlibet

1948 2484 2154 2534 contra
2181 2479 2439 2534 divinam
2471 2477 2821 2532 sententiam
2857 2493 2870 2531 :
2906 2499 2933 2526 υ
2967 2480 3026 2530 et
3055 2476 3293 2531 dextera
3322 2492 3545 2547 eorum,
3573 2497 3601 2524 »

1952 2569 2007 2624 id
2037 2574 2126 2623 est
2153 2568 2412 2640 Operatio
2442 2582 2668 2635 eorum,
2699 2583 2824 2637 qua:
2867 2564 3074 2619 melior
3120 2564 3349 2619 videtur
3376 2564 3482 2630 eis,
3515 2569 3605 2621 est

1954 2680 1981 2708 ι(
2015 2659 2251 2713 dextera
2280 2654 2629 2727 iniquitatis.
2666 2675 2694 2701 ››

2023 2770 2050 2795 ‹‹
2084 2745 2259 2816 Deus,
2292 2742 2587 2799 canticum
2633 2757 2868 2796 novum.
2902 2762 2929 2789 »
2964 2740 3102 2796 Pars
3151 2741 3429 2796 secunda.
3464 2740 3603 2796 Dico

1953 2857 1983 2885 ‹‹
2014 2833 2192 2906 eripe,
2228 2856 2257 2882 ››
2284 2837 2341 2888 et
2387 2831 2437 2887 si
2484 2831 2593 2886 hoc
2644 2829 2870 2895 feceris,
2903 2852 2932 2878 «
2963 2829 3212 2884 cantabo
3258 2816 3373 2883 tibi
3414 2828 3602 2883 canti-

1953 2940 2088 2978 cum
2118 2937 2353 2988 novum,
2391 2943 2418 2970 »
2450 2920 2509 2975 id
2544 2922 2634 2975 est
2680 2917 3042 2973 annuntiabo
3092 2934 3195 2990 per
3241 2915 3604 2989 baptismum

1954 3016 2194 3085 peccata
2223 3009 2462 3077 remitti,
2484 3024 2800 3079 veramque
2825 3023 2953 3063 esse
2984 3006 3358 3062 refectionem
3389 3022 3605 3077 corpus

1954 3104 2013 3154 et
2041 3097 2390 3171 sanguinem
2421 3094 2659 3161 Christi,
2692 3099 2751 3150 et
2780 3098 2988 3150 czetera
3033 3110 3160 3165 quis
3208 3092 3503 3166 pertinent
3531 3094 3605 3149 ad

2076 3202 2178 3241 um
2208 3187 2651 3241 Testamentum
2677 3199 2690 3238 :
2725 3188 2783 3239 et
2812 3182 2989 3238 etiam
3023 3205 3051 3233 «
3077 3181 3327 3255 psallam
3360 3181 3526 3248 tibi,»
3547 3182 3607 3237 id

1953 3281 2043 3333 est
2070 3277 2216 3331 bene
2246 3274 2529 3347 operabor
2560 3296 2588 3324 ‹‹
2622 3272 2682 3328 in
2714 3272 3014 3345 psalterio,
3045 3301 3069 3325 ι»
3102 3272 3162 3327 id
3213 3274 3303 3326 est
3345 3270 3404 3325 in
3437 3269 3608 3342 spiri-

1953 3365 2098 3421 tuali
2127 3364 2461 3438 Operatione
2492 3363 2562 3417 de
2592 3361 2997 3433 superioribus
3048 3364 3361 3416 resonante
3396 3375 3410 3414 :
3441 3358 3607 3415 Psal-

1952 3455 2097 3511 terio
2155 3454 2285 3509 dico
2344 3476 2371 3502 «
2407 3451 2790 3518 decachordo,
2826 3471 2855 3500 »
2916 3449 2974 3504 id
3034 3452 3124 3505 est
3179 3449 3380 3504 decem
3435 3448 3610 3504 chor-

1953 3545 2047 3600 dis
2077 3546 2407 3609 resonante,
2441 3541 2640 3597 decem
2671 3538 2897 3594 scilicet
2926 3541 3216 3610 prazcepta
3244 3536 3389 3609 legis
3419 3536 3609 3591 adim-

1953 3633 2171 3706 plente.

2025 3720 2154 3777 Tibi
2184 3721 2335 3788 dico,
2363 3718 2503 3791 «qui
2525 3718 2633 3772 das
2663 3716 2915 3772 salutem
2948 3714 3207 3786 regibus,
3232 3732 3256 3757 ι)
3289 3713 3347 3768 id
3379 3716 3496 3780 est,
3524 3730 3609 3769 re-

1953 3811 2299 3868 missionem
2331 3812 2725 3880 peccatorum,
2749 3804 2973 3859 scilicet
2999 3802 3291 3870 fidelibus,
3327 3800 3427 3874 qui
3458 3802 3606 3858 bene

1953 3904 2165 3973 regunt
2195 3898 2421 3971 seipsos
2454 3913 2467 3951 :
2504 3900 2566 3950 tu
2599 3894 2749 3959 dico,
2784 3916 2811 3943 «
2848 3892 2949 3964 qui
2988 3914 3014 3941 »
3045 3892 3199 3947 inter
3246 3891 3393 3946 alios
3441 3907 3606 3964 reges

1952 4013 1981 4040 ‹‹
2014 3987 2315 4044 redemisti
2352 4008 2379 4035 ››
2410 4001 2502 4040 me
2534 4006 2563 4033 ‹‹
2598 3982 2778 4038 David
2828 3997 3062 4037 servum
3111 3984 3280 4035 tuum
3311 3980 3383 4035 de
3411 3978 3605 4051 gladio

1952 4077 2233 4150 maligno,
2254 4098 2281 4124 υ
2315 4075 2372 4129 id
2405 4078 2495 4129 est
2522 4073 2594 4127 de
2624 4073 2914 4144 potestate
2945 4067 3186 4137 diaboli,
3208 4068 3296 4124 vel
3326 4069 3397 4123 de
3427 4068 3606 4124 haere-

1951 4170 2069 4225 tica
2099 4162 2500 4239 persuasione.
2528 4159 2633 4216 Vel
2678 4176 2783 4232 per
2828 4158 3009 4214 David
3059 4157 3258 4230 ipsum
3306 4156 3606 4213 Christum

1953 4271 2272 4332 possumus
2304 4250 2566 4324 accipere
2599 4265 2612 4305 :
2647 4247 2749 4321 qui
2797 4248 3052 4320 pretium
3100 4245 3410 4320 sanguinis
3450 4244 3542 4302 sui
3573 4262 3609 4301 a

1952 4346 2308 4404 mortalitate
2338 4347 2515 4413 atquo
2547 4337 2936 4412 passibilitate
2966 4337 3307 4409 redemptus
3325 4339 3513 4392 est:et
3541 4338 3605 4390 tu

1951 4437 2052 4512 qui
2086 4434 2341 4508 pretium
2372 4428 2582 4487 dedisti
2615 4424 2718 4500 pro
2748 4426 2938 4493 nobis,
2982 4449 3010 4476 ‹‹
3031 4424 3187 4496 eripe
3218 4440 3311 4479 me
3344 4423 3473 4512 nde
3504 4421 3605 4512 illo

186 4509 881 4601 gnitatis,innotuit,quia
902 4528 1224 4596 descendit,
1242 4509 1556 4586 etcarnem
1580 4533 1839 4585 nostram
1869 4537 1918 4604 ι)
1953 4509 2157 4584 eodem
2186 4520 2381 4597 gladio
2415 4517 2695 4589 maligno,
2725 4514 2783 4569 id
2816 4519 2906 4604 est
2946 4514 3031 4604 de
3048 4516 3335 4584 potestate
3362 4509 3600 4604 diaboli,

188 4617 536 4690 assumpsit.
567 4617 943 4675 Continuatio
978 4634 991 4674 :
1025 4618 1209 4674 Homo
1238 4619 1481 4674 vanitati
1514 4618 1728 4674 similis
1756 4619 1839 4673 fa-

187 4710 320 4761 ctus
341 4706 558 4773 est,sed
580 4710 707 4777 tu,«
730 4707 1030 4775 Domine,»
1058 4708 1328 4780 verbum,
1360 4729 1387 4760 α
1418 4706 1639 4762 inclina
1667 4707 1841 4763 ccelos

189 4797 345 4861 tuos,
369 4816 392 4839 η
422 4795 481 4850 id
511 4799 603 4850 est
631 4794 880 4852 humilia
908 4795 1184 4868 coelestia,
1218 4797 1396 4853 veluti
1428 4795 1668 4869 angelos
1698 4813 1840 4851 san-

188 4887 335 4948 ctos,
362 4900 510 4955 quos
541 4888 696 4940 Deus
727 4884 1078 4954 humiliavit,
1111 4902 1247 4941 cum
1278 4885 1707 4941 humanitatem
1738 4902 1841 4940 no-

191 4974 373 5027 stram
394 4972 480 5029 eis
501 4972 781 5044 praefecit,
807 4978 866 5029 et
894 4991 994 5031 eos
1024 4975 1125 5047 qui
1157 4975 1323 5047 prius
1352 4978 1518 5030 erant
1547 4973 1703 5030 soliti
1734 4976 1841 5030 ad-

192 5059 344 5116 orari
360 5061 431 5117 ab
452 5061 961 5133 hominibus,fecit
992 5063 1300 5120 servitores
1320 5063 1626 5119 hominum
1655 5081 1666 5120 :
1696 5084 1719 5108 «
1752 5064 1841 5119 in-

192 5146 347 5203 clina
364 5170 388 5195 -
414 5150 568 5219 dico,
597 5175 620 5201 α
644 5155 701 5207 et
731 5152 1071 5221 descende,»
1104 5153 1161 5207 id
1184 5157 1292 5221 est,
1312 5170 1547 5208 carnem
1582 5158 1841 5209 nostram

193 5236 299 5290 tibi
322 5238 689 5312 adjunge:de
717 5258 832 5313 quo
854 5242 1135 5298 descensu
1166 5242 1478 5314 Apostolus
1496 5243 1609 5298 ait:
1644 5266 1669 5293 «
1697 5242 1841 5297 Cum

190 5324 257 5379 in
289 5326 469 5383 forma
497 5328 599 5384 Dei
632 5331 1154 5402 esset,eximanivit
1179 5331 1840 5404 semetipsum,formam

192 5414 339 5469 servi
364 5416 658 5489 accipiens
687 5419 953 5493 (Philipp.
986 5422 1048 5494 ιι)
1083 5438 1096 5476 :
1132 5443 1160 5470 ››
1192 5421 1489 5478 Descende
1518 5420 1731 5485 dico,et
1760 5420 1842 5475 sic

190 5523 225 5551 α
260 5505 425 5576 tange
445 5510 735 5577 montes,»
758 5509 815 5565 id
848 5515 939 5566 est
968 5515 1235 5583 potentes
1261 5514 1319 5565 et
1346 5510 1630 5582 superbos
1662 5510 1843 5581 hujus

190 5588 354 5664 vitae;
378 5594 576 5669 aspira
608 5596 876 5673 interius,
912 5623 939 5652 α
963 5604 1020 5659 et
1051 5600 1477 5677 fumigabunt,»
1509 5599 1567 5656 id
1598 5604 1706 5671 est,
1739 5617 1843 5677 go-

1950 4622 2051 4696 qui
2086 4614 2304 4672 dicitur
2333 4604 2731 4683 gladius,quia
2761 4602 2947 4658 malos
2969 4619 3003 4657 a
3019 4602 3305 4656 bonorum
3328 4599 3604 4655 societate

1950 4703 2251 4768 discernit.

2023 4823 2050 4849 ‹‹
2084 4798 2155 4852 Et
2182 4807 2320 4850 erue
2349 4804 2442 4844 me
2472 4787 2543 4841 de
2576 4801 2755 4839 manu
2788 4782 3043 4837 ﬁliorum
3077 4779 3427 4844 alienorum,
3459 4793 3603 4849 quo-

1951 4904 2082 4944 rum
2116 4902 2182 4940 os
2207 4881 2470 4936 locutum
2519 4879 2609 4929 est
2656 4873 2997 4942 vanitatem,
3030 4874 3088 4925 et
3120 4869 3353 4925 dextera
3402 4880 3602 4921 eorum

1951 4980 2187 5033 dextera
2218 4965 2567 5040 iniquitatis.
2607 4986 2634 5012 ››
3536 5016 3541 5021 η

2024 5087 2051 5113 ‹‹
2086 5064 2343 5127 Quorum
2378 5052 2505 5109 ﬁlii.
2543 5074 2571 5101 »
2604 5050 2707 5105 Hic
2735 5048 3014 5105 describit
3056 5045 3341 5102 malitiam
3376 5058 3599 5111 eorum,

1951 5166 2204 5226 quorum
2237 5148 2294 5201 in
2327 5144 2437 5199 hoc
2469 5165 2495 5191 «
2529 5142 2768 5196 dextera
2820 5155 3044 5205 eorum,
3091 5136 3328 5191 dextera
3382 5131 3602 5204 iniquis

1951 5219 2302 5309 tatis,»quia
2328 5231 2493 5286 illum
2525 5226 2713 5283 solum
2741 5226 3013 5296 judicent
3033 5220 3397 5293 beatum,qui
3424 5219 3607 5309 abun-

1952 5332 2054 5386 dat
2100 5305 2198 5382 his
2244 5320 2414 5377 bonis
2462 5313 2903 5386 temporalibus.
2940 5311 3263 5365 Possumus
3291 5312 3488 5364 tamen
3520 5305 3604 5362 sic

1954 5414 2259 5490 allegorice
2290 5410 2507 5481 legere:
2533 5402 2705 5459 «Filii
2739 5416 3014 5490 quorum,
3036 5422 3063 5449 ››
3097 5398 3275 5490 idest
3305 5395 3601 5490 discipuli,

1952 5486 2097 5567 sunt
2125 5529 2151 5555 α
2186 5502 2337 5557 sicut
2366 5492 2829 5569 plantationes,»
2862 5488 3001 5562 quia
3030 5488 3279 5544 firmiter
3308 5486 3606 5544 adhaerent

1952 5591 2259 5659 sententiis
2290 5584 2740 5661 magistrorum:
2763 5604 2791 5633 «
2816 5579 3053 5639 novella:
3086 5602 3116 5632 »
3147 5579 3289 5653 quia
3319 5593 3434 5634 non
3468 5574 3607 5632 reci-
