4060 6180
411 245 536 309 679

841 242 1247 307 HAYMONIS
1279 236 1824 304 HALBERS’I‘AT.
1860 233 2103 299 EPISC.
2139 232 2308 298 OPP.
2338 234 2544 298 PARS
2572 238 2623 298 i.
2656 272 2732 279 —
2761 234 3165 299 COMMENT.
3199 236 3397 298 BlBL.

3694 237 3816 299 eeo

414 379 590 452 piunt
610 378 783 434 ﬁdem
813 375 1278 449 patriarcharum
1308 377 1367 430 et
1396 372 1835 447 prOpbetarum,
1864 370 1967 427 sed
1995 369 2057 426 in
2085 368 2141 437 Α
2169 368 2387 424 Christi
2407 373 2498 426 est
2518 370 2783 425 materia.
2807 369 3055 426 Modus:
3080 369 3146 425 In
3174 369 3367 441 prima
3395 372 3560 441 parte
3576 368 3730 424 dicit
3754 385 3820 427 se

417 468 544 523 suis
573 465 894 522 haeresibus
939 462 1195 519 novellas
1242 466 1572 534 sequuntur
1620 464 1832 528 sectas,
1862 463 1920 515 et
1949 458 2062 532 ipsi

414 556 562 611 tales
584 571 815 625 semper
836 555 1209 624 perseverant
1229 575 1257 600 ‹‹
1284 551 1342 605 in
1360 552 1669 622 juventute
1700 567 1827 617 sua,
1865 571 1891 598 ››
1924 547 2063 620 quia

414 644 485 698 ad
501 641 909 713 antiquitatem
931 639 1192 696 veritatis
1222 640 1481 712 priorum
1502 643 1733 711 patrum
1756 653 2061 710 nunquam

413 729 786 799 redeunt,sed
809 744 1042 801 semper
1074 745 1251 784 novas
1283 733 1472 785 sectas
1503 731 1853 800 sequuntur,
1884 731 1943 782 et
1972 726 2061 780 in-

409 817 651 874 veniunt
676 817 823 874 alias
855 835 1055 873 novas.

477 930 506 956 «
549 905 704 962 Filize
734 923 961 974 eorum,
998 928 1025 955 »
1055 906 1115 960 id
1165 910 1255 961 est
1298 905 1680 979 cogitationes
1708 909 1767 961 et
1792 905 2064 978 praedica-

409 995 599 1052 tiones
630 1012 856 1067 eorum,
891 1011 1039 1068 quas
1069 1011 1138 1050 ex
1175 995 1391 1068 seipsis
1422 998 1734 1068 generant:
1756 1011 1903 1067 quas
1932 993 2061 1049 ideo

406 1088 575 1140 vocat
604 1083 776 1153 ﬁlias,
810 1083 948 1156 quia
995 1087 1136 1140 sunt
1172 1083 1498 1150 instabiles,
1529 1101 1635 1141 nec
1665 1083 1883 1139 habent
1906 1082 2060 1139 radi-

407 1190 535 1229 cem
565 1172 960 1229 veritatiszhze
991 1172 1139 1229 tales
1169 1172 1300 1227 ﬁliae
1330 1176 1473 1229 sunt
1503 1196 1530 1223 «
1562 1172 1921 1245 composita},
1940 1194 1968 1220 »
1999 1170 2059 1226 id

407 1266 515 1334 est,
539 1262 853 1317 artificiose
878 1262 1124 1317 inventae
1146 1267 1203 1317 et
1224 1262 1387 1317 facta:
1413 1279 1427 1317 :
1452 1266 1509 1317 et
1534 1262 1711 1318 etiam
1744 1284 1772 1311 «
1805 1261 2059 1317 circum-

407 1356 685 1411 ornatze.»
716 1351 858 1424 quia
905 1351 1165 1424 undique
1215 1350 1522 1407 rhetoricis
1568 1350 1864 1407 coloribus
1921 1353 2061 1406 sunt

406 1440 717 1513 stipatze,et
745 1440 877 1495 aliis
907 1440 1157 1507 artibus,
1183 1462 1212 1490 ‹‹
1235 1445 1301 1495 ut
1326 1439 1650 1495 similitudo
1681 1438 1906 1511 templi,
1934 1461 1961 1488 »
1996 1442 2061 1495 ut

406 1531 528 1586 sint
555 1528 782 1585 similes
812 1528 1053 1601 templo,
1085 1528 1143 1584 id
1172 1532 1261 1585 est
1289 1528 1637 1585 habitationi
1670 1529 1769 1584 Dei
1798 1546 1812 1583 :
1836 1527 2059 1584 similes

407 1619 535 1675 ideo
565 1620 713 1674 bene
743 1618 905 1683 dicit,
939 1618 1078 1691 quia
1107 1618 1217 1690 ipsi
1253 1635 1371 1673 non
1404 1622 1543 1673 sunt
1567 1616 1850 1672 habitatio
1883 1616 2005 1672 Dei.

477 1732 505 1760 α
540 1708 948 1781 Promptuaria
976 1725 1204 1774 eorum,
1241 1731 1269 1758 ››
1309 1708 1366 1763 i'd
1408 1712 1499 1764 est
1529 1707 1705 1762 corda
1733 1724 1958 1777 eorum,
1988 1707 2060 1763 de

405 1797 622 1870 quibus
644 1797 755 1869 ipsi
778 1801 1059 1869 promunt
1079 1796 1268 1853 malas
1290 1796 1778 1867 sententias,sunt
1795 1795 2060 1868 «plena,»

404 1887 464 1943 id
495 1891 583 1942 est
612 1886 1003 1943 redundantia
1032 1886 1237 1943 multis
1269 1887 1441 1943 malis
1497 1886 1744 1955 artibus,
1780 1910 1807 1937 ‹‹
1842 1890 1900 1942 et
1927 1902 2059 1942 eru-

406 1975 642 2046 ctantia,
661 1999 689 2025 ››
720 1976 863 2048 quia
890 1994 959 2031 ex
988 1977 1173 2033 nimia
1201 1975 1566 2049 plenitudine
1596 1976 1899 2046 proferunt
1926 1993 2058 2031 sen-

404 2065 622 2121 tentias
647 2083 660 2133 ;
695 2065 797 2120 sed
826 2065 939 2120 illae
965 2070 1105 2121 sunt
1135 2064 1608 2136 instabiles,quia
1636 2064 1685 2117 si
1718 2064 2073 2137 impugnen~-

405 2157 503 2209 tur
523 2153 597 2209 ab
627 2152 940 2225 ali~quo,illi
964 2154 1197 2226 fugiunt
1226 2178 1252 2204 «
1286 2170 1355 2208 ex
1385 2152 1494 2208 hoc
1525 2152 1584 2205 in
1615 2151 1829 2219 illud,»
1861 2152 1915 2207 id
1948 2158 2058 2220 est,

406 2259 475 2298 ex
502 2242 618 2297 ista
664 2242 888 2297 ratione
940 2243 1012 2296 ad
1066 2242 1264 2309 aliam,
1294 2246 1351 2296 et
1382 2241 1521 2296 item
1572 2240 1631 2295 in
1663 2239 1859 2312 aliam,
1890 2246 1946 2295 et
1974 2242 2059 2297 sic

404 2329 758 2387 instabilite‘r
789 2347 892 2402 per
915 2329 1134 2386 multas
1158 2330 1382 2385 faciunt
1410 2327 1754 2384 diverticula
1784 2328 2056 2386 rationes.

476 2420 714 2492 Etopus
730 2423 825 2475 est
855 2423 922 2474 ut
952 2436 1045 2474 me
1076 2418 1290 2473 liberes
1309 2417 1381 2472 ab
1403 2417 1509 2483 eis,
1532 2417 1683 2485 ideo,
1702 2418 1843 2490 quia
1871 2441 1899 2467 «
1925 2436 2059 2475 oves

407 2525 668 2576 eorum,»
699 2508 756 2563 id
791 2512 900 2574 est,
926 2508 1231 2563 inferiores
1259 2510 1317 2561 et
1346 2505 1545 2561 minus
1574 2506 1887 2578 sapientes,
1922 2513 2061 2564 sunt

409 2621 436 2648 ‹‹
471 2599 687 2668 fetosan,
724 2620 745 2647 ι
781 2598 920 2669 quia
951 2595 1169 2652 multos
1209 2595 1410 2650 statim
1466 2595 1685 2650 habent
1716 2596 2055 2670 discipulos,

407 2688 547 2760 quia
578 2686 778 2742 nullus
810 2687 954 2741 adeo
986 2684 1258 2740 infirmus
1288 2683 1439 2739 inter
1467 2685 1695 2756 eos,qui
1720 2702 1833 2741 non
1857 2687 2056 2742 statim

407 2775 651 2831 haberet
682 2774 900 2831 multos
929 2772 1359 2846 sequaceszsed
1392 2771 1477 2828 illi
1506 2773 1654 2829 tales
1683 2776 2061 2831 suntaabun-

406 2865 613 2921 dantes
640 2865 700 2918 in
731 2862 1067 2937 egressibus
1115 2861 1262 2929 suis,
1299 2884 1327 2910 »
1359 2862 1499 2934 quia
1527 2866 1747 2935 quanto
1780 2864 1970 2937 magis
1998 2865 2056 2920 in

407 2953 729 3010 haeresibus
788 2951 911 3009 suis
969 2949 1456 3023 multiplicantur,
1488 2956 1653 3007 tanto
1702 2970 1737 3007 a
1765 2954 2056 3009 consortio

408 3048 623 3098 sanctae
677 3040 947 3096 Ecclesia:
1001 3043 1375 3095 semoventur
1402 3064 1429 3091 ‹‹
1465 3040 1639 3097 boves
1675 3058 1899 3110 eorum,
1939 3065 1965 3091 ι)
1996 3042 2056 3098 id

2172 456 2550 514 laudaturum
2575 459 2853 514 Deum.ln
2884 459 3145 514 secunda
3170 459 3336 531 ponit
3365 474 3571 513 novem
3593 458 3822 531 modos,

2172 546 2389 619 quibus
2419 547 2618 603 laudet
2647 566 2938 620 eum,qua:
2968 547 3205 619 incipit:
3240 571 3267 597 «
3303 547 3609 603 Generatio
3630 546 3826 603 lauda-

2172 636 2259 690 bit
2279 653 2455 709 opera
2476 641 2633 692 tua.»
2658 638 2720 692 In
2743 638 2933 704 tertia,
2960 653 3086 709 quae
3110 635 3317 708 incipit
3343 653 3356 690 :
3381 659 3410 685 «
3436 636 3744 692 Miserator
3770 641 3829 692 et

2172 725 2506 781 misericors
2537 725 2880 795 Dominus,»
2898 725 3170 798 explanat
3195 726 3401 781 modos
3430 724 3828 797 illos,respon-

2172 813 2319 869 dens
2339 813 2458 869 illis
2480 814 2729 888 singulis
2751 815 2943 870 modis
2961 813 3174 870 laudis.
3194 813 3449 869 Intendit
3476 812 3726 870 invitare
3756 813 3825 869 ad

2172 901 2406 958 laudem
2437 903 2830 976 Dei,exemplo
2862 903 2977 958 sui.
3010 903 3127 958 Hos
3158 906 3381 974 septem
3413 902 3698 975 psalmos,
3722 903 3825 975 qui

2173 992 2808 1063 sequuntur,continue
2828 992 2994 1065 ponit
3023 992 3095 1047 de
3116 991 3287 1046 laude
3319 990 3710 1059 Dei,innuens
3727 1007 3830 1064 per

2171 1080 2329 1136 hunc
2362 1098 2696 1153 numerum,
2728 1081 2832 1153 qui
2879 1084 2969 1137 est
3018 1097 3124 1154 par
3166 1098 3410 1137 numero
3440 1079 3695 1149 dierum,
3727 1097 3831 1153 per

2170 1186 2320 1241 quos
2344 1172 2534 1225 totum
2564 1173 2798 1242 tempus
2839 1168 3108 1238 volvitur,
3146 1173 3212 1224 ut
3241 1168 3301 1224 in
3332 1167 3587 1243 singulis
3615 1169 3830 1226 diebus

2169 1257 2403 1313 laudem
2440 1258 2680 1313 Domino
2717 1257 3003 1314 dicamus.

2241 1346 2419 1415 Quasi
2442 1347 2524 1403 ita
2548 1345 2694 1403 alios
2716 1346 3018 1404 invitaret:
3034 1347 3294 1404 Laudato
3312 1345 3629 1403 Dominum
3641 1363 3832 1403 exem-

2169 1434 2265 1508 plo
2296 1434 2576 1509 mei,quia
2619 1454 2725 1511 ego
2756 1459 2783 1487 «
2809 1436 3081 1493 exaltabo
3109 1436 3346 1503 te,Deus
3368 1452 3535 1491 meus
3562 1452 3731 1507 rex,»
3749 1452 3833 1491 se-

2167 1525 2428 1581 cundum
2450 1524 2765 1582 essentiam
2795 1543 2953 1583 annu
3017 1525 3171 1582 tiabo
3188 1522 3321 1581 aliis
3340 1520 3689 1598 dignitatem
3713 1530 3832 1581 tua:

2167 1614 2519 1683 essentiaa,in
2551 1615 2855 1687 quandum
2875 1620 3011 1688 pote,
3035 1632 3080 1668 η
3108 1631 3238 1670 eam
3261 1612 3624 1680 notiﬁcare,«
3648 1619 3709 1670 et
3733 1614 3831 1671 be-

2170 1703 2436 1759 nedicam
2485 1704 2711 1760 nomini
2762 1708 2887 1775 tuo,
2916 1725 2944 1754 »
2976 1704 3036 1760 id
3067 1707 3159 1760 est
3189 1702 3579 1776 magnificabo
3610 1719 3831 1760 nomen

2170 1796 2433 1862 tuum,et
2462 1792 2571 1849 hoc
2602 1816 2631 1843 «
2655 1792 2716 1848 in
2747 1792 3028 1849 saeculum
3053 1814 3081 1843 ››
3107 1808 3386 1865 praesens,
3411 1814 3439 1842 «
3464 1796 3524 1848 et
3548 1790 3613 1847 in
3636 1809 3835 1849 secu-

2167 1881 2292 1938 lum
2326 1904 2354 1932 »
2385 1882 2825 1939 subsecutivum
2857 1882 3035 1955 hujus
3067 1906 3097 1934 «
3126 1882 3322 1940 saeculi
3344 1905 3372 1932 »
3394 1883 3454 1937 in
3486 1899 3604 1955 quo
3635 1884 3833 1940 sancti

2169 1971 2422 2027 maxime
2462 1976 2615 2026 Deus
2658 1970 2941 2027 laudant:
2968 1976 3026 2027 et
3052 1972 3208 2028 sicut
3235 1971 3465 2027 monuit
3495 1988 3602 2028 nos
3634 1988 3829 2044 orare,

2169 2062 2365 2112 monet
2396 2063 2453 2113 et
2482 2074 2590 2113 nos
2620 2056 2878 2114 laudare.

2239 2148 2309 2202 Et
2328 2147 2439 2203 hoc
2470 2163 2585 2203 non
2619 2146 2797 2203 semel
2827 2147 2888 2202 in
2917 2147 3055 2217 vita,
3091 2148 3192 2205 sed
3226 2172 3253 2198 κ
3280 2166 3384 2221 per
3410 2147 3679 2222 singulos
3700 2149 3834 2208 dies

2168 2236 2507 2291 benedieam
2538 2236 2645 2292 tibi
2670 2258 2697 2286 »
2721 2237 3046 2292 secundum
3076 2238 3415 2303 essentiam,
3435 2261 3463 2288 «
3482 2240 3541 2293 et
3569 2237 3832 2294 laudabo

2170 2341 2381 2380 nomen
2414 2329 2582 2380 tuum
2614 2324 2674 2380 in
2708 2325 3013 2398 saaculum,
3045 2330 3102 2382 et
3130 2326 3192 2382 in
3222 2326 3501 2383 szeculum
3560 2327 3773 2383 saeculi
3804 2350 3831 2376 »ι

2168 2413 2322 2485 quod
2345 2413 2475 2469 ideo
2499 2413 2832 2469 faciendum
2853 2414 3107 2486 est,quia
3138 2415 3264 2487 ipse
3296 2434 3319 2459 «ι
3352 2415 3642 2471 Dominus
3678 2439 3709 2465 ››
3748 2419 3834 2471 est

2168 2522 2195 2551 «
2232 2518 2484 2574 magnus
2517 2523 2546 2550 »
2578 2503 2903 2558 secundum
2933 2503 3256 2575 potentiam
3290 2527 3317 2554 κ
3352 2508 3409 2559 et
3438 2502 3771 2560 laudabilis
3803 2526 3830 2554 ι»

2167 2591 2493 2646 secundum
2524 2608 2701 2664 opera
2731 2596 2788 2646 et
2826 2591 3129 2660 beneﬁcia,
3162 2609 3291 2664 quae
3348 2593 3488 2648 facit
3544 2592 3828 2650 ﬁdelibus

2166 2679 2292 2735 suis
2322 2694 2334 2734 :
2369 2683 2427 2735 et
2454 2679 2564 2735 hoc
2612 2679 2790 2735 nimis
2840 2679 2980 2752 quia
3018 2678 3219 2736 nullus
3247 2680 3391 2737 satis
3421 2680 3597 2755 digne
3629 2686 3829 2755 potest

2165 2766 2405 2824 laudare
2424 2768 2609 2824 Deum
2636 2785 2649 2824 :
2680 2773 2822 2825 «et»
2853 2768 3006 2825 sicut
3026 2768 3218 2825 laudis
3240 2771 3369 2842 ejus
3390 2787 3505 2827 non
3536 2775 3631 2827 est
3663 2771 3823 2842 ﬁnis,

2166 2855 2248 2911 ita
2277 2879 2304 2907 ‹‹
2339 2858 2469 2928 ejus
2500 2857 2929 2931 magnitudinis
2959 2875 3074 2914 non
3105 2862 3196 2914 est
3224 2858 3360 2914 finis
3389 2881 3417 2909 »
3448 2860 3593 2931 quia
3621 2860 3827 2917 nullus

2166 2944 2528 3001 sufﬁcienter
2551 2947 2871 3018 potentiam
2894 2948 3024 3019 ejus
3053 2948 3359 3004 enuntiem
3387 2952 3603 3021 potest.

2239 3056 2266 3084 ‹‹
2301 3035 2663 3092 Generatio.»
2698 3036 2838 3092 Pars
2868 3037 3147 3093 secunda.
3166 3034 3571 3110 Egolaudabo,
3591 3053 3826 3111 necego

406 3134 496 3185 est
518 3129 783 3184 fortiores
803 3132 860 3182 et
880 3127 1144 3199 magistri
1169 3127 1440 3195 aliorum,
1464 3132 1603 3183 sunt
1637 3152 1658 3179 α
1693 3145 1904 3185 crassae
1938 3153 1965 3179 n
1997 3129 2055 3185 id
2085 3111 2130 3179 Ο
2168 3122 2352 3192 solus,
2384 3125 2485 3180 sed
2517 3148 2546 3176 «
2578 3125 2872 3197 generatio
2906 3148 2934 3176 »
2966 3125 3324 3196 Judzeorum,
3360 3150 3385 3176 ‹‹
3403 3131 3461 3182 et
3484 3128 3828 3201 generatio»

406 3221 517 3289 est,
549 3215 974 3286 temporalibus
1004 3214 1313 3272 desideriis
1345 3215 1743 3289 impinguatze.

478 3327 506 3355 «
532 3303 854 3372 Maceriaa,»
887 3303 1113 3360 scilicet
1140 3305 1395 3376 alicujus
1424 3305 1683 3374 artis,vel
1716 3307 2058 3364 munitionis

407 3409 610 3448 eorum
641 3416 669 3443 «
705 3408 820 3448 non
869 3396 959 3448 est
1006 3393 1179 3449 ruina
1209 3415 1238 3443 ››
1269 3398 1557 3465 quantum
1609 3395 1679 3449 ad
1722 3395 2056 3468 opinionem

407 3498 630 3551 eorum,
663 3482 765 3555 qui
798 3499 915 3538 non
944 3482 1263 3550 aestimant,
1297 3486 1363 3537 ut
1392 3481 1586 3554 aliquo
1628 3484 1802 3539 modo
1853 3501 2058 3541 eorum

409 3570 702 3626 rationum
732 3570 922 3626 valeat
944 3570 1194 3626 ﬁrmitas
1224 3570 1580 3644 impugnari,
1606 3595 1633 3621 «
1659 3589 1848 3644 neque
1866 3577 2057 3630 trans-

409 3659 528 3716 itus
560 3683 589 3711 »
623 3660 837 3716 iterum
887 3664 1177 3732 quantum
1226 3660 1299 3714 ad
1348 3676 1447 3715 eos
1477 3682 1507 3710 «
1542 3677 1729 3732 neque
1776 3660 1997 3717 clamor
2029 3686 2058 3714 »

405 3749 563 3805 verbi
587 3750 688 3805 Dei
710 3752 802 3806 est
828 3773 856 3800 «
879 3748 940 3805 in
962 3748 1193 3822 plateis,
1230 3770 1258 3797 »
1290 3747 1347 3803 id
1379 3751 1470 3804 est
1497 3747 1558 3804 in
1588 3748 1724 3805 latis
1754 3750 2059 3809 desideriis

409 3862 436 3890 ((
470 3855 697 3895 eorum.
733 3860 761 3889 ))

472 3927 627 3993 Quia
641 3926 798 3983 enim
819 3943 924 3998 per
951 3926 1135 3983 latum
1163 3926 1343 3998 hujus
1365 3926 1560 3982 szeculi
1585 3928 1941 3986 desiderium
1968 3932 2061 3988 de-

409 4016 622 4083 ﬂuunt,
655 4031 771 4069 non
804 4019 1039 4070 resonat
1069 4016 1222 4069 inter
1243 4031 1344 4070 eos
1373 4016 1616 4071 verbum
1637 4016 1922 4087 divinum,
1955 4021 2059 4076 sed

410 4101 606 4173 potius
636 4124 664 4151 ‹‹
698 4100 972 4156 dixerunt
1002 4102 1238 4157 beatum
1268 4101 1554 4173 p0pulum
1586 4104 1679 4159 cui
1710 4104 1834 4161 heec
1864 4112 2059 4163 sunt»

410 4206 538 4262 quis
569 4188 848 4261 praedicta
893 4193 1053 4258 sunt,
1105 4189 1332 4245 scilicet
1360 4206 1491 4261 qua:
1528 4190 1749 4249 habent
1778 4193 1925 4251 tales
1956 4195 2059 4252 ﬁlii
2111 4192 2114 4195 ’

409 4281 753 4348 omnes,etc.
780 4277 896 4351 Ipsi
920 4277 1259 4350 hujusmodi
1279 4276 1561 4350 populum
1583 4278 2058 4357 dicuntbeatum,

410 4367 511 4423 sed
543 4383 648 4441 ego
679 4367 778 4439 qui
810 4384 1006 4424 veram
1041 4370 1208 4424 teneo
1238 4367 1613 4441 sententiam,
1646 4370 1774 4430 dico
1819 4390 1888 4430 ex
1930 4391 2063 4432 mea

412 4455 740 4530 parte,quia
768 4480 797 4507 «
830 4455 1085 4529 populus
1116 4478 1145 4506 ››
1178 4455 1275 4512 ille
1300 4460 1390 4513 est
1419 4457 1688 4529 «beatus,
1721 4464 1892 4534 cujus
1917 4488 1945 4514 ››
1976 4474 2066 4527 est

411 4568 438 4595 ‹‹
475 4545 760 4601 Dominus
791 4568 819 4595 ››
852 4544 949 4601 ille
978 4545 1076 4617 qui
1109 4548 1198 4602 cst
1228 4569 1255 4595 ‹‹
1292 4545 1446 4602 Deus
1503 4548 1632 4619 ejus
1665 4571 1692 4599 »
1726 4550 1783 4606 id
1817 4558 1926 4625 est,
1960 4559 2062 4630 qui

411 4638 731 4689 creatorem
786 4652 961 4689 suum
1010 4634 1185 4707 elegit
1211 4633 1323 4689 sibi
1355 4634 1671 4691 Dominum
1702 4639 1796 4694 cui
1825 4646 2060 4703 serviat.

411 4720 557 4777 Cum
590 4721 732 4776 dicit
762 4723 831 4776 ad
865 4721 1140 4792 litteram,
1174 4740 1309 4779 oves
1348 4740 1549 4779 eorum
1583 4731 1722 4782 sunt
1754 4729 1967 4800 fetosze,
1999 4741 2065 4792 ut

412 4826 617 4866 eorum
640 4813 802 4866 notet
831 4810 1374 4880 stultitiam,subdit
1390 4828 1403 4869 :
1422 4813 2068 4895 abundantesinegres—

412 4899 579 4956 sibus
610 4898 820 4970 suis,id
843 4903 1068 4954 estnon
1102 4904 1242 4955 sunt
1273 4900 1514 4956 stabiles
1543 4901 1886 4974 hujusmodi
1908 4928 2063 4982 oves,

414 4987 515 5043 sed
565 4988 680 5043 cito
731 4987 1114 5060 egrediuntur
1141 4989 1213 5044 de
1241 4988 1378 5055 vita,
1413 4989 1471 5043 id
1503 4994 1592 5044 est
1622 5008 1826 5051 omnes
1858 4997 2063 5072 hujus-

414 5075 574 5131 modi
605 5077 814 5132 divitiae
846 5076 1149 5132 instabiles
1180 5083 1339 5134 sunt.

868 5219 942 5276 IN
985 5219 1330 5276 PSALMUM
1381 5221 1614 5277 CXLIV.

762 5317 1014 5375 Trruws
1047 5334 1060 5373 :
1096 5318 1358 5375 Laudatio
1388 5321 1499 5392 ipsi
1526 5321 1717 5377 David.

488 5451 516 5479 ι(
551 5428 828 5488 Exaltabo
858 5437 936 5489 te.
972 5456 1000 5484 »
1030 5433 1135 5489 Hic
1184 5432 1461 5490 laudatur
1500 5434 1627 5506 ipse
1653 5435 1854 5507 David,
1889 5440 1947 5497 id
1978 5448 2068 5500 est

416 5515 705 5590 Christus,
739 5538 774 5578 a
828 5522 1115 5595 Propheta
1169 5523 1271 5597 qui
1329 5522 1613 5602 loquitur,
1665 5528 1725 5581 et
1766 5526 1895 5601 ipsa
1936 5529 2067 5591 laus

2167 3211 2430 3285 gentium
2461 3212 2835 3269 «laudabunt
2853 3231 3029 3287 opera
3043 3218 3199 3282 tua,»
3215 3213 3275 3270 id
3297 3218 3386 3271 est
3411 3214 3831 3288 ipsum,atten-

2167 3301 2369 3357 dentes
2390 3301 2518 3375 ipsa
2535 3318 2712 3375 opera
2742 3319 2885 3359 sua:
2919 3308 2977 3359 et
3004 3303 3147 3359 item
3179 3304 3418 3376 propter
3446 3305 3779 3378 potentiam
3810 3322 3823 3360 :

2166 3389 2277 3445 hoc
2307 3389 2449 3446 dicit
2479 3406 2493 3445 :
2527 3413 2555 3441 «
2589 3394 2647 3447 et
2676 3391 2997 3464 potentiam
3028 3397 3193 3449 tuam
3224 3393 3759 3466 pronuntiabunt,»
3773 3399 3829 3451 et

2166 3477 2261 3534 hic
2287 3483 2377 3535 est
2405 3478 2558 3536 alius
2590 3480 2803 3537 modus
2834 3479 3113 3536 laudandi
3146 3481 3354 3538 Deum.

2240 3569 2384 3623 Item
2417 3590 2445 3618 «
2476 3567 2976 3641 magnificentiam
3002 3569 3198 3642 gloriae
3230 3570 3566 3643 loquentur,
3594 3594 3624 3622 ››
3658 3573 3720 3628 id
3742 3578 3831 3629 est

2166 3655 2419 3728 glortam
2451 3657 2827 3730 magnificam
2861 3675 2873 3715 :
2906 3663 2965 3716 et
3010 3658 3207 3732 gloriae
3246 3657 3375 3717 dico
3401 3683 3431 3711 α
3463 3663 3825 3718 sanctitatis.

2167 3751 2304 3813 tute,
2337 3767 2365 3795 »
2397 3745 2454 3802 id
2486 3751 2578 3803 est
2604 3746 2816 3804 habita
2858 3748 2928 3805 de
2972 3753 3080 3804 tua
3136 3747 3444 3808 sanctitate
3474 3766 3488 3805 :
3518 3756 3581 3807 et
3609 3750 3713 3807 hic
3741 3768 3832 3820 est

2168 3833 2322 3890 alius
2351 3834 2564 3891 modus
2593 3834 3059 3909 laudandi,quod
3081 3837 3316 3910 planius
3346 3838 3512 3911 ponit
3540 3838 3829 3915 Hierony-

2168 3940 2323 3993 mus,
2347 3923 2550 3981 dicens
2576 3940 2588 3980 :
2613 3945 2641 3975 «
2665 3924 2914 3997 gloriam
2932 3926 3260 3996 majestatis
3279 3932 3393 3983 tua
3412 3932 3472 3983 et
3488 3930 3828 3986 sanctitatis

2167 4016 2280 4069 tute
2319 4012 2654 4085 loquentur,
2685 4018 2744 4069 et
2789 4014 3086 4072 mirabilia
3132 4020 3239 4073 tua
3267 4039 3298 4066 ιδ
3354 4017 3415 4073 id
3466 4022 3583 4087 est,
3643 4020 3829 4075 mira-

2168 4102 2302 4159 cula
2331 4119 2458 4176 quae
2489 4102 2704 4174 fecisti,
2731 4102 2913 4159 veluti
2962 4104 3023 4160 in
3069 4104 3356 4162 divisione
3402 4106 3585 4162 maris
3616 4107 3829 4179 Rubri,

2170 4213 2199 4244 «
2234 4193 2611 4260 narrabant,»
2646 4197 2704 4248 et
2730 4191 2826 4248 hic
2852 4197 2946 4250 est
2969 4193 3121 4251 alius
3150 4194 3383 4262 modus,
3415 4199 3475 4251 et
3501 4194 3620 4252 alia
3642 4211 3833 4253 causa

2169 4279 2471 4337 laudandi.

2238 4392 2269 4420 ‹‹
2294 4371 2364 4426 Et
2382 4369 2659 4427 virtutem
2680 4371 3033 4428 terribilium
3058 4377 3292 4430 tuorum
3308 4373 3527 4446 dicent,
3547 4396 3577 4423 ››
3596 4373 3832 4431 scilicet

2095 4480 2142 4547 Β
2173 4458 2335 4515 illam
2366 4463 2531 4515 tuam
2561 4459 2856 4529 virtutem,
2893 4460 2951 4515 in
2983 4478 3101 4533 qua
3128 4466 3194 4518 tu
3226 4462 3504 4519 terribilis
3546 4477 3832 4535 appares,

2171 4548 2349 4605 veluti
2381 4547 2484 4605 illa
2512 4565 2640 4621 qua:
2671 4550 2823 4606 facta
2853 4554 2942 4606 est
2968 4551 3028 4605 in
3062 4551 3304 4624 [Egypto
3335 4552 3408 4607 de
3440 4551 3748 4607 Pharaone
3775 4555 3836 4607 et

2173 4638 2299 4695 suis
2334 4654 2347 4694 :
2381 4642 2440 4694 et
2464 4638 2559 4695 hic
2588 4643 2679 4695 est
2708 4638 2860 4695 alius
2891 4640 3103 4696 modus
3133 4656 3149 4695 :
3180 4663 3210 4691 «
3243 4644 3304 4696 et
3349 4640 3833 4714 magnitudinem

2174 4731 2336 4782 tuam
2368 4749 2396 4778 »
2430 4728 2487 4781 in
2519 4728 2776 4784 essentia
2806 4751 2827 4779 α
2861 4730 3203 4786 narrabunt.
3242 4753 3270 4780 »

2245 4817 2315 4871 Et
2344 4816 2437 4872 hic
2468 4820 2559 4873 est
2589 4817 2738 4873 alius
2770 4819 3001 4875 modus.
3025 4842 3053 4870 ‹‹
3079 4820 3421 4876 Memoriam
3449 4819 3835 4877 abundantia

2175 4906 2482 4962 suavitatis
2513 4910 2626 4962 tuae
2646 4909 3052 4974 eructabunt,»
3074 4909 3131 4965 id
3162 4913 3252 4965 est
3281 4926 3572 4967 memores
3596 4910 3671 4964 de
3694 4925 3836 4965 sua-

2174 4996 2420 5051 vissima
2449 5000 2506 5050 et
2536 4996 2859 5053 abundanti
2891 4996 3199 5055 dulcedine
3231 5002 3353 5068 tua,
3385 5003 3451 5055 ut
3492 5000 3563 5057 de
3589 5014 3834 5070 repara-

2176 5084 2331 5140 tione
2362 5083 2605 5140 humani
2664 5086 2895 5158 generis
2936 5104 3039 5158 per
3065 5088 3337 5161 gratiam,
3364 5089 3744 5155 eructabunt,
3774 5092 3838 5144 et

2177 5172 2640 5247 pronuntiabunt
2687 5192 2815 5232 eam
2864 5176 2996 5233 aliis
3030 5182 3130 5233 :et
3176 5177 3272 5234 hic
3312 5183 3403 5234 est
3431 5178 3584 5235 alius
3613 5177 3836 5233 modus

2177 5284 2206 5315 ιι
2238 5267 2295 5319 et
2312 5262 2549 5335 justitia
2579 5269 2681 5320 tua
2709 5265 3107 5334 exsultabunt,
3144 5290 3170 5316 ››
3198 5266 3257 5322 id
3288 5271 3383 5323 est
3411 5282 3548 5324 cum
3574 5265 3839 5323 exsulta-

2175 5353 2332 5409 tione
2363 5352 2821 5410 annuntiabunt.

2247 5445 2317 5500 Et
2347 5443 2442 5500 hic
2471 5449 2561 5501 est
2589 5443 2743 5500 alius
2774 5445 3007 5502 modus.
3033 5470 3061 5499 α
3087 5446 3450 5504 Miserator.»
3474 5446 3613 5503 Pars
3627 5446 3835 5501 tertia.

2175 5534 2245 5590 Et
2273 5534 2574 5609 respondit
2601 5535 2670 5590 ad
2716 5534 2825 5591 hoc
2868 5536 3024 5609 quod
3083 5535 3249 5612 prius
3296 5535 3466 5607 dixit,
3498 5559 3528 5587 «
3556 5533 3839 5595 laudabit
