4018 6176
191 287 305 353 681

1388 286 1883 352 EXPLANATIO
1926 285 2006 371 IN
2048 286 2434 349 PSALMOS.

3493 276 3611 355 682

190 434 377 490 opera
408 422 510 474 tua
544 436 556 474 :
595 442 622 467 υ
655 423 714 474 et
743 418 1015 491 explanat
1060 421 1349 491 quomodo
1391 424 1627 491 propter
1675 435 1848 490 opera
1874 416 1931 483 Α
1960 415 2173 471 Christi
2207 418 2339 488 (Act.
2371 421 2453 487 Ill)
2488 436 2500 473 :
2536 442 2562 469 «
2599 425 2659 475 ot
2692 442 2719 469 ››
2751 422 2929 476 etiam
2959 426 3156 478 notam
3188 423 3405 479 faciant
3434 447 3461 473 «
3494 398 3612 495 glo;

188 506 534 577 laudandus
584 507 663 563 sit
708 507 884 563 Deus.
918 506 1291 564 Continuatio
1326 526 1338 563 :
1371 509 1456 563 Ad
1515 507 1844 580 proximum

185 597 326 652 ideo
358 596 573 652 debent
603 595 914 666 exsultare,
944 600 1226 666 eructare,
1250 597 1390 670 quia
1419 619 1446 645 ‹‹
1480 596 1784 664 Dominus,
1818 618 1845 644 »

184 685 293 758 qui
326 685 387 741 in
414 690 621 742 natura
645 702 755 741 sua
776 709 803 735 «
829 683 1161 741 misericors
1195 709 1222 734 ››
1256 691 1361 753 est,
1396 686 1520 758 ipse
1556 689 1645 741 est
1668 685 1843 739 etiam

182 777 387 843 factus
420 798 446 825 ‹‹
481 775 809 842 miserator,
845 796 874 825 ››
907 773 965 830 id
998 778 1088 830 est
1118 775 1397 830 exhibens
1426 775 1593 829 nobis
1624 773 1844 829 multas

184 864 621 932 miserationes,
654 862 815 919 velut
848 863 907 919 in
940 863 1131 935 prima
1154 855 1545 929 'creationc,et
1591 863 1844 918 maxime

183 954 247 1009 in
269 953 627 1009 recreatione
649 969 664 1006 :
688 953 763 1008 ad
786 952 896 1007 hoc
918 952 1073 1024 quod
1096 952 1259 1018 dixit,
1287 976 1311 1000 «
1340 952 1658 1024 potentiam
1681 954 1841 1006 tuam

183 1041 678 1113 pronuntiabunt,
706 1063 733 1090 υ
761 1057 895 1096 cum
920 1039 1138 1096 multas
1158 1045 1355 1112 posset
1373 1040 1677 1096 ostendere
1697 1040 1842 1095 alias

182 1128 293 1185 Dei
314 1129 815 1202 potentias,veluti
839 1129 996 1201 quod
1018 1133 1178 1185 tenet
1206 1132 1423 1184 terram
1444 1128 1524 1184 ita
1548 1129 1606 1183 in
1637 1145 1837 1196 vacuo,

181 1222 243 1274 et
274 1217 497 1273 similia
528 1235 542 1272 ε
576 1234 755 1273 unam
806 1220 1001 1274 tamen
1052 1217 1249 1290 potius
1295 1218 1489 1291 elegit,
1516 1218 1838 1273 secundum

181 1307 348 1379 quod
397 1312 735 1379 peccatores
784 1311 1082 1380 exspectat
1128 1310 1186 1363 et
1234 1308 1526 1362 condonat
1582 1308 1837 1377 peccata.

181 1394 354 1465 Unde
386 1395 529 1451 dicit
558 1418 585 1445 ‹‹
620 1394 870 1468 patiens,
908 1418 935 1446 »
969 1395 1109 1468 quia
1140 1413 1254 1450 non
1286 1396 1485 1450 statim
1520 1394 1839 1467 punit,imo

178 1488 485 1556 exspectat
505 1483 972 1552 conversionem;
1012 1506 1039 1535 ‹‹
1071 1489 1128 1540 et
1151 1483 1406 1539 multum
1440 1484 1836 1552 misericors,»

177 1570 470 1647 quoniam
500 1576 1025 1646 quantumcunque
1062 1576 1182 1630 sint
1231 1589 1447 1646 magna
1492 1576 1747 1644 peccata,
1782 1577 1841 1628 et

176 1679 365 1736 quam
399 1660 874 1732 innumerabilia,
908 1661 1033 1735 ipse
1062 1667 1259 1717 tamen
1293 1663 1585 1718 condonat
1623 1661 1705 1715 illi
1737 1660 1837 1733 qui

174 1738 251 1808 se
274 1750 577 1819 humillat,
610 1754 668 1806 et
697 1751 768 1807 ad
799 1767 933 1806 eum
964 1750 1336 1807 convertitur.

247 1842 470 1898 Contra
490 1840 599 1896 hoc
629 1840 783 1912 quod
801 1839 1044 1908 dixerat,
1070 1863 1097 1892 (ι
1120 1840 1617 1913 magniﬁcentiam
1639 1839 1835 1914 gloria:

170 1932 556 2005 loquentur,»
573 1930 906 2005 respondet,
921 1930 1122 1987 dicens
1143 1928 1304 1984 illam
1330 1930 1700 2002 magniﬁcam
1719 1930 1838 2003 glo-

174 2020 330 2093 riam
362 2034 602 2075 suavem
631 2006 761 2074 esse
790 2016 1229 2090 explorantibus
1258 2017 1829 2089 eam.Continuatio}:

175 2107 471 2166 Dominus
497 2111 584 2163 est
609 2106 858 2179 patiens,
881 2108 938 2161 et
980 2110 1185 2161 caetera
1215 2123 1342 2178 quae
1389 2105 1546 2160 dicta
1584 2110 1744 2173 sunt,
1776 2112 1834 2162 et

177 2200 311 2271 ipse
343 2221 371 2247 «
396 2195 683 2252 Dominus
713 2199 801 2251 est
829 2195 1083 2261 suavis,»
1108 2194 1165 2249 id
1196 2198 1303 2263 est,
1324 2194 1512 2249 dulcis
1533 2199 1590 2249 et
1610 2197 1832 2266 jucun-

175 2288 299 2359 dus
325 2308 353 2336 ιι
374 2285 629 2341 universi
657 2307 684 2333 ››
706 2283 1084 2357 gustantibus
1101 2283 1479 2356 ipsum,sicut
1499 2287 1555 2339 et
1584 2282 1722 2339 alibi
1745 2284 1832 2338 di-

177 2376 340 2432 citur
363 2392 377 2431 :
404 2398 431 2425 α
460 2374 704 2431 Gustate
732 2376 788 2428 et
806 2373 995 2429 videte
1019 2389 1198 2445 quam
1222 2372 1418 2428 suavis
1439 2376 1528 2427 est
1548 2372 1832 2427 Dominus

175 2466 356 2540 (Psal.
389 2466 603 2538 xxml),
640 2486 668 2512 »
701 2485 728 2513 ‹‹
761 2466 817 2518 et
839 2486 867 2512 »
898 2460 957 2517 in
1008 2466 1239 2517 tantum
1288 2466 1377 2516 est
1424 2462 1641 2532 suavis,
1674 2462 1830 2533 quod

174 2580 203 2606 α
228 2554 639 2611 miserationes
658 2552 826 2623 ejus»
851 2555 991 2607 sunt
1012 2575 1039 2599 ιι
1055 2567 1232 2621 super
1247 2549 1443 2605 omnia
1455 2568 1628 2621 opera
1641 2552 1689 2620 ej
1702 2568 1789 2618 us,
1802 2574 1828 2599 υ

171 2645 323 2717 quia
349 2660 465 2715 pre:
496 2641 771 2697 omnibus
800 2639 1100 2696 beneﬁciis
1129 2639 1257 2711 ejus
1277 2644 1335 2694 et
1364 2639 1679 2694 virtutibus
1702 2656 1829 2710 ope-

172 2738 364 2801 ratur,
389 2732 490 2801 dat
519 2728 689 2786 nobis
720 2728 865 2785 alias
893 2727 1393 2793 miserationes,id
1424 2732 1533 2796 est,
1558 2745 1826 2783 remune-

168 2821 440 2877 rationes
497 2824 723 2876 aeterna:
768 2817 896 2872 vita;
931 2835 943 2873 :
980 2834 1155 2890 opera
1202 2821 1396 2872 autem
1444 2834 1571 2889 quze
1600 2836 1633 2872 a
1662 2817 1829 2873 nobis

171 2911 542 2985 habentur,a
571 2908 688 2964 Deo
718 2906 1036 2979 punientur
1068 2923 1081 2961 :
1116 2905 1386 2960 diabolus
1416 2905 1590 2960 etiam
1614 2923 1827 2961 secun—

174 3001 323 3055 dum
346 2996 739 3055 substantiam
763 2994 902 3067 quia
920 2998 1186 3051 creatura
1199 2995 1293 3049 Dei
1316 2998 1404 3049 est
1428 2998 1485 3049 et
1504 2994 1829 3066 opus,hanc

174 3086 424 3145 habebit
452 3084 908 3155 miserationem,
943 3083 1080 3157 quia
1107 3083 1163 3138 in
1193 3087 1475 3139 aeternum
1497 3085 1831 3139 substantia

1958 503 2105 559 riam
2139 504 2586 577 magniﬁcentiae
2619 510 2782 581 regni
2818 509 2960 577 tui,»
2996 510 3052 565 id
3081 514 3374 583 est-,quam
3397 511 3611 585 glorio-.

1955 609 2087 646 sum
2120 597 2177 647 et
2210 610 2388 665 quam
2421 596 2803 669 magniﬁcum
2835 598 2913 654 sit
2943 615 3189 671 regnum
3222 603 3413 656 tuum.

2022 681 2107 735 Ad
2141 681 2248 736 hoc
2272 684 2584 755 respondet
2607 702 2620 739 :
2645 690 2701 741 et
2725 685 3196 759 magnitudinem
3219 692 3384 744 tuam
3406 706 3608 746 narra-

1953 768 2500 829 bunt.Continuatio
2526 789 2539 827 :
2563 774 2715 829 Bene
2736 774 2865 830 dico
2887 797 2912 825 ‹‹
2929 774 3427 848 magniﬁcentiam
3441 777 3603 848 regni

1950 856 2095 924 tui,»
2118 857 2258 929 quia
2288 882 2315 909 ‹‹
2341 876 2587 933 regnum
2620 866 2788 918 tuum
2822 886 2849 913 »
2879 868 2968 920 est
2998 886 3026 914 «
3059 881 3305 937 regnum
3336 864 3602 941 omnium

1951 944 2320 1012 smculorum,
2359 970 2379 996 ιο
2417 948 2557 1018 quia
2598 953 2900 1019 aeternum,
2933 956 2991 1007 et
3035 952 3096 1007 in
3147 952 3246 1007 illo‘
3293 969 3470 1025 regno
3500 956 3603 1009 tuo

1952 1029 2134 1087 habes
2163 1038 2448 1089 mternum
2479 1036 2841 1106 dominium;
2878 1059 2906 1089 (ι
2937 1043 2994 1094 et
3026 1062 3054 1088 »
3082 1039 3191 1095 hoc
3220 1040 3363 1096 dicit
3394 1057 3407 1095 :
3433 1065 3460 1089 «
3488 1040 3601 1097 Do-

1940 1121 2196 1178 minatio
2244 1127 2349 1179 tua
2396 1124 2457 1179 in
2520 1125 2680 1181 omni
2737 1127 3111 1199 generatione
3167 1132 3225 1184 et
3280 1128 3602 1200 generatio-

1951 1224 2044 1263 ne.
2074 1232 2101 1258 n

2022 1298 2355 1370 Respondet
2403 1302 2477 1356 ad
2524 1301 2654 1370 hoc,
2687 1303 3063 1360 abundantia:
3110 1304 3418 1360 suavitatis
3463 1309 3599 1371 tuae.

1950 1387 2319 1443 Continuatio
2354 1406 2376 1458 ε,
2402 1390 2736 1447 Dominatio
2766 1397 2855 1449 est
2885 1393 2944 1449 in
2966 1392 3127 1449 omni
3147 1394 3606 1467 generatione,et

1948 1473 2073 1546 ipse
2107 1497 2136 1526 «
2162 1476 2449 1534 Dominus
2481 1479 2673 1536 ﬁdelis
2704 1480 2765 1537 in
2797 1482 3073 1538 omnibus
3102 1482 3297 1540 verbis
3327 1482 3518 1551 suis,»
3545 1484 3605 1540 id

1948 1567 2055 1632 est,
2089 1582 2280 1632 verax,
2305 1567 2446 1637 quia
2493 1568 2743 1626 fideliter
2791 1570 3074 1643 adimplet
3133 1570 3420 1644 quidquid
3480 1562 3605 1644 ipse

1948 1653 2246 1724 promisit;
2285 1675 2313 1705 ‹‹
2345 1659 2403 1710 et
2431 1661 2671 1713 sanctus
2697 1658 2757 1714 in
2786 1659 3063 1715 omnibus
3093 1659 3369 1731 operibus
3397 1660 3546 1727 suis,
3572 1683 3602 1710 »

1869 1785 1915 1850 Β
1944 1740 2004 1797 id
2058 1747 2165 1850 est,
2195 1742 2748 1843 irmprehensibilis,
2793 1746 2929 1803 licet
2982 1748 3252 1804 videatur
3308 1764 3338 1803 a
3397 1747 3598 1813 stultis

1946 1830 2213 1901 qumdam
2240 1830 2458 1903 injuste
2480 1833 2809 1906 disponere.

2017 1919 2123 1974 Per
2174 1919 2283 1975 hoc
2330 1921 2508 1977 etiam
2568 1927 2810 1995 apparet
2857 1920 3221 1979 abundantia
3268 1923 3598 1991 suavitatis,

1944 2031 1971 2058 ‹‹
2008 2007 2144 2079 quia
2174 2025 2378 2065 omnes
2407 2010 2509 2083 qui
2536 2015 2837 2077 corruunt,
2873 2034 2900 2061 »
2932 2011 2991 2066 id
3022 2015 3130 2084 est,
3163 2012 3247 2067 illi
3287 2012 3389 2086 qui
3427 2012 3603 2086 proni

1942 2101 2084 2152 sunt
2112 2098 2184 2152 ad
2234 2099 2619 2169 peccandum,
2652 2124 2678 2149 ‹‹
2715 2099 2925 2155 allevat
2953 2099 3261 2172 Dominus,
3299 2124 3326 2151 »
3358 2101 3499 2174 quia
3546 2101 3598 2157 si

1940 2186 2120 2241 velint
2137 2186 2465 2242 consentire
2495 2186 2566 2255 ei,
2585 2205 2696 2243 non
2720 2189 3049 2260 perducunt
3077 2189 3150 2245 ad
3173 2192 3372 2244 actum
3393 2189 3597 2245 volun-

1942 2278 2120 2331 tatem
2151 2276 2300 2346 ejus,
2330 2299 2357 2325 ‹‹
2392 2280 2450 2331 et
2497 2293 2702 2332 omnes
2754 2277 2961 2347 illisos,
2997 2300 3024 2326 ››
3058 2278 3116 2333 id
3164 2283 3276 2345 est,
3306 2277 3440 2335 illos
3494 2278 3597 2351 qui

1933 2365 2060 2436 jam
2082 2365 2426 2420 deciderunt
2456 2367 2516 2421 in
2547 2371 2744 2422 actum
2778 2368 3021 2439 peccati,
3049 2390 3077 2417 ‹‹
3111 2367 3303 2441 erigit,
3329 2390 3358 2417 ››
3389 2369 3603 2424 condo-

1941 2455 2135 2509 nando
2165 2452 2268 2522 eis,
2301 2454 2349 2508 si
2381 2453 2562 2510 velint
2592 2456 2870 2527 pmnitere
2899 2456 3093 2511 dando
3123 2456 3364 2528 gratias.

2013 2542 2346 2614 Respondet
2394 2543 2465 2597 ad
2511 2542 2620 2598 hoc
2654 2559 2667 2597 :
2696 2544 2993 2615 justitiam
3038 2547 3203 2600 tuam
3233 2544 3594 2615 exaltabunt,

1938 2635 1996 2686 et
2027 2631 2281 2686 ostendit
2310 2632 2500 2702 ipsam
2530 2631 2633 2686 Dei
2656 2632 2976 2703 justitiam.
3010 2633 3418 2690 Continuatio:
3449 2634 3597 2699 Quia

1937 2719 2149 2786 elevas,
2170 2725 2228 2775 et
2258 2719 2395 2791 quia
2414 2719 2612 2792 erigis,
2636 2721 2763 2791 jam
2800 2742 2827 2770 «
2858 2719 3012 2776 oculi
3044 2720 3308 2776 omnium
3342 2744 3370 2771 »
3401 2722 3592 2777 inten-

1937 2808 2125 2865 tiones
2148 2832 2175 2858 «
2199 2808 2259 2863 in
2291 2813 2347 2864 te
2376 2809 2910 2880 sperant,Domine,
2923 2813 2981 2864 et
3010 2812 3074 2864 tu
3106 2808 3211 2864 das
3242 2826 3437 2865 escam
3458 2809 3590 2866 illo-

1938 2916 2091 2965 rum,
2124 2920 2152 2948 ››
2186 2897 2244 2952 id
2296 2900 2406 2965 est,
2457 2896 2575 2953 sive
2618 2896 3006 2970 spiritualem,
3038 2897 3158 2953 sive
3204 2897 3589 2969 corporalem,

1936 2986 2113 3042 veluti
2146 2984 2366 3042 Danieli
2400 2985 2458 3040 in
2486 2985 2615 3040 lacu
2648 2985 2885 3042 leonum
2915 2989 3083 3056 (Dan.
3103 2985 3202 3059 vn).
3227 2986 3298 3042 Et
3327 2986 3436 3042 hoc
3467 3008 3495 3037 «
3528 2985 3590 3042 in

1935 3081 2193 3147 tempore
2222 3078 2606 3147 opportuno,»
2637 3074 2774 3147 quia
2793 3075 2904 3130 etsi
2934 3091 3051 3130 non
3072 3073 3273 3131 statim
3305 3075 3590 3148 quoniam

176 3195 296 3234 non
330 3176 563 3248 peribit,
596 3175 698 3231 sed
733 3152 979 3247 propter
1014 3171 1337 3244 nequitiam
1386 3190 1554 3228 suam
1595 3174 1828 3229 mtcrnis
1858 3152 1900 3217 C
1939 3163 2344 3237 petitur,digni
2373 3163 2595 3236 aliquid
2618 3165 2801 3232 adest,
2825 3168 3023 3220 tamen
3052 3164 3151 3219 dat
3172 3165 3406 3237 quando
3421 3164 3593 3237 judi-

174 3266 477 3341 al'tligetur
526 3261 847 3319 incendiis:
881 3265 939 3317 et
985 3261 1125 3333 quia
1171 3261 1367 3316 suavis
1417 3266 1527 3330 est,
1561 3261 1645 3317 sic
1694 3262 1832 3317 facit

175 3354 590 3411 miserationes
621 3351 818 3409 omnia
843 3367 1019 3423 opera
1049 3367 1177 3422 sua,
1202 3350 1331 3406 ideo
1379 3356 1643 3423 apparet,
1673 3352 1829 3422 quod

176 3440 627 3517 magniﬁcentia
656 3440 784 3511 ejus
810 3439 886 3495 sit
914 3438 1117 3511 gloria.

245 3556 275 3582 ι(
298 3526 1147 3600 Conﬁteanturtibi,Domine.»
1164 3528 1829 3599 Ostenditsanctitatem,

171 3637 312 3677 cum
345 3618 708 3693 quibusdam
740 3617 1000 3695 injustas
1045 3616 1314 3676 videatur
1357 3618 1661 3687 Dominus,
1696 3637 1830 3675 cum

172 3709 490 3785 permittas
536 3706 723 3763 malos
764 3705 825 3761 in
874 3705 984 3762 hac
1014 3705 1131 3762 vita
1160 3709 1509 3779 prosperari,
1542 3712 1599 3764 et
1636 3710 1831 3780 justos

170 3798 381 3855 multis
417 3795 1002 3853 incommoditatibus
1034 3796 1395 3870 perturbari;
1430 3798 1597 3869 quasi
1634 3799 1714 3853 ita
1744 3800 1829 3853 di-

173 3891 329 3943 ceret
354 3903 368 3942 :
395 3885 545 3953 Quia
584 3884 721 3941 talia
752 3884 916 3952 facis,
950 3906 977 3934 (ι
1000 3885 1390 3941 conﬁteantur
1420 3886 1547 3952 tibi,
1571 3888 1828 3955 Domine,

173 3976 376 4032 omnia
406 3991 584 4047 opera
612 3977 777 4043 tua,»
796 3972 855 4029 id
878 3976 1173 4040 est,causa
1193 3974 1314 4029 sint
1335 3991 1440 4029 cur
1458 3976 1831 4032 rationabiles

177 4069 460 4121 creaturae
488 4066 546 4119 te
574 4062 838 4131 laudent,
855 4083 883 4112 ‹‹
900 4066 963 4118 et
982 4061 1171 4118 sancti
1193 4063 1277 4118 tui
1300 4063 1643 4120 benedicant
1668 4065 1828 4135 tibi,»

179 4152 550 4209 attendentes
579 4154 843 4229 sanctam
873 4168 939 4207 ac
986 4150 1342 4207 laudabilem
1389 4152 1830 4225 dispositionem

182 4242 239 4317 in
284 4242 405 4298 tuis
450 4238 944 4314 Operibus,veluti
996 4240 1045 4296 si
1091 4240 1193 4296 ﬁat
1223 4240 1528 4309 serenitas,
1562 4260 1695 4298 cum
1727 4262 1832 4300 nos

184 4330 442 4402 pluviam
472 4328 991 4402 exspectamus,vel
1013 4345 1044 4384 e
1075 4346 1373 4398 converso,
1398 4332 1707 4387 attendunt
1727 4334 1833 4390 hoc

184 4434 217 4474 a
246 4416 362 4476 Deo
389 4418 745 4497 sanctiﬁcari
776 4422 835 4495 et
864 4422 1022 4474 certa
1052 4417 1434 4495 dispositione
1465 4420 1609 4475 ﬁeri.

1890 3248 1896 3259 ’
1938 3259 2031 3310 cat
2060 3258 2477 3326 opportunum.

2009 3344 2078 3399 Et
2108 3343 2166 3397 in
2188 3343 2297 3398 hoc
2313 3341 2491 3399 etiam
2505 3341 2740 3414 justitia
2774 3346 2876 3398 tua
2897 3341 3223 3415 apparebit,
3248 3342 3387 3415 quia
3407 3366 3434 3393 «
3456 3358 3594 3416 ape-

1939 3432 2020 3488 ris
2052 3436 2115 3487 tu
2149 3448 2390 3487 manum
2422 3431 2682 3499 tuam,id
2715 3435 2822 3500 est,
2858 3430 3016 3505 large
3047 3432 3398 3505 dispensans
3419 3433 3589 3490 bene-

1938 3521 2072 3576 ﬁcia
2100 3524 2222 3588 tua,
2253 3543 2280 3569 ‹‹
2316 3524 2373 3576 et
2401 3519 2612 3591 imples
2643 3537 2815 3576 omne
2863 3519 3083 3577 animal
3117 3543 3145 3569 ››
3177 3521 3434 3578 serviens
3479 3521 3587 3578 tibi

1939 3609 2162 3666 ratione
2209 3614 2268 3664 et
2318 3608 2514 3664 studio
2545 3632 2572 3659 ‹‹
2609 3608 3030 3676 benedictione,
3066 3632 3088 3661 ι
3142 3609 3203 3663 id
3244 3612 3353 3676 est,
3399 3609 3588 3665 incre-

1941 3703 2135 3755 mento
2165 3697 2470 3754 virtutum.

2011 3812 2038 3839 ‹‹
2069 3788 2277 3844 Justus
2311 3810 2339 3835 ››
2371 3791 2460 3843 est
2486 3787 2770 3842 Dominus
2801 3810 2828 3836 ‹‹
2862 3787 2922 3841 in
2952 3786 3229 3841 omnibus
3257 3784 3367 3843 viis
3386 3785 3537 3855 suis,
3560 3808 3590 3863 ξ)

1940 3878 1996 3932 id
2019 3875 2200 3946 est,in
2231 3874 2505 3931 omnibus
2523 3874 3060 3947 dispensationibus
3089 3889 3103 3929 :
3129 3895 3157 3924 ‹‹
3182 3876 3241 3928 et
3267 3877 3508 3930 sanctus
3530 3873 3590 3929 in

1939 3965 2213 4021 omnibus
2244 3964 2518 4035 operibus
2549 3964 2693 4031 suis,
2730 3986 2757 4014 »
2790 3964 2848 4018 id
2880 3962 3062 4029 est,in
3094 3962 3372 4018 omnibus
3421 3962 3591 4023 eﬂ'ec-

1940 4054 2100 4109 tibus
2130 4052 2393 4124 ipsarum
2426 4050 2957 4123 dispensationum.

2013 4141 2312 4210 Quomodo
2356 4140 2511 4196 Deus
2553 4141 2759 4212 justus
2812 4140 3140 4211 sit,justus
3190 4140 3342 4201 inter
3383 4141 3592 4209 bonos,

1941 4228 2215 4287 ostendit.
2234 4228 2605 4284 Continuatio
2639 4245 2652 4284 :
2688 4228 2976 4285 Dominus
3008 4228 3067 4285 in
3097 4228 3391 4304 praedictis
3422 4230 3594 4287 bonis

1934 4322 2138 4392 justus
2158 4322 2267 4383 est,
2303 4316 2442 4373 etin
2473 4317 2584 4373 hoc
2615 4321 2856 4390 apparet
2885 4319 3041 4390 quod
3065 4319 3270 4393 justus
3317 4323 3428 4388 est,
3452 4319 3594 4391 quia

1941 4408 2067 4482 ipse
2101 4431 2127 4458 ‹‹
2164 4406 2450 4463 Dominus
2504 4423 2683 4479 prope
2730 4411 2819 4464 est
2861 4407 3138 4466 omnibus
3187 4392 3597 4464 invocantibus

262 4510 343 4564 Ad
365 4494 819 4585 hocirespondet
854 4507 1010 4587 quod
1058 4494 1237 4578 supra
1266 4506 1507 4575 dixerat,
1538 4510 1832 4567 mirabilia
1866 4522 1914 4587 Β
1946 4514 2102 4554 cum-
2137 4496 2425 4587 Oimnibtls
2458 4494 2865 4587 ίηΥοοαΠῖίῦυε
2908 4512 3043 4552 eum
3075 4518 3104 4545 ”
3137 4494 3264 4587 (lqu
3300 4516 3321 4546 ι
3356 4494 3418 4551 in
3447 4495 3597 4587 V_el‘i-
3660 4554 3664 4559 ,

188 4598 531 4673 narrabant,
564 4600 621 4653 et
648 4596 903 4673 ostendit
929 4594 1032 4651 illa
1070 4596 1381 4661 mjrabilia.
1415 4597 1784 4655 Continuatio
1818 4620 1831 4657 :

180 4684 325 4741 Dico
359 4707 388 4736 α
418 4685 605 4741 sancti
637 4684 982 4740 benedicent
1009 4684 1137 4751 tibi,
1170 4706 1198 4734 »
1233 4688 1289 4739 et
1321 4705 1348 4733 ‹‹
1381 4685 1627 4757 gloriam
1671 4692 1834 4761 regni

178 4774 277 4828 lui
305 4774 553 4843 dicent,»
578 4773 636 4829 id
666 4774 1069 4840 est,mundum
1095 4772 1369 4838 istum,et
1399 4774 1835 4833 ﬁrmamentum

182 4860 253 4918 in
282 4880 394 4935 quo
422 4869 486 4919 tu
514 4879 746 4936 regnas,
765 4861 1077 4917 ostendent
1106 4861 1427 4934 gloriosum
1460 4868 1517 4918 et
1565 4870 1837 4922 ornatum

189 4968 327 5006 cum
356 4950 545 5024 seipse
574 4972 604 5001 «
632 4956 690 5006 et
718 4949 1041 5022 potentiam
1072 4952 1233 5004 tuam
1269 4950 1604 5021 loquentur,
1640 4976 1666 5003 »
1700 4955 1839 5026 quia

194 5041 497 5098 ostendent
518 5045 573 5095 te
594 5038 832 5113 propria
851 5037 1107 5111 potentia
1128 5039 1249 5094 hanc
1272 5040 1471 5096 omnia
1492 5042 1835 5113 gubernare.

271 5128 597 5202 Respondet
626 5128 700 5184 ad
720 5127 831 5184 hoc
867 5144 880 5182 :
915 5130 973 5182 et
1000 5126 1277 5183 virtutem
1308 5129 1660 5186 terribilium
1713 5137 1840 5187 tuo-

203 5234 352 5272 rum.
383 5217 755 5274 Continuatio
789 5234 803 5273 :
838 5217 1160 5273 Potentiam
1208 5222 1370 5272 tuam
1420 5217 1752 5291 loquentur,
1788 5226 1845 5275 et

202 5304 440 5377 gloriam
467 5306 631 5380 regni
661 5306 747 5362 tui
775 5307 990 5372 dicent,
1026 5329 1052 5356 α
1087 5310 1153 5360 ut
1196 5311 1394 5361 notam
1448 5307 1663 5364 faciant
1709 5311 1845 5365 ﬁliis

204 5393 501 5450 hominum
532 5395 852 5469 potentiam
886 5399 1070 5463 tuam,
1096 5417 1123 5443 ››
1152 5393 1329 5449 veluti
1357 5395 1559 5451 Petrus
1591 5403 1649 5452 et
1677 5398 1847 5454 Joan-

204 5499 468 5555 nes,cum
495 5483 772 5541 claudum
802 5488 1130 5551 sanassent,
1151 5488 1208 5539 et
1236 5500 1439 5539 omnes
1472 5485 1844 5556 mirarentur,

204 5569 467 5632 dixerunt
518 5589 635 5631 non
682 5590 810 5631 esse
859 5589 1008 5648 opus
1057 5588 1253 5644 suum,
1286 5573 1387 5629 sed
1438 5574 1667 5633 Domini
1705 5576 1847 5636 Jesu

520 5701 795 5765 PATROL.
841 5700 1044 5764 CXVI.

1886 4583 1903 4619 Γ
1947 4592 2084 4643 tate.
2108 4606 2135 4637 ι)
2171 4586 2235 4641 In
2265 4584 2505 4641 veritate
2538 4583 2801 4639 invocare
2829 4587 2939 4650 est,
2964 4601 3111 4655 pura
3131 4588 3191 4640 et
3218 4583 3600 4643 immaculata

1945 4674 2286 4740 intentione,
2320 4689 2497 4729 causa
2522 4670 2731 4727 salutis
2762 4672 2972 4727 animae
3002 4690 3142 4739 suae,
3174 4673 3247 4729 ad
3279 4672 3596 4730 Dominum

1946 4765 2219 4830 clamare,
2242 4768 2299 4818 et
2328 4780 2442 4816 non
2475 4761 2789 4832 superﬂue,
2823 4762 2926 4817 sed
2958 4761 3018 4817 id
3048 4766 3243 4833 petere
3274 4762 3431 4835 quod
3471 4760 3596 4819 ani-

1948 4872 2054 4908 mm
2086 4853 2335 4908 salutem
2366 4850 2552 4907 valeat
2583 4850 2864 4905 conferre.
2897 4851 3010 4907 Sed
3060 4850 3201 4923 quia
3249 4849 3465 4907 Paulus
3506 4866 3601 4908 su-

1950 4941 2170 5014 perﬂuo
2218 4938 2439 5012 rogavit
2485 4938 2554 5006 (Il
2591 4938 2712 4994 Cor.
2746 4942 2870 5010 xu),
2904 4940 3044 5012 quia
3094 4938 3337 5001 remotio
3368 4937 3595 5001 stimuli

1947 5030 2140 5086 carnis
2190 5029 2262 5084 ad
2312 5028 2521 5082 anima:
2571 5026 2823 5084 salutem
2875 5046 2991 5086 non
3036 5033 3161 5085 erat
3207 5028 3436 5098 idonea,
3469 5026 3598 5081 ideo

1950 5137 2065 5175 non
2124 5122 2213 5174 est
2269 5117 2580 5173 exauditus
2637 5135 2672 5173 a
2728 5118 3013 5175 Domino:
3050 5118 3135 5174 sic
3192 5114 3599 5179 invocantibus

1952 5225 2128 5281 prOpe
2159 5212 2248 5263 est
2278 5207 2584 5263 Dominus.
2619 5206 2677 5261 id
2709 5211 2815 5275 est,
2850 5224 2953 5279 pro
2993 5203 3394 5262 misericordia
3440 5218 3600 5261 com-

1953 5299 2117 5370 plens
2146 5297 2300 5369 quod
2334 5294 2444 5366 ipsi
2467 5298 2692 5366 petunt.
2718 5295 3038 5366 IIypocritae
3070 5299 3290 5361 autem,
3310 5292 3413 5365 qui
3437 5292 3601 5351 favo-

1954 5404 2077 5442 rem
2104 5383 2301 5458 populi
2333 5387 2621 5454 quaerunt,
2654 5383 2712 5437 in
2756 5384 2994 5439 veritate
3043 5385 3224 5440 Deum
3276 5399 3393 5439 non
3438 5380 3600 5439 invo-

1953 5480 2109 5534 cant.

2025 5567 2095 5625 Et
2124 5579 2252 5623 vere
2281 5577 2461 5637 prope
2490 5565 2600 5635 est,
2634 5560 2773 5636 quia
2802 5560 2927 5637 ipse
2958 5584 2986 5613 κ
3019 5562 3193 5620 faciet
3237 5561 3602 5645 voluntatem

3208 5692 3287 5756 22
