4060 6180
433 339 552 400 683

814 337 1218 400 HAYMONIS
1266 336 1802 398 HALBERSTAT.
1847 335 2088 398 EPISC.
2136 335 2310 402 OPP.
2355 334 2554 396 PARS
2599 332 2647 395 Ι.
2694 369 2770 378 -—
2813 334 3218 397 COMMENT.
3265 335 3460 398 BIBL.

3698 337 3806 403 684

432 472 768 531 timentium
798 489 881 541 se,
917 495 944 520 »
975 471 1034 526 id
1063 475 1170 539 est,
1205 470 1610 542 complebit,et
1638 469 1688 526 si
1715 469 1828 542 ipsi
1849 472 2078 526 taceant
2105 470 2161 538 Α
2263 468 2403 525 Pars
2431 467 2710 525 secunda.
2743 467 2806 523 In
2827 467 2965 524 ﬁliis
2985 467 3294 526 hominum
3324 487 3439 526 non
3468 476 3554 528 est
3581 445 3811 545 speran-

437 566 552 618 «et
603 559 1066 634 deprecationem
1117 576 1319 615 eorum
1369 560 1695 616 exaudiet»
1747 559 1901 616 facta
1943 577 2081 616 voce

435 650 716 708 continua
759 671 786 700 «
840 651 896 704 et
943 669 971 697 »
1008 648 1244 704 tandem
1293 670 1315 699 ι
1351 647 1541 704 salvos
1599 647 1772 704 faciet
1818 664 1916 704 eos
1951 669 1971 698 ι
2017 646 2078 702 in

431 745 648 796 acterna
677 737 1048 794 salutatione.

503 829 700 902 Usque
722 845 836 884 non
870 826 1126 884 ostendit
1159 829 1314 900 quod
1349 829 1504 885 Deus
1525 828 1729 900 justus
1759 828 1835 884 sit
1882 826 1941 881 in
1973 827 2080 882 bo—

432 936 560 989 nos,
584 934 745 976 nunc
773 918 1048 990 deinceps
1077 917 1471 974 communiter
1489 917 1782 990 quomodo
1805 917 1864 971 in
1895 920 2082 972 bonos

431 1013 490 1067 et
533 1008 594 1064 in
646 1007 856 1075 malos,
886 1007 1134 1064 dicens:
1177 1029 1204 1062 α
1231 1006 1499 1062 Custodit
1544 1005 1830 1062 Dominus
1875 1020 2082 1061 omnes

430 1099 742 1172 diligentes
773 1114 856 1166 se,
885 1099 942 1152 et
970 1113 1174 1152 omnes
1201 1099 1532 1169 peccatores
1561 1094 1876 1166 disperdct.
1911 1115 1940 1142 »

502 1185 810 1243 Conclusio
841 1185 1316 1257 supradictarum
1365 1183 1795 1240 laudationum.
1829 1183 1900 1238 Et
1945 1180 2084 1254 quia

429 1275 716 1334 Dominus
745 1274 867 1330 haec
897 1273 1096 1330 omnia
1138 1273 1329 1342 faciet,
1363 1272 1648 1345 quidquid
1695 1271 1795 1328 alii
1843 1271 2082 1342 faciant,

433 1387 463 1418 »
476 1363 883 1422 laudationum
904 1362 1136 1418 Domini
1154 1361 1428 1435 loquetur
1446 1379 1512 1419 os
1533 1378 1754 1428 meum,
1769 1364 1827 1418 et
1844 1383 1872 1412 »
1899 1376 2086 1416 exem-

433 1453 530 1527 plo
583 1451 699 1509 mei
747 1473 774 1503 ι(
807 1451 1113 1508 benedicat
1157 1452 1350 1507 omnis
1401 1467 1533 1508 caro
1587 1450 1812 1506 nomini
1880 1452 2083 1506 sancto

435 1543 584 1614 ejus.
633 1563 662 1593 ››
709 1541 780 1596 Et
825 1540 921 1596 hic
968 1543 1129 1612 patet
1183 1539 1448 1597 intentio.
1487 1563 1508 1590 α
1545 1538 1750 1596 Omnis
1785 1561 1806 1590 ι
1842 1539 2084 1610 inquam

437 1653 468 1683 «ι
499 1646 654 1697 caro,
685 1649 718 1682 ι
749 1627 972 1685 scilicet
1001 1629 1152 1684 servi
1183 1634 1242 1684 et
1271 1628 1458 1698 liberi,
1493 1628 1657 1701 pueri
1687 1631 1744 1683 et
1783 1644 1950 1684 senes
1984 1643 1997 1682 :
2029 1628 2088 1681 et

436 1719 546 1775 hoc
577 1735 692 1774 non
724 1719 798 1774 ad
847 1717 1074 1788 horam,
1108 1719 1210 1774 sed
1248 1743 1269 1768 ι
1307 1719 1368 1774 in
1413 1717 1692 1774 saeculum
1729 1741 1756 1767 »
1805 1732 2085 1790 praesens,

2189 559 2494 626 dum,cum
2530 575 2634 612 nec
2655 573 2850 623 se,nec
2871 557 3018 614 alios
3031 559 3238 630 juvarc
3255 564 3517 632 possunt,
3531 564 3630 616 sed
3645 560 3702 616 in
3720 561 3810 618 illo

2189 647 2549 718 sperandum
2572 645 2782 718 estqui
2805 646 2905 701 dat
2935 647 3378 717 beatitudinem,
3394 652 3450 704 et
3469 649 3605 704 facit
3625 654 3814 706 caatera

2190 753 2318 808 qua
2375 739 2750 808 sequuntur:
2783 739 2842 791 et
2895 735 3005 791 hoc
3059 740 3149 792 est
3181 753 3194 792 :
3231 735 3332 793 Ille
3389 742 3478 794 est
3525 759 3554 789 «
3602 737 3812 808 beatus,

2191 825 2362 896 cujus
2395 846 2423 872 »
2455 826 2546 879 est
2575 846 2596 874 α
2633 824 2788 880 Deus
2841 825 3042 894 Jacob,
3079 848 3100 876 ι
3127 825 3185 880 id
3243 829 3352 892 est,
3385 825 3486 898 qui
3537 827 3648 882 sibi
3694 827 3817 884 facit

2191 914 2375 970 Deum
2409 929 2757 985 eum,quem
2787 912 2996 970 habuit
3019 914 3199 970 Jacob
3230 915 3436 970 Deum.
3468 916 3540 972 Et
3567 915 3663 973 ille
3679 915 3816 972 Deus

2191 1005 2282 1058 est
2309 1026 2336 1054 ‹‹
2371 1003 2606 1074 adjutor
2634 1004 2763 1075 ejus
2795 1025 2824 1053 »
2857 1003 2928 1058 ad
2959 1003 3105 1060 bene
3127 1005 3489 1076 operandam
3514 1021 3529 1060 :
3553 1003 3678 1060 ideo
3697 1021 3818 1077 quo-

2192 1088 2306 1164 que
2335 1093 2425 1148 est
2452 1091 2681 1160 beatus,
2716 1091 2856 1164 quia
2887 1115 2910 1145 ι
2946 1109 3082 1165 spes
3108 1093 3236 1164 ejus
3264 1114 3293 1144 »
3319 1097 3408 1149 est
3439 1118 3462 1146 ι
3499 1094 3561 1148 in
3593 1093 3818 1150 Domino

2193 1181 2309 1237 Deo
2340 1179 2546 1253 ipsius,
2579 1202 2608 1232 »
2643 1180 2702 1235 in
2731 1197 2846 1252 quo
2877 1182 3234 1253 sperandum
3261 1186 3349 1238 est
3376 1183 3820 1254 benc,quiaipse

2193 1273 2284 1326 est
2310 1292 2336 1319 ‹‹
2371 1269 2471 1341 qui
2506 1267 2638 1325 fecit
2667 1267 2878 1325 omium
2927 1275 2984 1325 et
3031 1275 3268 1339 terram,
3301 1287 3484 1340 mare,
3519 1293 3550 1322 »
3583 1272 3652 1328 ad
3692 1271 3821 1328 litte-

2195 1375 2341 1414 ram.
2374 1358 2438 1416 Ei
2465 1362 2532 1414 ut
2561 1363 2853 1414 removeat
2871 1375 3124 1416 errorem
3148 1360 3674 1434 quorumdam,qui
3693 1360 3828 1416 dice-

2195 1447 2338 1502 bant
2365 1447 2652 1518 quasdam
2684 1447 2902 1504 bestias
2954 1449 3136 1506 factas
3166 1465 3295 1506 esse
3325 1467 3360 1506 a
3390 1449 3650 1516 diabolo,
3680 1449 3825 1518 dicit,

2196 1559 2224 1585 α
2258 1540 2316 1591 et
2345 1535 2544 1592 omnia
2569 1553 2697 1608 qua:
2731 1535 2790 1592 in
2819 1537 2904 1594 eis
2936 1541 3078 1594 sunt
3105 1560 3132 1589 »
3167 1538 3305 1595 fecit
3349 1539 3473 1612 ipse
3517 1539 3684 1597 Deus
3711 1556 3725 1596 :
3755 1539 3827 1596 di-

2195 1629 2337 1681 cunt
2364 1641 2618 1698 namque
2649 1626 2873 1696 rustici,
2907 1627 3064 1699 quod
3097 1627 3366 1684 diabolus
3415 1645 3664 1702 capram
3692 1628 3827 1696 fecit,

2195 1713 2293 1770 alii
2329 1715 2485 1786 quod
2515 1714 2793 1771 bufonem
2826 1731 2840 1770 :
2871 1720 3093 1776 et.cum
3124 1733 3327 1774 omnes
3355 1717 3728 1776 laudationes
3745 1719 3832 1775 Dei

439 1829 468 1859 α
499 1811 557 1864 et
589 1829 618 1858 »
645 1806 825 1864 etiam
859 1829 886 1858 ‹‹
917 1806 977 1862 in
1021 1806 1301 1864 saculum
1335 1831 1362 1856 »
1413 1807 1854 1864 subsecutivum
1907 1805 2085 1877 hujus
2117 1847 2166 1912 Β
2195 1803 2508 1860 trahantur
2536 1821 2572 1860 a
2599 1804 2954 1876 supradictis
2983 1805 3044 1860 in
3075 1804 3186 1862 alio
3212 1806 3440 1880 psalmo
3471 1824 3688 1866 novem
3724 1823 3830 1864 mo-

655 1895 694 1912 ..
2206 1891 2283 1912 3:-
2343 1891 2495 1912 μη,
2529 1892 2761 1912 _-__,--,..
2800 1893 2862 1912 -3
3052 1911 3055 1912 ν

439 1918 470 1947 κ
497 1895 718 1954 saeculi.
754 1918 782 1947 »

907 2021 980 2078 IN
1020 2022 1368 2080 PSALMUM
1409 2022 1608 2078 CXLV.

964 2138 1216 2195 TITULUS
1251 2155 1263 2194 :
1299 2138 1554 2194 Alleluia.

507 2276 537 2306 «
573 2252 1006 2324 Lauda,anima
1036 2271 1186 2324 mea,
1201 2254 1538 2311 Dominum.
1565 2277 1593 2304 »
1625 2255 1688 2310 In
1720 2255 1830 2309 hoc
1861 2253 2088 2328 psalmo

435 2347 527 2401 est
558 2341 804 2400 materia
832 2342 1092 2400 laudatio
1121 2343 1317 2410 Dei,et
1346 2343 1596 2399 intendit
1617 2361 1724 2400 nos
1747 2343 1994 2399 invitare
2017 2344 2088 2400 ad

445 2431 684 2490 laudem
715 2432 817 2488 Dei
851 2432 1116 2504 exemplo
1149 2431 1257 2488 sui.
1288 2433 1498 2489 Modus
1529 2449 1542 2488 :
1579 2433 1642 2488 In
1692 2433 1885 2504 prima
1927 2437 2090 2505 parte

441 2521 667 2578 monita
712 2520 912 2577 anima
961 2538 1069 2576 sua
1117 2521 1189 2576 ad
1239 2520 1602 2577 laudandum
1655 2521 1860 2588 Deum,
1892 2525 2092 2578 monet

439 2609 588 2667 alios
618 2627 690 2667 ne
721 2610 1018 2666 confidant
1047 2611 1108 2665 in
1141 2609 1527 2683 principibus,
1549 2611 1606 2666 id
1641 2615 1750 2680 est,
1773 2610 1862 2668 vel
1893 2612 1953 2666 in
1975 2611 2088 2666 dae-

439 2716 636 2770 mone,
654 2698 744 2756 vel
773 2699 832 2754 in
864 2698 1237 2770 homine,qui
1269 2716 1374 2755 nec
1403 2699 1660 2768 sibi,nec
1691 2699 1822 2757 aliis
1839 2700 2090 2758 salutem

443 2793 695 2862 possunt
723 2791 1020 2862 praestare.
1055 2789 1119 2845 In
1151 2789 1430 2860 secunda,
1451 2806 1577 2862 quae
1609 2788 1815 2863 incipit
1847 2805 1860 2846 :
1894 2813 1922 2841 «
1957 2791 2092 2846 Bea-

441 2882 540 2934 tus
571 2879 742 2950 cujus
771 2877 926 2934 Deus
955 2878 1158 2949 Jacob,
1193 2900 1221 2927 »
1251 2877 1506 2934 ostendit
1535 2879 1914 2951 speramdum
1963 2896 2092 2934 esse

413 2966 505 3022 -in
529 2965 801 3036 Domino,
831 2966 1213 3023 describendo
1243 2984 1377 3022 eum
1407 2967 1584 3023 talem
1605 2995 1612 3008 ι
1635 2967 1735 3039 qui
1783 2967 1957 3040 digne
1997 2985 2091 3023 re-

441 3060 712 3112 muneret
738 3059 1042 3127 sperantes
1071 3055 1130 3110 in
1162 3073 1245 3112 se.

512 3142 689 3209 Quasi
719 3142 800 3196 ita
830 3143 1048 3198 diceret
1076 3159 1090 3197 :
1127 3144 1406 3215 Superior
1435 3145 1581 3199 ratio
1608 3161 1814 3217 regens
1863 3148 1921 3200 et
1961 3161 2090 3217 pre-

2197 1891 2309 1960 dis,
2342 1891 2499 1948 istud
2527 1892 2768 1964 respicit
2794 1893 2866 1949 ad
2899 1911 3094 1967 opera.

2268 1981 2402 2038 Ideo
2431 1981 2608 2038 etiam
2639 1981 2998 2054 sperandum
3047 1988 3138 2039 est
3182 1983 3241 2039 in
3272 2002 3360 2054 eo,
3393 1987 3533 2059 quia
3593 1987 3718 2060 ipse
3758 1989 3833 2042 est

2198 2093 2227 2121 ‹‹
2261 2069 2362 2143 qui
2391 2070 2648 2127 custodit
2674 2072 3031 2138 veritatem,»
3064 2071 3123 2128 id
3155 2078 3262 2144 est,
3277 2073 3483 2148 implet
3510 2075 3832 2148 promissio-

2197 2175 2333 2216 nem
2364 2176 2563 2229 suam;
2597 2183 2624 2211 «
2659 2159 2720 2214 in
2752 2159 3086 2230 sacculum,»
3124 2161 3312 2232 idest,
3346 2153 3448 2236 per
3475 2165 3686 2222 omnia
3702 2169 3834 2220 tem-

2196 2265 2338 2320 pora
2387 2248 2561 2305 istius
2609 2248 2808 2305 saeculi
2841 2267 2855 2318 ;
2889 2254 2946 2307 et
2974 2249 3120 2307 illud
3151 2253 3406 2324 pertinet
3427 2254 3499 2310 ad
3531 2253 3654 2311 hoc
3697 2254 3835 2328 quod

2196 2337 2470 2410 superius
2499 2337 2646 2394 dixit
2677 2355 2692 2394 :
2732 2362 2753 2388 ι
2787 2338 3160 2396 abundantia
3191 2341 3496 2400 suavitatis
3530 2360 3544 2399 :
3585 2365 3620 2394 »
3649 2349 3705 2402 et
3727 2344 3836 2416 ipse

2199 2447 2228 2478 «
2249 2425 2694 2498 facitjudicium
2727 2427 3008 2498 injuriam
3037 2429 3457 2501 patientibus,»
3491 2433 3642 2504 quia
3670 2449 3835 2506 quan-

2197 2515 2387 2588 doque
2410 2515 2700 2587 judicavit
2729 2532 2848 2572 eos.
2883 2541 2911 2568 ‹‹
2947 2522 3050 2574 Dat
3077 2534 3272 2575 escam
3303 2521 3729 2588 esurientibus,
3745 2544 3769 2571 »
3791 2524 3840 2576 et

2197 2603 2562 2676 spiritualcm
2591 2607 2648 2660 et
2668 2605 3032 2678 corporalem
3067 2623 3081 2662 :
3115 2624 3229 2664 non
3259 2609 3418 2665 enim
3449 2610 3550 2666 dat
3580 2611 3840 2684 spiritua-

2197 2691 2314 2749 lem
2347 2693 2718 2750 refectionem
2768 2694 2884 2750 nisi
2929 2695 3346 2766 esurientibus,
3369 2696 3428 2754 id
3474 2703 3590 2768 est,
3626 2699 3836 2756 deside-

2197 2782 2486 2851 rantibus,
2507 2782 2731 2838 scilicet
2758 2783 3094 2840 sitientibus
3114 2785 3414 2857 justitiam
3448 2803 3462 2844 :
3497 2791 3556 2844 et
3589 2788 3716 2846 haec
3733 2788 3835 2844 duo

2197 2872 2490 2944 pertinent
2509 2872 2580 2928 ad
2593 2871 2916 2944 justitiam.

2271 2962 2384 3018 Iste
2405 2961 2581 3018 etiam
2615 2962 2954 3020 «Dominus
3004 2963 3178 3020 solvit
3219 2966 3606 3038 compeditos,
3641 2991 3672 3020 η
3705 2967 3832 3041 liga-

2198 3049 2356 3106 mine
2385 3051 2871 3122 peccatorum,vel
2899 3051 3235 3110 obsessione
3263 3054 3712 3126 damoniorum,
3734 3054 3834 3112 sci-

2197 3137 2335 3195 licet
2363 3139 2753 3197 daemoniacos
2777 3157 2790 3196 :
2819 3140 2906 3196 vel
2925 3141 2998 3198 ad
3023 3140 3280 3199 litteram
3303 3145 3835 3219 compeditos,sicut

439 3245 606 3285 mens
639 3228 1042 3285 carnalitatem
1073 3247 1263 3300 suam,
1299 3249 1332 3286 ο
1369 3256 1390 3281 ι
1417 3232 1616 3288 anima
1643 3215 1792 3300 mea,
1827 3256 1856 3282 »
1887 3233 1946 3288 id
1962 3215 2086 3301 est,
2117 3215 2161 3284 Ο
2201 3229 2434 3284 Petrum
2492 3228 2553 3284 in
2609 3245 2838 3285 carcere
2869 3229 3002 3302 (Aet.
3043 3231 3164 3304 xu).
3209 3253 3240 3282 «
3268 3215 3554 3290 Dominus
3585 3257 3616 3283 »
3666 3215 3836 3292 etiam

439 3316 796 3388 animalitas,
829 3333 956 3389 quae
987 3317 1133 3373 mihi
1162 3319 1339 3375 debes
1368 3319 1603 3388 servire,
1627 3345 1654 3371 «
1686 3320 1864 3378 lauda
1890 3323 2084 3378 Domi-

436 3421 614 3476 num;
639 3428 669 3456 »
700 3404 900 3462 anima
927 3410 1123 3462 autem
1153 3407 1301 3463 bene
1329 3407 1647 3465 confortata
1677 3409 1818 3466 dicit
1847 3427 1860 3466 :
1886 3435 1908 3465 ι
1933 3412 2082 3468 Lau-

435 3493 588 3552 dabo
617 3493 934 3554 Dominum
967 3495 1026 3550 in
1057 3494 1174 3552 vita
1203 3513 1356 3570 mea,
1391 3519 1419 3546 »
1451 3497 1510 3553 id
1543 3502 1652 3564 est,
1677 3498 1737 3554 in
1787 3498 1903 3556 alia
1943 3499 2080 3569 vita,

435 3600 566 3658 qua
596 3601 729 3642 mea
755 3584 993 3657 propria
1021 3588 1087 3641 et-
1107 3585 1245 3640 felix
1278 3586 1406 3654 erit,
1441 3609 1469 3636 «
1503 3585 1774 3658 psallam,
1809 3611 1837 3641 »
1871 3589 1930 3644 id
1970 3593 2080 3658 est,

435 3673 585 3730 bene
607 3673 894 3748 operabor
927 3697 949 3726 α
983 3679 1096 3730 Deo
1128 3691 1258 3730 meo
1290 3675 1551 3748 quandiu
1583 3675 1767 3744 fuero,
1805 3699 1832 3726 »
1862 3675 1922 3732 id
1971 3682 2080 3747 est,

435 3777 540 3834 per
559 3764 748 3819 totum
781 3766 1016 3836 tempus
1045 3762 1218 3820 istius
1237 3764 1388 3820 vitae.

503 3851 576 3906 Et
603 3852 808 3908 eodem
840 3853 1032 3920 modo,
1061 3870 1162 3909 vos
1192 3852 1313 3920 alii,
1347 3853 1578 3926 psallite
1607 3846 1870 3928 exemplo
1917 3856 2030 3913 mei
2065 3873 2078 3913 :

433 3937 580 3994 illud
609 3939 923 3996 consilium
955 3941 1112 4012 quod
1143 3941 1287 3997 mihi
1329 3942 1523 3999 tribuo
1571 3943 1796 4000 debetis
1827 3943 2078 4018 insequi,

431 4025 656 4084 scilicet
687 4049 717 4079 «
746 4027 926 4084 nolite
959 4031 1250 4086 conﬁdere
1277 4030 1337 4086 in
1369 4032 1756 4106 principibus,
1793 4057 1814 4083 ιο
1863 4033 1922 4089 id
1969 4039 2077 4106 est,

430 4115 494 4172 in
525 4115 908 4186 daemonibus,
933 4119 1034 4189 qui
1083 4123 1223 4174 sunt
1271 4120 1566 4194 principes
1615 4121 1787 4178 istius
1835 4123 2075 4192 mundi;

433 4203 590 4260 unde
617 4203 679 4260 in
709 4205 1018 4278 Evangelio
1053 4223 1066 4262 :
1105 4228 1134 4258 ‹‹
1163 4207 1308 4264 Ecce
1337 4209 1608 4284 princeps
1647 4211 1826 4283 hujus
1873 4211 2077 4268 mundi

430 4290 697 4365 ejiciatur
725 4292 880 4349 foras
909 4295 1089 4365 (Joan.
1118 4297 1222 4366 xn)
1253 4317 1280 4348 »
1321 4321 1341 4346 ι
1380 4314 1568 4370 neque
1598 4299 1658 4354 in
1706 4299 1843 4356 filiis
1888 4300 2076 4358 homi-

430 4398 597 4450 num,
643 4404 672 4434 »
727 4381 788 4439 id
843 4385 952 4451 est,
1002 4384 1062 4439 in
1115 4384 1474 4457 hominibus,
1523 4387 1583 4444 in
1624 4388 1860 4460 quibus,
1895 4413 1924 4441 »
1951 4395 2074 4470 tam

427 4469 796 4546 principibus
817 4489 997 4546 quam
1021 4471 1381 4541 hominibus,
1405 4497 1432 4526 «
1457 4493 1574 4533 non
1595 4481 1684 4534 est
1709 4477 1870 4535 salus
1886 4502 1913 4530 »
1936 4481 2077 4553 quia

425 4561 652 4634 seipsos
673 4561 896 4621 salvere
917 4579 1032 4619 non
1049 4567 1317 4637 possunt,
1340 4565 1554 4620 nedum
1577 4565 1724 4624 alios
1744 4567 2068 4644 salvarent;
2099 4585 2149 4652 D

423 4647 514 4704 vel
539 4649 666 4705 sine
698 4673 726 4702 ‹‹
757 4668 945 4724 neque
971 4673 999 4704 »
1029 4651 1114 4707 sic
1159 4651 1385 4707 dicetur
1415 4669 1430 4709 :
1465 4653 1650 4709 Nolite
1685 4655 1977 4712 confidere
2009 4657 2067 4713 in

425 4735 812 4810 principibus,
844 4739 904 4794 id
930 4739 1114 4811 est,in
1151 4741 1489 4812 potentibus
1520 4742 1862 4800 hominibus
1891 4745 2071 4817 hujus

421 4822 577 4896 vita,
599 4823 739 4896 quia
775 4825 887 4897 ipsi
915 4832 1056 4884 sunt
1083 4827 1186 4882 filii
1217 4828 1546 4898 hominum,
1578 4834 1635 4886 et
1662 4829 1773 4887 hoc
1802 4836 1910 4901 est,
1954 4854 1976 4883 ι
2007 4833 2068 4889 in

421 4911 562 4970 ﬁliis
590 4912 918 4982 hominum,
955 4938 982 4965 »
1015 4919 1125 4972 etc.

491 5003 643 5062 Bene
673 5002 802 5060 dico
829 5005 987 5077 quod
1018 5005 1078 5060 in
1103 5003 1224 5061 illis
1254 5023 1369 5062 non
1399 5011 1488 5063 est
1518 5007 1854 5082 salus,quia
1889 5034 1909 5061 α
1945 5011 2063 5084 spi-

417 5091 569 5150 ritus
615 5093 764 5165 ejus,
797 5116 826 5143 »
876 5093 1154 5162 hominis,
1182 5118 1209 5145 «
1243 5095 1422 5152 exibit
1456 5119 1478 5150 ι
1517 5113 1551 5152 a
1599 5114 1860 5171 corpore,
1891 5121 1920 5151 «
1945 5104 2003 5156 et
2029 5123 2058 5152 »

415 5178 514 5236 ille
541 5179 716 5238 homo
746 5183 1072 5239 secundum
1093 5199 1304 5256 corpus
1326 5208 1354 5236 «
1379 5189 1700 5242 revertetur
1715 5189 1772 5243 in
1795 5193 2007 5247 terram
2031 5212 2060 5240 »

415 5272 483 5326 ut
511 5269 660 5328 cinis
681 5271 784 5328 ﬁat
807 5289 820 5330 :
842 5276 1057 5329 terram
1081 5273 1210 5330 dico
1231 5298 1258 5326 «
1283 5292 1451 5332 suam
1475 5297 1502 5326 »
1532 5277 1688 5332 unde
1721 5277 1844 5351 ipse
1873 5280 2062 5337 fuerat

413 5358 605 5416 factus
633 5363 690 5416 et
705 5363 1009 5419 exordium
1033 5364 1276 5420 duxerat
1299 5381 1312 5420 :
1334 5368 1392 5420 et
1407 5386 1435 5414 ‹‹
1458 5363 1517 5419 in
1540 5364 1642 5420 illa
1657 5366 1750 5422 die
1773 5389 1802 5416 »
1825 5369 2058 5440 quando

409 5444 498 5502 sic
526 5446 705 5505 exibit
733 5451 997 5524 spiritus.
1023 5475 1051 5503 ‹‹
1084 5452 1466 5524 cogitationes
1490 5470 1693 5510 eorum
1726 5476 1754 5506 »
1789 5455 1926 5527 quia
1945 5457 2057 5512 sibi

407 5532 642 5593 divitias
673 5541 988 5612 parandas,
1021 5545 1075 5598 et
1104 5541 1360 5598 maxima
1406 5559 1586 5616 regna
1629 5544 2058 5602 substernenda

405 5625 770 5701 putaverant,
803 5633 868 5684 ut
897 5646 996 5686 rex
1027 5629 1388 5703 angelorum,
1429 5649 1450 5680 α
1483 5631 1776 5705 peribunt.
1809 5654 1838 5686 ››

2195 3339 2224 3369 ιι
2255 3315 2552 3372 illuminat
2577 3334 2824 3387 caecos,»
2859 3318 2919 3374 id
2950 3322 3058 3387 est,
3091 3319 3500 3392 ignorantibus
3521 3321 3626 3378 dat
3646 3323 3832 3396 cogni-

2191 3405 2413 3460 tionem
2443 3405 2536 3462 sui
2566 3405 2652 3462 vel
2691 3407 2764 3462 ad
2794 3406 3072 3474 litteram,
3101 3407 3257 3465 sicut
3305 3409 3551 3467 Tobiam
3581 3412 3730 3482 (Tob.
3759 3411 3830 3484 ιι)

2191 3498 2250 3550 et
2280 3493 2425 3550 alios
2446 3493 2686 3552 multos.

2196 3584 2206 3594 '
2265 3583 2589 3640 «Dominus
2609 3585 2781 3659 erigit
2798 3584 3028 3656 elisos,»
3043 3587 3831 3661 condonandopeccata.«Do-

2191 3671 2388 3728 minus
2411 3671 2602 3746 diligit
2621 3674 2844 3746 justos,
2873 3697 2902 3725 »
2933 3673 3072 3748 quia
3115 3676 3349 3732 roborat
3373 3675 3433 3734 in
3463 3678 3792 3736 virtutibus.

2261 3784 2290 3812 «
2323 3761 2609 3819 Dominus
2641 3763 2897 3819 custodit
2924 3764 3236 3834 advenas,»
3265 3765 3324 3820 id
3354 3770 3462 3837 est,
3481 3765 3615 3824 illos
3645 3768 3739 3842 qui
3767 3768 3822 3823 in

2189 3849 2298 3906 hoc
2331 3852 2552 3908 mundo
2583 3856 2916 3909 manentem
2939 3853 3233 3910 civitatem
3265 3871 3380 3911 non
3411 3862 3696 3928 quaerunt,
3725 3855 3822 3913 sed

2187 3941 2782 4013 inquiruntaeternam
2803 3941 2984 4011 (Hebr.
3007 3943 3146 4011 xm),
3177 3958 3326 4014 quos
3355 3944 3612 4001 custodit
3637 3962 3672 4002 a
3695 3961 3822 4018 per-

2188 4031 2513 4102 petratione
2541 4035 2600 4086 et
2627 4030 2966 4102 iniquorum
2987 4031 3414 4106 conformitate,
3433 4055 3455 4085 ι
3481 4033 3819 4106 pupillum,»

2189 4119 2246 4176 id
2267 4123 2375 4188 est,
2409 4119 2576 4176 illum
2609 4121 2778 4192 cujus
2823 4123 2990 4194 pater
3031 4125 3302 4178 mortuus
3331 4126 3424 4177 est
3454 4123 3738 4192 diabolus,
3764 4126 3819 4178 et

2187 4211 2374 4264 mater
2409 4207 2678 4264 voluntas
2724 4207 3020 4266 saecularis
3049 4225 3062 4264 :
3092 4232 3120 4260 «
3153 4213 3212 4265 et
3257 4209 3519 4280 viduam,
3555 4233 3584 4262 »
3614 4211 3668 4267 id
3712 4215 3814 4278 est,

2185 4295 2317 4352 illos
2376 4295 2476 4368 qui
2523 4301 2664 4353 sunt
2709 4295 2955 4354 desolati
3002 4314 3037 4354 ει
3075 4297 3340 4354 subsidio
3399 4298 3582 4372 hujus
3611 4299 3811 4367 saeculi,

2184 4408 2212 4436 «
2245 4385 2528 4459 suscipiet
2556 4406 2585 4436 »
2621 4385 2682 4440 in
2711 4389 2925 4442 aeterna
2952 4385 3350 4455 tabernacula,
3375 4412 3398 4438 ι
3427 4393 3486 4444 et
3514 4411 3543 4440 »
3573 4405 3605 4446 ο
3629 4393 3812 4446 contra

2187 4475 2360 4531 «vias
2391 4479 2762 4548 peccatorum
2795 4473 3146 4547 disperdet,»
3167 4473 3224 4532 id
3257 4480 3348 4534 est
3374 4477 3616 4536 inutiles
3634 4477 3806 4536 faciet.

2253 4563 2384 4618 Haec
2405 4579 2532 4634 quas
2550 4562 2722 4619 modo
2743 4562 2902 4619 dicta
2917 4567 3056 4619 sunt
3073 4562 3502 4622 abundantiam
3523 4564 3807 4624 suavitatis

2179 4652 2515 4707 ostendunt.
2531 4650 2898 4708 Continuatio
2923 4668 2937 4708 :
2961 4651 3247 4709 Dominus
3263 4653 3808 4728 disperdetviaspeo-

2180 4744 2468 4812 eaterum,
2498 4745 2556 4796 et
2584 4739 2696 4796 iste
2726 4762 2755 4791 «
2788 4739 3073 4796 Dominus
3104 4741 3372 4814 regnabit
3407 4741 3469 4798 in
3518 4742 3742 4809 saecula;
3772 4761 3796 4792 ι

2177 4834 2236 4886 et
2265 4829 2614 4887 determinat
2641 4845 2818 4902 quem
2848 4829 3162 4886 Dominum
3187 4846 3432 4902 regnare
3460 4832 3632 4904 dicat,
3659 4831 3752 4902 sic,
3769 4845 3800 4886 ο

2182 4943 2202 4970 α
2227 4919 2418 4990 Sion,»
2455 4919 2513 4975 id
2563 4922 2652 4975 est
2696 4936 2752 4984 ο,
2783 4918 3062 4987 Ecclesia,
3094 4919 3205 4976 iste
3251 4924 3342 4976 est
3373 4944 3403 4971 ‹‹
3437 4927 3586 4978 Deus
3617 4926 3742 4977 tuus
3770 4940 3794 4966 η

2175 5009 2278 5080 qui
2334 5009 2418 5064 sic
2469 5009 2739 5082 regnabit
2772 5031 2793 5058 ι
2826 5009 2886 5064 in
2944 5009 3314 5082 generatione
3345 5034 3377 5060 υ
3433 5010 3562 5080 hoc,
3592 5033 3620 5062 «
3650 5014 3702 5065 et
3744 5007 3792 5063 in

2172 5097 2542 5171 generatione
2573 5122 2601 5149 ››
2629 5098 2849 5154 futura.

2630 5224 2701 5280 IN
2741 5223 3089 5281 PSALMUM
3129 5223 3358 5282 CXLVI.

2701 5340 2955 5397 TlTULUS
2987 5357 3000 5396 :
3035 5340 3292 5397 Alleluia.

2236 5479 2264 5506 «
2299 5453 2556 5512 Laudato
2605 5453 2942 5524 Dominum,
2975 5455 3277 5528 quoniam.
3311 5478 3342 5505 »
3397 5455 3538 5512 Item
3586 5454 3642 5510 in
3684 5449 3782 5506 hoc

2163 5545 2392 5618 psalmo
2411 5543 2719 5600 materiam
2751 5543 2926 5600 habet
2949 5544 3236 5617 Propheta
3259 5543 3648 5601 laudationem
3668 5536 3787 5596 Dei:

2161 5634 2314 5693 hanc
2344 5633 2564 5694 scilicet
2587 5631 2744 5708 quod
2765 5631 2917 5691 Deus
2939 5639 3253 5712 congregat
3278 5633 3596 5692 Ecclesiam
3633 5640 3792 5688 suam
