4060 6180
247 368 366 426 685

1425 370 1929 432 EXPLANATIO
1974 368 2052 429 IN
2096 336 2480 433 P'SALMOS.

3540 384 3659 444 686

243 499 306 557 in
338 499 616 555 unionem
650 498 781 554 fidei
814 500 886 554 de
908 500 1195 556 universis
1218 502 1483 573 partibus
1505 503 1894 559 mundi.Nota
1922 504 1976 570 Α
2001 503 2262 573 jicit,sed
2291 503 2568 559 omnibus
2600 505 2861 576 providet
2890 508 3236 564 necessaria.
3261 532 3288 560 «
3308 509 3666 567 Etomnibus

244 589 404 660 quod
437 587 496 643 in
529 587 697 643 titulo
746 587 927 659 hujus
974 588 1190 660 psalmi
1233 595 1538 661 apponunt
1567 615 1592 639 (ι
1629 591 1821 663 Aggzei
1854 595 1911 646 et

237 676 534 734 Zachariae
559 693 572 733 :
600 698 627 725 ››
664 675 765 732 isti
797 676 952 732 enim
988 678 1044 731 in
1081 678 1414 749 captivitate
1446 679 1772 751 Babyloniae
1805 681 1908 735 de—

241 766 411 831 tenti,
430 766 684 821 reditum
716 770 850 839 post
880 768 1256 839 septuaginta
1284 785 1471 822 annos
1496 769 1755 823 futurum
1784 786 1908 840 pro-

242 854 659 926 phetaverunt,
675 852 808 927 plus
828 854 1226 927 intelligentes
1254 856 1619 927 spiritualem
1652 858 1905 912 reditum

238 944 314 998 ad
336 942 633 999 ccelestem
656 942 1227 1016 Hierusalem,quam
1255 945 1615 1017 corporalem
1641 946 1710 1000 ad
1735 963 1904 1001 suam

236 1031 496 1104 patriam
515 1045 558 1086 ι.
581 1031 792 1088 Modus
818 1050 832 1087 :
858 1032 920 1088 In
953 1033 1147 1106 prima
1175 1038 1338 1105 parte
1369 1040 1571 1090 monet
1600 1034 1905 1107 religiosos
1938 1091 1965 1117 .

236 1125 297 1174 et
329 1119 705 1192 perfectiores
731 1121 803 1175 de
823 1120 1083 1177 Ecclesia
1102 1122 1176 1177 ad
1204 1121 1437 1177 laudem
1454 1123 1902 1189 Domini,osten-

235 1208 390 1264 dens
421 1209 577 1280 quod
610 1209 766 1264 Deus
800 1209 1121 1266 Ecclesiam
1170 1228 1341 1266 suam
1373 1212 1443 1267 de
1491 1212 1773 1284 dispersis
1803 1230 1906 1284 per

236 1302 434 1353 totum
466 1298 758 1353 mundum
779 1298 1045 1367 aedificet,
1061 1305 1117 1356 et
1148 1299 1334 1355 multa
1362 1302 1645 1357 beneﬁcia
1667 1302 1753 1357 eis
1774 1318 1906 1357 con-

236 1386 411 1442 ferat.
433 1386 497 1441 In
523 1387 808 1456 secunda,
831 1404 959 1460 qua)
990 1388 1197 1461 incipit
1222 1405 1235 1443 :
1270 1412 1298 1439 «
1319 1389 1617 1446 Przecinite
1656 1391 1902 1446 Domino

231 1475 299 1532 in
335 1475 771 1544 confessione,»
806 1481 1006 1532 monet
1037 1475 1186 1533 alios
1221 1478 1412 1533 adhuc
1446 1478 1808 1551 negligentes
1830 1479 1899 1535 ad

233 1563 606 1620 laudandum
649 1564 856 1633 Deum,
882 1570 940 1621 et
970 1567 1229 1622 ostendit
1256 1566 1340 1622 eis
1370 1568 1525 1638 quod
1565 1567 1624 1622 in
1657 1568 1900 1623 humili-

234 1655 354 1709 bus
385 1652 764 1725 beneplaceat
794 1654 1063 1724 Domino,
1090 1655 1149 1709 in
1182 1655 1454 1729 superbis
1484 1672 1616 1711 vero
1650 1674 1764 1711 non
1801 1676 1813 1713 :
1845 1661 1902 1711 et

234 1759 345 1815 per
374 1741 497 1797 haec
520 1742 770 1798 intendit
798 1743 870 1798 ad
902 1742 1137 1799 laudem
1179 1744 1411 1800 Domini
1446 1744 1708 1801 invitare.

311 1831 451 1887 Inde
482 1831 626 1886 dicit
657 1847 670 1886 :
705 1854 731 1880 α
752 1832 1010 1891 Laudate
1040 1832 1417 1898 Dominum,»
1448 1850 1586 1888 voce
1618 1839 1674 1889 et
1705 1851 1903 1907 opera-
1932 1873 1980 1936 Β

234 1921 453 1988 tione,«
469 1919 748 1992 quoniam
762 1920 1087 1994 psalmus,»
1101 1921 1159 1976 id
1178 1926 1267 1977 est
1288 1922 1900 1993 hujusmodilandatio

232 2026 376 2065 cum
407 2010 562 2065 bona
592 2010 954 2081 operatione,
977 2034 1003 2060 (ι
1039 2015 1128 2066 est
1157 2011 1348 2066 bonus
1382 2037 1405 2064 ι
1442 2016 1499 2067 et
1529 2011 1695 2067 utilis
1724 2011 1899 2067 alicui

232 2098 323 2153 sic
355 2096 644 2168 laudanti,
664 2120 691 2147 «
713 2098 830 2154 Deo
853 2103 1110 2169 nostro,»
1143 2100 1241 2172 qui
1276 2117 1390 2155 non
1422 2105 1512 2156 est
1542 2099 1674 2156 talis
1696 2100 1900 2173 quales

232 2192 380 2243 sunt
396 2186 478 2243 dii
495 2185 781 2259 gentium,
798 2211 826 2236 ‹‹
852 2187 931 2243 sit
952 2187 1212 2243 laudatio
1237 2205 1249 2242 :
1278 2211 1305 2237 ››
1322 2206 1435 2244 non
1451 2188 1899 2262 qualiscunque,

234 2276 340 2332 sed
377 2276 713 2347 «jucunda,
748 2298 775 2326 »
808 2275 867 2331 id
897 2283 987 2332 est
1029 2294 1175 2349 pura
1222 2277 1547 2333 intentione
1578 2278 1748 2345 facta,
1784 2296 1899 2334 non

232 2382 340 2436 pro
376 2363 686 2436 temporali
716 2365 1045 2433 commodo,
1080 2367 1179 2421 sed
1213 2383 1315 2437 pro
1347 2365 1470 2421 solo
1505 2367 1621 2423 Deo
1671 2384 1899 2439 prome-

232 2454 424 2509 rendo
450 2470 464 2509 :
492 2476 522 2504 «ι
547 2453 870 2527 decoraque
901 2453 1000 2525 sit,
1028 2477 1055 2504 »
1078 2455 1135 2510 id
1154 2459 1244 2511 est
1265 2472 1332 2511 ex
1352 2473 1501 2527 pura
1520 2456 1896 2525 conscientia,

233 2559 366 2614 quae
398 2559 521 2598 non
553 2547 790 2615 propter
818 2548 1056 2615 peccata
1080 2544 1346 2600 facientis
1368 2543 1901 2601 vilescat.Audistis

231 2632 397 2688 enim
432 2631 573 2704 quia
603 2655 629 2682 «
666 2648 784 2687 non
814 2637 905 2688 est
933 2633 1199 2705 speciosa
1228 2633 1357 2688 laus
1380 2634 1435 2687 in
1460 2650 1557 2688 ore
1579 2634 1899 2705 peccatoris

231 2721 431 2789 (Eccli.
456 2725 574 2790 xv).
601 2744 628 2770 ››
650 2719 781 2795 Alia
809 2722 1107 2777 distinctio
1139 2726 1331 2793 potest
1356 2722 1478 2776 ﬁeri
1512 2721 1572 2776 in
1605 2722 1714 2777 hoc
1744 2722 1899 2795 psal-

233 2827 357 2878 mo,
393 2810 498 2866 sed
531 2792 659 2865 noni
676 2809 927 2866 habetur
955 2827 1024 2866 ex
1055 2792 1421 2877 auctoritate,
1441 2810 1523 2866 sic
1551 2828 1564 2867 :
1593 2835 1620 2860 ‹‹
1643 2812 1902 2868 Laudate

231 2898 583 2964 Dominum,
618 2897 897 2970 quoniam
959 2899 1150 2955 bonus
1200 2905 1289 2955 est
1338 2899 1626 2972 psalmus,
1656 2900 1735 2955 sit
1761 2901 1898 2970 Deo,

232 2988 341 3043 sed
365 2988 638 3058 jucunda
667 2986 949 3043 laudatio.
984 3010 1012 3037 ››

308 3076 448 3132 Ideo
478 3076 606 3132 dico
640 3098 669 3126 «
699 3075 954 3144 laudate,
992 3099 1020 3126 »
1052 3077 1331 3149 quoniam
1373 3100 1398 3130 ι
1420 3077 1704 3133 Dominus
1730 3079 1904 3133 rediti-

232 3181 382 3221 cans
415 3164 801 3232 Hierusalem,
840 3188 867 3213 ι)
899 3164 957 3220 id
989 3171 1079 3221 est
1108 3165 1429 3222 Ecclesium
1462 3184 1654 3235 suam,
1689 3185 1815 3239 quae
1847 3172 1903 3222 et

2019 591 2102 646 eis
2138 592 2375 647 nomina
2394 597 2578 661 vocat,
2608 616 2633 642 ››
2666 593 2753 647 vel
2782 611 2993 651 vocans
3043 600 3150 664 est,
3186 613 3668 670 unumquemque

2018 679 2318 751 cognoscit
2347 698 2450 751 per
2481 698 2649 735 suam
2700 683 3133 754 proprietatem,
3165 684 3454 756 videlicet,
3490 687 3670 742 istum

2018 768 2320 839 cognoscit
2372 768 2719 843 simplicem,
2753 770 2911 826 velut
2942 772 3155 841 David;
3187 773 3354 828 illum
3396 791 3671 830 mansue-

2017 855 2338 922 tum,velut
2373 857 2607 930 Moysen
2635 875 2649 912 :
2674 858 2754 913 ita
2782 864 2840 914 et
2867 859 3013 919 alios
3044 878 3147 933 per
3177 879 3316 917 suas
3346 863 3672 935 prepricta-

2018 948 2123 1011 tes,
2150 961 2298 1016 quas
2329 945 2453 1016 ipse
2494 946 2648 1001 idem
2686 947 2742 1001 in
2776 947 2859 1003 eis
2903 955 3177 1019 operatus
3221 956 3329 1006 est.
3362 951 3477 1007 llas
3526 951 3671 1009 tales

2014 1033 2401 1103 proprietates
2434 1034 2728 1106 significat
2758 1053 2861 1107 per
2891 1038 3148 1108 nomina,
3184 1039 3321 1111 quia
3367 1041 3519 1096 sicut
3563 1039 3669 1096 ali-

2014 1120 2147 1192 quis
2170 1138 2274 1193 per
2297 1140 2533 1177 nomen)
2556 1123 2896 1179 distinctam
2930 1127 3227 1198 cognoscit
3242 1144 3549 1198 personam
3558 1129 3671 1199 ,ita

2013 1209 2298 1264 Dominus
2324 1228 2426 1281 per
2455 1210 2563 1267 has
2594 1213 2982 1284 proprietates
3014 1214 3320 1271 distinctas
3371 1218 3669 1288 cognoscit

2012 1314 2312 1369 personas.

2084 1387 2151 1441 Et
2182 1387 2319 1458 quia
2350 1387 2493 1443 talia
2541 1389 2697 1459 facit,
2732 1390 2860 1447 ideo
2898 1413 2925 1444 (ι
2956 1408 3208 1464 magnus
3241 1414 3267 1441 ››
3299 1396 3387 1449 est
3411 1417 3437 1443 ‹‹
3467 1393 3663 1449 Domi-

2014 1492 2125 1529 nus
2162 1492 2173 1531 :
2211 1498 2240 1524 ››
2266 1493 2383 1531 non
2418 1476 2546 1532 dico
2580 1480 2862 1535 Dominus
2891 1497 3066 1551 quem
3098 1480 3344 1553 gentiles
3374 1499 3548 1537 suum
3580 1482 3662 1537 fa-

2012 1562 2303 1631 ciunt,sed
2324 1588 2351 1613 ‹‹
2380 1569 2579 1620 noster
2601 1583 2615 1621 :
2641 1591 2668 1617 »
2698 1567 2788 1621 hic
2813 1566 3160 1640 intelligitur
3179 1570 3659 1640 personaPatris:

2012 1675 2039 1700 ‹‹
2075 1656 2133 1707 et
2164 1670 2378 1714 magna
2400 1654 2593 1733 ‘virtus
2625 1657 2753 1726 ejus
2788 1678 2814 1704 ››
2847 1655 3195 1729 intelligitur
3224 1674 3472 1729 persona
3512 1659 3662 1727 Filii,

2011 1758 2187 1811 quem
2220 1740 2497 1797 virtutem
2531 1743 2630 1798 Dei
2668 1744 2950 1813 nominat,
2985 1744 3124 1815 quia
3160 1762 3262 1816 per
3291 1746 3485 1818 ipsum
3510 1748 3666 1804 Deus

2011 1833 2289 1901 petentur
2317 1832 2515 1886 omnia
2544 1833 2709 1904 regit,
2743 1837 2801 1889 et
2833 1832 3106 1888 omnibus
3139 1832 3507 1904 dominatur;
3543 1858 3571 1888 ‹‹
3602 1840 3661 1892 et

2011 1917 2309 1989 sapientiae
2340 1921 2467 1992 ejus
2504 1937 2515 1976 :
2553 1944 2580 1969 »
2615 1920 2710 1976 hic
2750 1938 2984 1993 quoque
3034 1920 3217 1977 Filius
3264 1922 3661 1997 intelligitur:

2012 2030 2038 2056 «
2070 2023 2185 2063 non
2220 2012 2308 2063 est
2338 2026 2642 2077 numerus,
2670 2032 2698 2057 »
2725 2010 2866 2081 quia
2894 2009 3125 2065 infinita
3143 2015 3200 2065 et
3219 2010 3664 2084 incomprehen-

2011 2095 2201 2151 sibilis
2221 2101 2310 2151 cst
2326 2096 2426 2152 illa
2447 2098 2547 2153 Dei
2570 2098 3016 2170 sapientia.Vel.
3037 2121 3057 2147 ιι
3077 2115 3192 2153 non
3211 2103 3300 2154 est
3322 2117 3663 2169 numerus,»

2011 2183 2151 2255 quia
2183 2184 2355 2240 unica
2385 2190 2443 2240 et
2473 2185 2792 2257 singularis
2822 2191 2937 2255 est;
2969 2185 3077 2254 vel,
3111 2187 3430 2259 sapientiae,
3462 2189 3521 2245 id
3553 2193 3662 2262 est,

2014 2271 2141 2326 Filii
2174 2290 2289 2327 non
2321 2278 2410 2328 est
2442 2291 2745 2341 numerus,
2778 2275 2837 2328 id
2867 2279 2956 2329 est
2987 2292 3100 2329 non
3131 2280 3326 2347 potest
3366 2278 3663 2334 numerari

2011 2360 2277 2417 diversus
2301 2380 2335 2416 a
2366 2362 2550 2431 Patre,
2578 2363 2716 2434 quia
2747 2363 2903 2418 idem
2933 2380 3068 2418 cum
3114 2363 3301 2433 Patre,
3336 2367 3662 2425 secundum

2008 2450 2428 2521 Augustinum,
2452 2450 2553 2523 qui
2576 2452 2719 2507 dicit
2750 2451 2809 2506 in
2832 2451 2941 2507 hoc
2972 2468 3240 2509 sermone
3265 2470 3278 2509 :
3304 2453 3579 2527 Legimus
3603 2456 3663 2511 in

2010 2542 2212 2593 sancto
2228 2539 2443 2611 Moyse,
2465 2539 2594 2595 ideo
2618 2557 2733 2594 non
2765 2544 2853 2595 est
2873 2558 3158 2596 numerus
3184 2542 3485 2614 sapientia:
3511 2545 3661 2615 ejus,

2010 2626 2173 2681 nulla
2203 2628 2360 2682 enim
2394 2627 2509 2683 alia
2540 2629 2830 2700 sapientia
2863 2635 3055 2701 potest
3099 2630 3237 2687 huic
3285 2634 3611 2706 comparari
3646 2652 3660 2691 :

2009 2715 2110 2769 sed
2142 2714 2439 2805 sapientia:
2472 2716 2754 2785 Platonis,
2785 2722 2841 2773 et
2872 2717 3121 2773 aliorum
3143 2718 3665 2805 phllOSOphOl'um’

2014 2808 2262 2874 possunt
2288 2804 2411 2858 alia:
2460 2805 2660 2860 multa:
2693 2807 3058 2877 comparari:
3084 2807 3281 2878 ipsum
3321 2809 3532 2865 Filium
3565 2804 3667 2868 sa-F

2011 2892 2291 2965 pientiam
2326 2893 2426 2948 Dei
2460 2892 2776 2965 dicit,quia
2809 2911 2911 2966 per
2942 2894 3137 2967 ipsum
3160 2895 3447 2954 Dominus
3469 2899 3669 2956 omnia

2011 2980 2306 3053 sapienter
2334 2981 2471 3036 fecit
2501 2988 2557 3036 et
2588 2982 2900 3054 disposuit.

2082 3070 2220 3124 Dico
2269 3068 2391 3124 haec
2439 3070 2715 3141 praedicta
2768 3071 2905 3127 facit
2952 3072 3258 3143 Dominus,
3291 3079 3349 3131 et
3396 3079 3506 3132 hoc
3546 3094 3665 3135 non

2012 3159 2390 3232 quibuslibet,
2406 3161 2505 3215 sed
2526 3162 2879 3231 mansuetis;
2903 3162 3013 3219 hoc
3035 3164 3211 3220 dicit:
3240 3189 3267 3215 «
3293 3167 3621 3239 suscipiens
3637 3191 3666 3219 ››

234 3253 338 3309 hic
361 3255 492 3327 jam
523 3270 727 3325 pacem
756 3253 1041 3325 sequitur,
1062 3259 1118 3309 et
1150 3256 1389 3310 tandem
1422 3256 1605 3311 Deum
1642 3256 1701 3310 in
1742 3254 1902 3311 omni
1942 3242 1984 3307 C
2017 3252 2073 3306 in
2105 3249 2291 3322 gloria
2321 3280 2344 3305 (ι
2378 3254 2723 3306 mansuetos
2764 3251 3063 3321 Dominus,
3096 3252 3417 3311 humilians
3469 3262 3666 3313 autem

235 3359 385 3415 pace
412 3342 727 3411 videbit,et
755 3366 781 3392 α
806 3343 1185 3416 congregabit
1207 3366 1234 3393 ››
1268 3343 1327 3398 in
1370 3361 1438 3400 ea
1471 3344 1753 3413 Ecclesia,
1787 3362 1903 3399 non

237 3430 527 3499 localiter,
543 3431 643 3488 sed
666 3430 1073 3503 spiritualiter,
1089 3436 1148 3487 et
1176 3431 1236 3486 in
1270 3432 1670 3500 unitatem,vel
1694 3432 1902 3488 unani-

236 3519 548 3589 mitatem;
580 3524 637 3575 et
664 3519 725 3575 in
756 3520 1023 3576 eamdem
1056 3544 1082 3570 «
1111 3520 1505 3592 dispersiones
1528 3521 1906 3593 congregabit

237 3607 473 3666 Itraelis
497 3631 526 3659 n
556 3609 758 3680 ﬁdem,
776 3609 833 3664 id
867 3613 956 3664 est
985 3608 1137 3665 viros
1187 3611 1341 3682 quod
1374 3611 1498 3682 ipse
1543 3610 1680 3666 facit
1729 3609 1902 3666 Israel

236 3698 549 3770 dispersos
570 3713 673 3770 per
701 3714 904 3753 omnes
936 3702 1132 3770 partes
1163 3700 1393 3756 mundi.

313 3787 418 3846 Ille
444 3786 846 3860 congregabit,
875 3810 903 3837 «
935 3787 1035 3860 qui
1067 3794 1237 3844 sanat
1253 3788 1533 3845 contritos
1564 3790 1755 3856 corde,
1780 3811 1808 3839 »
1844 3787 1903 3843 id

235 3882 351 3946 est,
373 3875 513 3932 illos
543 3875 644 3947 qui
674 3875 894 3931 habent
925 3877 1242 3931 contritum
1284 3894 1383 3932 cor
1412 3880 1470 3932 et
1502 3876 1900 3932 humiliatum.

236 3965 542 4021 Contritos
561 3965 732 4020 corde
754 3965 901 4020 bene
919 3965 1437 4037 determinat,quia
1453 3966 1741 4038 quibuscu
1753 3981 1903 4038 nque

238 4055 440 4111 modis
471 4071 684 4126 corpus
714 4054 1030 4127 afﬂigatur,
1065 4054 1113 4110 si
1146 4072 1246 4110 cor
1273 4054 1546 4121 elevatur,
1592 4073 1707 4110 non
1740 4059 1907 4110 curat

237 4144 399 4199 Deus
430 4142 784 4198 afﬂictiones
805 4142 994 4214 ipsius
1019 4160 1031 4198 :
1059 4143 1341 4199 contrilos
1371 4161 1503 4198 vero
1535 4145 1705 4199 corde
1737 4147 1905 4199 sanat

238 4231 534 4288 Dominus
556 4231 942 4287 condonando
965 4236 1225 4303 peccata,
1249 4251 1269 4279 α
1298 4236 1355 4287 et
1385 4249 1589 4288 omnes
1609 4232 1905 4287 contritio-

239 4337 351 4376 nes
389 4336 618 4388 eorum,
645 4342 673 4369 ››
695 4320 755 4375 id
777 4324 865 4377 est
891 4312 1054 4392 ipsos
1085 4320 1385 4388 contritos,
1406 4326 1463 4376 et
1488 4320 1742 4392 privatos
1774 4338 1906 4377 vera

239 4408 536 4481 dignitate
567 4431 594 4459 «
620 4407 873 4481 alligat»
905 4408 1209 4477 Dominus,
1246 4409 1301 4463 id
1337 4414 1428 4465 est
1458 4408 1804 4478 consolidat,
1839 4414 1905 4465 ut

238 4499 491 4554 reducat
538 4499 611 4554 ad
663 4499 973 4571 pristinam
1025 4498 1397 4571 dignitatem.
1430 4501 1477 4553 A
1516 4498 1905 4556 similitudine

2011 3344 2343 3411 peccatores
2376 3356 2564 3411 usque
2594 3340 2665 3395 ad
2698 3344 2936 3410 terram,
2971 3364 3001 3391 ››
3033 3342 3089 3398 id
3122 3347 3212 3399 est
3238 3345 3309 3400 ad
3340 3345 3667 3418 appetitum

2014 3427 2391 3484 terrenitatis.

2084 3539 2110 3565 ‹‹
2136 3516 2495 3572 Praecinite.»
2520 3518 2623 3573 Hic
2643 3518 2820 3574 habet
2836 3518 2951 3575 alia
2970 3520 3298 3594 translatio,
3314 3547 3341 3573 ‹‹
3367 3523 3665 3596 incipite,»

2013 3604 2072 3659 in
2104 3621 2219 3676 quo
2252 3604 2638 3677 intelligimus
2665 3606 2774 3663 hoc
2795 3608 3018 3663 dictum
3049 3625 3178 3665 esse
3220 3627 3337 3666 non
3370 3612 3664 3682 perfectis,

2012 3694 2114 3749 sed
2151 3693 2985 3767 negligentibus.Continuatio
3008 3713 3022 3752 :
3047 3697 3192 3764 Quia
3229 3699 3516 3755 Dominus
3536 3717 3665 3757 sus-

2012 3782 2154 3854 cipit
2181 3787 2545 3846 mansuetos,
2564 3786 2621 3837 et
2651 3782 2798 3839 alios
2829 3783 3075 3855 repellit,
3090 3801 3226 3858 ergo
3251 3806 3280 3836 ‹‹
3301 3787 3620 3859 ριιεθοὶηἰιθ,
3638 3812 3667 3839 ››

2014 3870 2069 3925 id
2102 3875 2212 3939 e:t,
2236 3870 2417 3926 nolite
2464 3888 2594 3927 esse
2634 3870 2997 3944 negligentes
3045 3877 3103 3929 et
3132 3879 3465 3947 exspectare
3502 3876 3668 3948 judi-

2013 3960 2191 4027 cium,
2208 3960 2308 4015 sed
2327 3960 2524 4015 statim
2544 3961 2837 4032 praecinite
2859 3986 2885 4011 «
2903 3962 3149 4018 Domino
3170 3964 3230 4018 in
3247 3964 3669 4035 confessione,»

2016 4049 2071 4103 id
2102 4053 2210 4115 est,
2245 4049 2575 4104 confitendo
2625 4055 2904 4120 peccata;
2943 4074 2969 4101 «
3004 4051 3232 4124 psallite
3266 4076 3293 4103 »
3324 4054 3502 4110 etiam
3553 4056 3670 4113 Deo

2016 4142 2232 4205 nostro,
2268 4160 2293 4186 ‹‹
2331 4137 2390 4191 in
2422 4136 2666 4205 cithara,
2704 4160 2731 4185 ››
2763 4137 2821 4193 id
2843 4146 2932 4194 est
2960 4141 3235 4211 operibus
3266 4143 3671 4215 corporis,sci-

2012 4226 2149 4282 licet
2180 4226 2238 4281 in
2272 4226 2458 4282 activa
2484 4226 2620 4283 vita.

2086 4338 2111 4365 ‹‹
2147 4315 2255 4381 Qui
2288 4316 2477 4389 operit
2507 4317 2778 4385 coelum,»
2797 4317 2853 4373 id
2878 4323 2967 4375 est
2991 4320 3250 4378 divinam
3276 4323 3663 4395 Scripturam,

2014 4422 2141 4477 quae
2173 4405 2433 4460 continet
2463 4423 2678 4462 arcana
2700 4407 2818 4476 Dei,
2852 4431 2879 4457 «
2915 4410 3194 4477 nubibus,
3231 4433 3260 4460 »
3291 4412 3349 4466 id
3395 4418 3484 4467 est
3535 4415 3665 4485 qui-

2012 4494 2263 4548 busdam
2286 4494 2809 4567 zenigmatibus,vel
2835 4498 3102 4554 obscuris
3124 4499 3329 4570 ﬁguris
3352 4501 3662 4574 prepheta-

238 4587 461 4644 medici
491 4587 761 4659 dicit,qui
794 4588 980 4643 fracta
1007 4604 1143 4643 ossa
1166 4587 1419 4660 colligat,
1435 4593 1499 4642 ut
1514 4588 1907 4659 redintegren-
1936 4611 1983 4673 Β
2015 4587 2373 4673 rum,ut_non
2395 4584 2923 4673 pateantomnibus
2940 4592 3161 4642 secreta
3184 4586 3462 4659 coelestia,
3487 4612 3515 4639 (‹
3550 4595 3608 4646 et
3630 4613 3658 4642 »ν

238 4683 343 4733 tur
365 4681 426 4733 et
454 4676 530 4732 ad
560 4676 867 4748 antiquam
890 4676 1234 4748 sospitatem
1264 4676 1909 4749 perducantur.Alligat

238 4772 444 4822 autem
469 4782 577 4821 nos
598 4764 778 4821 fascia
802 4764 1215 4821 misericordiae
1249 4765 1421 4832 Deus,
1448 4770 1504 4820 et
1534 4767 1755 4820 confert
1776 4781 1906 4837 gra-

236 4854 359 4910 tias
388 4870 549 4922 suas,
569 4854 789 4926 quibus
810 4855 1087 4910 reformat
1117 4871 1224 4908 nos
1253 4855 1495 4925 antiquo
1517 4853 1905 4925 vultui,quem

238 4943 614 5015 perdidimus
645 4948 884 5015 peccato
918 4941 1093 5014 primi
1126 4942 1406 5014 parentis.

321 5054 351 5081 «
365 5032 473 5098 Qui
488 5036 759 5088 numerat
777 5031 1217 5087 multitudinem
1232 5031 1619 5099 stellarum,et
1632 5032 1907 5088 omnibus

238 5121 337 5175 eis
365 5120 608 5176 nomina
632 5124 818 5177 vocat.
858 5142 885 5170 ››
918 5120 975 5176 Si
1010 5121 1081 5175 ad
1118 5120 1373 5174 litteram
1423 5119 1658 5186 dicitur,
1693 5137 1907 5192 magna

240 5212 446 5264 tamen
469 5209 732 5282 potentia
754 5208 1122 5281 intelligitur.
1139 5210 1457 5263 Possumus
1481 5211 1675 5263 tamen
1700 5208 1908 5279 allego-

243 5297 372 5353 rice
401 5297 482 5354 sic
512 5298 705 5354 dicere
730 5314 744 5354 :
767 5297 1054 5354 Dominus
1095 5300 1260 5352 sanat
1294 5302 1352 5352 et
1375 5296 1575 5367 alligat
1604 5297 1904 5364 contritio-

244 5390 450 5452 nes,et
479 5386 565 5441 sic
597 5386 736 5442 facit
765 5404 864 5442 eas
896 5386 1097 5442 stellas
1131 5386 1392 5441 lucentes
1425 5386 1482 5439 in
1534 5385 1809 5440 Ecclesia.
1839 5386 1909 5439 Et

241 5471 696 5530 multitudinem
729 5474 965 5531 illarum
1012 5475 1315 5531 stellarum
1365 5478 1654 5547 numerat,
1689 5473 1743 5527 id
1797 5477 1903 5541 est,

241 5578 461 5617 omnes
481 5560 611 5618 illos
634 5580 879 5619 numero
901 5563 1363 5636 comprehendit,
1381 5562 1518 5634 quia
1550 5561 1773 5616 nullum
1806 5562 1906 5616 ab-

2018 4677 2211 4726 tamen
2244 4671 2302 4725 in
2337 4672 2593 4727 nubibus
2624 4671 2739 4726 illis
2768 4678 2985 4743 «parat
3014 4678 3237 4744 terrae,»
3272 4676 3324 4732 id
3357 4683 3446 4734 est
3473 4679 3663 4736 Eccle-

2015 4759 2133 4827 size,
2168 4784 2193 4809 ‹‹
2232 4759 2507 4831 pluviam,
2546 4783 2572 4809 »
2632 4761 2689 4815 id
2749 4766 2837 4817 est
2893 4762 3257 4832 spiritualem
3313 4767 3661 4840 doctrinam,

2017 4871 2040 4895 ‹‹
2079 4854 2244 4920 parat
2276 4872 2303 4897 ››
2328 4850 2472 4904 bene
2502 4848 2816 4921 dicit,quia
2844 4850 2998 4905 Deus
3030 4851 3112 4907 ita
3140 4852 3456 4926 aliquando
3478 4860 3665 4929 aperit

2016 4937 2368 5008 Scripturas,
2402 4943 2467 4992 ut
2500 4938 2698 4993 fideles
2730 4940 2819 4994 sui
2855 4939 2989 4995 inde
3021 4941 3375 4999 reﬁciantur.

2090 5026 2217 5097 Ipse
2249 5025 2485 5097 quidem
2518 5028 2722 5099 aperit,
2743 5053 2763 5079 «
2791 5029 2890 5100 qui
2922 5031 3192 5101 producit
3214 5032 3273 5087 in
3304 5034 3661 5104 montibus,»

2016 5114 2073 5169 id
2103 5119 2192 5169 est
2221 5114 2527 5171 altioribus
2556 5118 2907 5185 viris,veluti
2938 5118 3159 5176 sanctis
3189 5122 3487 5193 apostolis,
3522 5147 3549 5173 ‹‹
3578 5126 3663 5181 fe-

2016 5222 2183 5272 num,
2219 5227 2245 5253 n
2280 5206 2334 5259 id
2369 5212 2458 5262 est
2485 5206 2800 5262 solidatam
2833 5206 3142 5271 cibum,ad
3176 5212 3662 5270 sustentationem

2017 5296 2307 5365 majorum
2341 5300 2399 5349 et
2432 5296 2765 5364 fortiorem;
2800 5319 2826 5344 «
2861 5301 2918 5351 et
2948 5295 3209 5364 herbam,
3238 5319 3265 5346 »
3298 5298 3356 5353 id
3387 5304 3475 5355 est
3504 5305 3662 5359 tene-

2018 5383 2228 5438 riorem
2260 5383 2477 5451 cibum,
2513 5383 2752 5449 scilicet,
2783 5400 3018 5458 suavem
3049 5388 3109 5438 at
3138 5385 3424 5443 humilem
3461 5390 3668 5448 doctri-

2020 5471 2806 5543 nam,sicutdicitApostolus
2832 5489 2845 5525 :
2870 5496 2897 5521 ‹‹
2923 5472 3301 5545 Sapientibus
3317 5478 3665 5550 sapientiam

2018 5562 2290 5634 loquor(l
2317 5559 2437 5617 Cor.
2473 5560 2556 5634 ιι).
2594 5582 2621 5609 ››
2653 5561 2721 5616 Et
2750 5559 2889 5617 alibi
2926 5577 2938 5617 :
2973 5585 2999 5613 ‹‹
3025 5562 3136 5620 Lac
3181 5565 3346 5624 vobis
3390 5567 3522 5627 dedi
3570 5586 3668 5643 ρος

324 5679 353 5707 ⁸
381 5669 510 5729 Haec
540 5671 611 5729 ad
642 5670 1024 5748 praecedentis
1053 5669 1265 5744 psalmi
1297 5668 1719 5759 capositionem
1760 5669 2052 5745 pertinere
2080 5668 2368 5729 videntur.
