4060 6180
417 363 536 426 687
779 366 1189 429 HAY-MONIS
1235 367 1779 428 HALBERSTAT.
1823 364 2072 427 EPISG.
2119 361 2292 424 OPP.
2339 349 2540 423 PARS
2585 361 2633 422 Ι.
2681 397 2756 405 --
2799 361 3208 425 COMMENT.
3253 363 3454 425 BlBL.
3696 352 3802 425 688

414 476 568 568 tum,
599 516 716 556 non
746 515 996 556 escam.»
1030 501 1080 568 (Ι
1104 499 1206 556 Cor
1229 502 1316 569 III)
1344 499 1444 556 Vel
1478 517 1580 572 per
1609 503 1840 556 montes
1864 503 2054 572 peten-
2169 495 2536 568 confortavit,
2565 517 2592 549 α
2621 499 2680 552 et
2707 495 2846 552 filiis
2875 497 2960 552 tui
3023 497 3084 553 in
3113 501 3168 553 te
3199 519 3229 548 »
3261 497 3810 568 existentibus,«be-

417 591 508 662 tes
535 587 717 659 hujus
748 587 945 644 saeculi
976 587 1382 662 intelligimus,
1417 589 1474 643 in
1509 589 1724 662 quibus
1745 594 1895 644 Deus
1916 607 2060 662 prac-
2171 583 2396 638 nedixit
2431 607 2450 632 υ
2483 583 2826 640 omnimoda
2855 585 3280 641 benedictione.

415 657 584 748 parat
615 657 687 731 ad
719 693 867 748 opus
914 657 1467 749 praedicatorum,et
1513 657 2065 750 quorumlibet-ser-
2242 671 2544 726 Bcnedixit
2572 671 2670 727 ille
2701 696 2728 722 «
2764 673 2864 745 qui
2914 674 3112 746 posuit
3160 675 3308 730 fines
3351 679 3485 731 tuos
3529 691 3755 748 pacem,
3787 698 3812 725 ιι

412 763 694 820 vientium
727 765 859 832 sibi,
893 766 1115 835 fenum,
1139 767 1197 822 id
1230 771 1320 824 est
1343 766 1699 840 asperiorem
1730 767 1927 824 cibum
1959 784 1974 822 :
2007 770 2065 822 et
2171 759 2311 832 quia
2338 760 2516 816 etiam
2549 761 2704 818 inter
2731 779 2830 818 cos
2861 763 2960 835 qui
2993 767 3163 818 erunt
3184 763 3242 817 in
3265 762 3474 818 ultima
3496 764 3812 830 mansione.

413 851 752 921 110.1“,de
785 857 875 910 ρει
899 855 1190 910 mitiorem
1227 873 1239 910 ;
1273 856 1413 928 quia
1431 857 1782 929 quandoque
1805 857 1904 911 dat
1927 872 2065 927 pm-
2172 849 2283 904 erit
2313 867 2422 920 pax
2453 854 2510 905 et
2541 850 2873 906 exsultatio.
2907 875 2934 901 ‹‹
2968 852 3038 907 Et
3067 851 3243 907 satiat
3270 855 3326 906 te
3357 851 3527 926 adipe
3559 855 3814 908 frumen-

413 939 775 998 dicatoribus
794 943 919 999 suis
940 961 1151 1016 panem
1173 948 1402 1000 tantum
1429 950 1485 1000 et
1503 944 2063 1018 aquam,aliquando

2194 937 2238 1004 .i,
2277 960 2304 984 ››
2330 937 2386 991 id
2420 942 2528 1005 est,
2565 939 2693 1011 ipsa
2724 939 3028 996 divinitate
3058 939 3296 996 Christi.

414 1030 600 1086 honos
628 1030 820 1104 pisces
853 1049 866 1088 :
902 1036 960 1087 et
990 1033 1112 1088 haec
1138 1033 1336 1090 omnia
1365 1033 1674 1090 «servituti
1693 1034 2063 1101 hominum,»
2105 1053 2138 1084 ι
2244 1048 2272 1076 α
2307 1026 2414 1092 QUi
2477 1027 2696 1082 emittit
2738 1025 3058 1101 eloquium.
3097 1051 3123 1078 υ
3155 1029 3295 1086 Pars
3341 1027 3622 1086 secunda-
3657 1053 3686 1079 «ί
3721 1029 3818 1096 Qui

413 1117 474 1174 id
495 1122 586 1176 est
607 1117 990 1178 servitoribus
1009 1121 1570 1192 hominum,scilicet
1590 1121 2066 1196 praedicatoribus
2173 1113 2388 1170 emittit
2404 1114 2703 1188 eloquium
2727 1133 2960 1187 suum,”
2994 1117 3052 1172 id
3083 1121 3172 1173 03l-
3195 1116 3404 1173 Filium
3425 1134 3602 1174 suum
3628 1135 3643 1174 ε
3669 1140 3700 1168 ί(
3721 1122 3822 1174 te!"

417 1211 476 1265 et
503 1209 726 1265 caeteris
751 1209 1042 1267 ministris
1088 1211 1379 1280 Ecclesiae,
1413 1212 1514 1284 qui
1563 1229 1760 1268 revera
1807 1211 2068 1269 serviunt
2173 1220 2270 1298 τεεί»
2291 1223 2335 1298 ,υ
2367 1201 2425 1298 ίξῘ
2455 1207 2547 1260 est
2574 1203 2636 1298 ίξὶ
2667 1205 2986 1298 ωξξηᾶιιηις
3021 1210 3135 1298 ειμι(
3162 1223 3355 1298 Sel‘mo
3385 1207 3562 1298 ejus-Af
3584 1205 3819 1298 ΘῙοςΙιιίξι

415 1295 929 1367 hominibus,dum
953 1303 1122 1355 nocte
1143 1299 1352 1372 dieque
1366 1283 1542 1357 Delum
1563 1317 1666 1373 pro
1685 1299 1831 1373 ipsis
1847 1300 2066 1356 orando

2194 1283 2260 1347 rel
2287 1289 2478 1364 ipsius
2514 1292 2637 1361 Dei,
2671 1292 2892 1350 scilicet
2936 1295 3289 1366 praedicatio,
3324 1318 3352 1345 ‹‹
3385 1295 3568 1350 currit
3613 1294 3818 1352 veloci-

421 1385 813 1460 interpellant.
2175 1383 2282 1450 ter,
2316 1400 2342 1432 ι)
2379 1380 2437 1435 id
2465 1385 2572 1451 est,
2607 1382 2956 1438 dill‘unditur
2975 1401 3078 1456 per
3109 1387 3299 1440 totum
3330 1385 3644 1461 mundum.

490 1497 519 1526 ‹‹
553 1473 662 1541 Qui
694 1475 793 1532 dat
827 1497 852 1525 »
883 1475 1060 1532 etiam
1093 1500 1121 1528 «
1147 1477 1494 1548 jumentis,»
1529 1477 1586 1534 id
1608 1481 1696 1534 est
1717 1477 2064 1546 mansuetis,
2249 1493 2277 1519 ί(
2311 1469 2418 1536 Qlli
2451 1493 2480 1522 υ
2515 1471 2693 1526 etiam
2714 1495 2742 1522 ί(
2767 1473 2869 1527 dat
2887 1471 3138 1541 nivem,”
3161 1471 3385 1528 Bellica
3404 1473 3648 1547 frigidos
3665 1477 3724 1528 et
3742 1472 3824 1528 in‘

417 1563 520 1638 qui
539 1563 670 1636 jam
718 1583 833 1620 non
884 1571 1158 1622 recusant
1183 1583 1332 1622 onus
1375 1567 1487 1622 dici
1537 1571 1790 1640 portare,
1821 1589 1848 1616 α
1873 1582 2068 1622 escam
2175 1555 2416 1612 duratos
2437 1556 2496 1611 in
2519 1557 2842 1630 peccatis,«
2867 1559 3019 1616 sicut
3032 1559 3290 1632 lanam,»
3312 1565 3380 1616 ut
3398 1561 3543 1638 alios
3564 1561 3828 1618 doctrina

418 1649 742 1728 ipsorum,»
774 1654 832 1710 id
865 1659 953 1711 est
973 1655 1056 1711 eis
1079 1655 1676 1727 convenientem,tam
1699 1654 2070 1730 spiritualem
2177 1661 2286 1701 sua
2316 1645 2678 1716 οαῙθΓθοοίᾶΠΐν
2709 1653 2766 1704 et
2795 1670 2824 1698 α
2859 1647 3158 1718 ηθδυῙᾶΠὶ›
3193 1673 3222 1700 υ
3272 1647 3332 1706 id
3379 1649 3471 1706 (εει
3513 1651 3829 1708 “camiros

416 1740 594 1818 quam
627 1743 1024 1816 corporalem;
1059 1767 1086 1795 ‹‹
1121 1749 1178 1800 et
1226 1744 1405 1818 pullis
1451 1763 1780 1816 corvorum,
1819 1768 1847 1796 ››
1891 1744 1950 1800 id
1981 1747 2072 1800 est
2392 1735 2745 1807 ἱεηονιιηιία»
2769 1738 3105 1840 ,ερατεςίῐνυ
3141 1739 3200 1838 ξεί
3230 1743 3319 1840 (ξεί
3344 1737 3644 1840 illuminat
3663 1744 3724 1797 et
3755 1740 3833 1840 ἀξ·

415 1829 554 1902 filiis
581 1830 913 1905 gentilium,
945 1831 1046 1906 qui
1078 1837 1218 1890 sunt
1249 1835 1423 1904 corvi,
1457 1835 1514 1890 id
1547 1837 1635 1891 est
1681 1833 1971 1908 denigrati
2009 1832 2072 1926 in

2194 1822 2328 1880 vidit
2355 1841 2390 1879 a
2420 1841 2616 1881 massa
2646 1826 3032 1898 perditorum,
3059 1850 3086 1878 ι(
3111 1827 3266 1884 sicut
3313 1825 3569 1905 cinerem
3594 1845 3609 1884 :
3644 1851 3674 1878 »
3705 1827 3836 1901 quia

449 1895 454 1902 .
505 1886 546 1902 ,ν
581 1886 669 1905 υμ
895 1886 913 1904 ι
953 1886 962 1887 ί
1079 1886 1215 1890 τ--νη
1254 1886 1423 1904 *ν-’Ἶ
1459 1886 1514 1890 η
1553 1886 1632 1891 νν-
1688 1886 1970 1908 “"“0""'
2646 1886 2666 1898 ι
3017 1886 3030 1896 ι
3423 1901 3428 1905 -
3713 1886 3744 1926 ,τ

421 1921 678 1994 peccatis
712 1937 725 1978 :
760 1938 878 1978 non
930 1886 1155 1979 similes
1205 1922 1378 1979 malis
1422 1923 1690 1997 patribus
1719 1941 1945 1992 eorum,
1975 1923 2079 1978 sed
2107 1886 2154 1952 B
2187 1911 2342 1968 Sicut
2371 1911 2520 1969 οίῐὶίε
2541 1914 2776 1970 infusus
2801 1933 2980 1988 super
3016 1920 3234 1973 terram
3265 1917 3598 1991 impingunt
3628 1931 3764 1974 eam
3792 1921 3840 1975 et

424 2031 454 2060 »
473 2009 884 2067 invocantibus
906 2027 1101 2078 eum,»
1126 2012 1183 2068 id
1215 2013 1821 2086 est,degenerantibus
1841 2030 1876 2068 a
1895 2011 2082 2085 nigre-
2189 2001 2328 2057 Ῑθιοίῒ·
2356 2001 2738 2071 fructifera“),
2771 2004 2856 2062 είο
2886 2004 3000 2078 1ρεί
3029 2005 3130 2078 (ἰαί
3174 2006 3340 2078 Prius
3386 2011 3556 2064 erant
3604 2007 3837 2080 nebula:

422 2097 559 2155 dine
589 2101 823 2171 patrum
859 2116 872 2154 :
906 2099 1058 2155 sicut
1085 2100 1262 2156 etiam
1294 2106 1445 2156 Deus
1474 2102 1546 2157 ad
1579 2101 1834 2158 litteram
1855 2100 2082 2174 puellos
2187 2089 2528 2146 illuminant
2555 2091 2702 2149 alios
2732 2096 2789 2150 et
2817 2093 3042 2150 ἴδιοίυηῖ
3073 2094 3445 2152 Γΐιιοιίίίοᾶνθ·

421 2181 748 2255 corvorum,
783 2204 930 2260 quos
976 2193 1173 2260 patres
1223 2190 1522 2260 deserunt,
1574 2207 1812 2263 pascere
1861 2207 1896 2246 a
1953 2206 2080 2246 rore
2263 2178 3842 2263 ((ΜίῐίίίυοῐίθιωείοῐῪεῐαΠυίΠΒηυωείθυιδυοοθηαεολ

428 2274 580 2332 aeris
621 2274 857 2347 dicitur,
885 2278 1150 2349 quandiu
1193 2277 1310 2334 albi
1359 2283 1500 2336 sunt
1557 2284 1616 2334 et
1663 2279 1844 2335 donec
1893 2279 2003 2334 sibi
2045 2297 2080 2336 a

423 2360 793 2430 similantur,

503 2452 576 2509 Et
605 2451 714 2509 iste
739 2453 1016 2511 Dominus
1050 2479 1078 2506 «
1112 2473 1226 2512 non
1263 2455 1504 2513 habebit
1553 2455 1936 2524 voluntatem,
1971 2479 1998 2506 ››
2023 2457 2080 2511 id

432 2544 523 2598 est
549 2541 1002 2616 beneplacitum,
1041 2566 1067 2592 α
1101 2543 1162 2598 in
1195 2544 1538 2600 fortitudine
1571 2545 1725 2618 equi,
1758 2569 1786 2597 »
1815 2545 1874 2600 id
1902 2549 1992 2602 est
2021 2545 2081 2600 in

432 2631 724 2705 superbis,
759 2655 788 2684 (ε
820 2650 926 2689 nec
946 2632 1007 2688 in
1041 2633 1200 2689 tibiis
1228 2633 1334 2690 viri
1367 2657 1394 2684 »
1427 2635 1884 2703 contumacis,id
1919 2634 2080 2691 estin

431 2719 663 2793 gambis
692 2721 1013 2795 gracilibus
1043 2726 1100 2778 et
1119 2721 1414 2780 habilibus
1434 2725 1506 2780 ad
1536 2725 1682 2781 bene
1703 2723 2083 2780 calceandum

431 2807 654 2866 scilicet
699 2809 758 2866 in
807 2809 970 2866 cultu
1015 2813 1293 2884 corporis,
1327 2831 1455 2886 quae
1501 2831 1604 2886 per
1645 2831 1824 2870 unam
1856 2818 2083 2888 partem

429 2895 653 2955 scilicet
683 2915 786 2972 per
815 2917 985 2957 crura
1006 2901 1052 2957 si
1059 2901 1318 2974 gniﬁcat,
1349 2903 1819 2976 «beneplacitum
1841 2904 1949 2959 erit
1970 2904 2082 2960 ei.»

425 2985 558 3044 Alia
585 2987 896 3045 translatio
929 2989 1126 3059 habet,
1158 2991 1218 3046 in
1251 2992 1641 3050 tabernaculis
1669 2993 1814 3048 viri:
1840 3015 1868 3043 »
1893 2997 1950 3048 ct
1981 3008 2086 3064 per

430 3073 541 3131 hoc
571 3079 847 3133 notamus
877 3083 1198 3136 conventus
1228 3082 1638 3152 superborum.

501 3163 565 3218 In
607 3163 826 3220 talibus
885 3183 1003 3222 non
1053 3172 1142 3222 est
1189 3169 1625 3241 beneplacitum
1674 3171 1943 3242 Domino,
1978 3171 2081 3228 sed

2189 2266 2248 2321 id
2281 2271 2390 2336 est,
2424 2265 2556 2325 illos
2586 2269 2688 2342 qui
2727 2287 2832 2344 per
2858 2261 3090 2328 multos
3106 2289 3293 2329 annos
3343 2275 3513 2330 erant
3559 2273 3766 2348 frigidi
3794 2278 3844 2332 et

2189 2355 2461 2412 obdurati
2492 2357 2552 2414 in
2581 2359 2860 2431 peccatis,
2893 2359 3048 2416 sicut
3077 2359 3402 2418 buccellam
3418 2360 3610 2435 panis,
3636 2367 3703 2419 ut
3732 2363 3843 2420 sint

2190 2443 2321 2501 aliis
2351 2445 2585 2502 refectio
2607 2446 2976 2518 hominibus;
3010 2449 3114 2506 sed
3154 2472 3183 2500 «
3207 2453 3340 2507 ante
3371 2450 3580 2508 faciem
3611 2451 3840 2524 frigoris

2189 2535 2371 2605 ejus,»
2399 2534 2459 2590 id
2489 2540 2598 2606 est,
2631 2541 2764 2593 ante
2793 2535 2928 2594 illos
2961 2553 3106 2610 quos
3133 2537 3290 2596 Deus
3311 2539 3720 2613 juStojudicio
3741 2541 3839 2598 suo

2191 2622 2251 2676 in
2309 2624 2562 2696 peccatis
2611 2625 2880 2694 obdurat,
2916 2649 2945 2677 «
2978 2627 3113 2698 quis
3169 2627 3525 2685 sustinebit?
3557 2651 3586 2680 ››
3620 2628 3682 2687 id
3735 2634 3836 2699 est,

2191 2711 2326 2784 quis
2352 2714 2564 2784 poterit
2591 2715 2925 2786 persistere,
2949 2715 3094 2788 quin
3138 2716 3338 2774 statim
3369 2719 3700 2776 consentiat
3727 2719 3842 2776 eis?

2193 2801 2356 2858 Sicut
2375 2807 2509 2858 ante
2531 2803 2892 2860 Pharaonem
2933 2804 3161 2878 Moyses
3181 2805 3275 2862 vix
3309 2806 3501 2880 potuit
3535 2807 3840 2880 persistere

2193 2890 2383 2958 (Exod.
2414 2895 2538 2962 vn),
2569 2893 2710 2965 quia
2729 2895 2858 2967 ejus
2890 2911 2990 2952 cor
3017 2899 3143 2952 erat
3173 2894 3538 2953 induratum.

2261 2980 2494 3051 Nullus,
2517 2980 2782 3056 inquam,
2797 2985 3011 3056 poterit
3031 2984 3322 3042 sustinere
3345 2991 3482 3043 ante
3501 2986 3716 3043 faciem
3737 2987 3836 3044 fri-

2191 3069 2370 3142 goris,
2403 3071 2505 3126 sed
2532 3071 2686 3129 Deus
2717 3095 2745 3124 «
2779 3073 3004 3130 emittet
3049 3073 3294 3130 verbum
3335 3091 3534 3144 suum,
3564 3099 3593 3126 »
3645 3077 3841 3150 praedi-

2191 3157 2458 3227 cationis,
2499 3180 2522 3209 ι
2555 3165 2612 3217 et
2639 3183 2668 3212 ››
2701 3178 2805 3234 per
2842 3179 2972 3219 eam
3016 3186 3043 3214 «
3077 3162 3412 3236 liquefaciet
3460 3181 3549 3234 ea,
3591 3189 3616 3216 ι
3655 3167 3838 3223 nivem

429 3270 463 3301 κ
483 3249 914 3323 beneplacitum
945 3259 1035 3309 est
1056 3255 1300 3311 Domino
1334 3273 1512 3329 super
1541 3257 1817 3315 timentes
1847 3276 1981 3314 eum
2007 3276 2020 3314 :
2049 3281 2076 3310 »
2111 3257 2155 3325 C
2190 3247 2415 3304 εοίῙίοθῐ
2443 3253 2499 3306 0t
2529 3249 2888 3324 CPYSl-allum:
2923 3253 2980 3307 0t
3009 3249 3125 3308 alia
3173 3269 3301 3324 (1³⁸³
3352 3251 3635 3326 Ρνδθάίθῗντι
3685 3260 3837 3312 διπη-

431 3340 490 3392 et
518 3337 660 3410 quia
687 3337 899 3395 timent
928 3357 1085 3411 eum,
1105 3343 1234 3398 ideo
1263 3350 1496 3401 cessant
1527 3364 1562 3402 a
1592 3345 1814 3417 malo,«
1836 3352 1895 3403 et
1916 3348 1972 3402 in
1995 3349 2080 3404 eis

432 3423 534 3498 qui
562 3429 821 3500 sperant,
859 3450 881 3479 υ
917 3445 1034 3484 non
1064 3429 1124 3484 in
1155 3431 1402 3501 meritis,
1431 3435 1532 3490 sed
1574 3457 1602 3485 «
1633 3451 1810 3508 super
1851 3437 2078 3494 miseri-

427 3513 625 3574 cordia
655 3515 806 3590 ejus,
841 3540 870 3568 »
903 3522 959 3576 et
989 3518 1118 3577 ideo
1150 3520 1294 3578 bene
1327 3528 1661 3597 operantur.

870 3645 944 3703 IN
985 3645 1333 3704 PSALMUM
1373 3649 1632 3706 CXLVII.

665 3759 941 3817 Trruws.
975 3759 1214 3818 Alleluia
1240 3762 1430 3837 Aggwl
1452 3773 1507 3822 et
1530 3765 1836 3824 Zachariae.

495 3899 524 3928 ι(
541 3876 761 3944 Lauda,
776 3877 1138 3935 Hierusalem
1149 3879 1544 3948 ,Dominum.»
1559 3881 1876 3939 Eeclesiam
1897 3901 2076 3956 quam

421 3965 697 4036 superius
715 3967 971 4022 ostendit
992 3968 1062 4024 de
1084 3969 1448 4042 dispersione
1470 3971 1642 4028 istius
1673 3971 1868 4028 saeculi
1901 3991 1935 4029 a
1965 3973 2075 4030 Do-

431 4050 591 4106 mino
619 4054 1108 4126 congregari,jam
1131 4063 1566 4132 congregatam,
1589 4060 1725 4116 etin
1744 4060 2078 4119 caelestibus

421 4137 766 4196 collocatam
801 4147 1000 4198 monet
1027 4143 1087 4198 in
1122 4145 1313 4216 prima
1339 4151 1502 4219 parte
1535 4154 1716 4204 Deum
1746 4149 1985 4208 laudare
2006 4152 2078 4208 de

420 4229 590 4285 tanta
617 4244 760 4302 pace
789 4233 846 4286 et
875 4235 1040 4288 tanta
1069 4234 1403 4292 securitate.
1431 4237 1492 4292 In
1526 4239 1802 4310 secunda,
1822 4257 1949 4312 quas
1981 4241 2077 4298 in-

420 4315 566 4397 cipit
591 4333 606 4374 :
641 4339 670 4369 «
699 4317 807 4386 Qui
829 4320 1047 4377 emittit
1075 4321 1398 4394 eloquium,
1421 4348 1443 4378 ι
1481 4326 1738 4382 ostendit
1768 4328 1955 4386 multa
1977 4331 2075 4386 be-

420 4404 632 4464 neﬁcia
656 4424 784 4482 qua:
805 4408 962 4466 Deus
985 4409 1122 4467 fecit
1144 4410 1312 4468 nobis
1338 4412 1398 4468 in
1439 4411 1548 4470 hac
1583 4413 1726 4484 vita,
1747 4421 1812 4472 ut
1830 4433 1934 4488 per
1964 4417 2074 4476 hoc

418 4511 528 4554 nos
559 4512 799 4556 securos
832 4499 1036 4557 reddat
1066 4500 1138 4557 de
1191 4501 1506 4558 securitate
1553 4505 1786 4560 aeterna.
1821 4504 2076 4564 lntendit

417 4586 709 4655 autem,ut
739 4584 915 4642 etiam
948 4584 1009 4640 in
1040 4585 1442 4654 aliis,monere
1466 4607 1572 4646 nos
1597 4591 1668 4646 ad
1691 4590 1927 4650 laudem
1945 4595 2068 4652 Dei.

487 4671 650 4730 Unde
697 4671 840 4730 dicit
872 4691 886 4744 ;
927 4694 948 4724 ι
984 4675 1205 4744 Lauda,
1245 4677 1628 4748 Hierusalem,
1668 4681 2004 4754 Dominum,
2041 4707 2068 4737 υ

413 4775 541 4831 quae
563 4759 691 4831 jam
713 4776 776 4816 es
790 4761 983 4834 posita
1003 4762 1062 4818 in
1087 4763 1398 4822 securitate
1418 4770 1634 4824 aeterna
1656 4785 1669 4825 :
1697 4774 1754 4826 et
1774 4787 1806 4826 o
1825 4794 1852 4821 «
1869 4772 2068 4844 Sion,»

411 4863 540 4920 quae
561 4847 690 4921 jam
721 4849 1064 4922 specularis,
1081 4874 1108 4902 «
1133 4851 1311 4908 lauda
1331 4858 1512 4910 Deum
1541 4861 1768 4913 tuum.»
1787 4859 2066 4918 Eamdem

407 4939 578 4994 vocat
607 4937 748 4995 Sion
785 4941 842 4994 et
889 4939 1292 4996 Hierusalem:
1328 4943 1431 4998 sed
1482 4943 1620 5002 Sion
1667 4945 1726 5002 in
1775 4955 2066 5020 quantum

404 5024 664 5084 divinam
691 5025 1064 5100 praesentiam
1095 5031 1546 5104 contemplatur,
1590 5035 1954 5095 Hierusalem
2003 5041 2064 5096 in

409 5118 700 5187 quantum
731 5133 868 5173 cum
916 5121 1030 5174 Deo
1079 5123 1305 5192 regnat,
1338 5124 1395 5176 et
1440 5119 1501 5177 in
1541 5139 1682 5194 pace
1713 5129 1770 5180 et
1813 5125 1874 5182 in
1907 5133 2064 5185 tran-

416 5201 706 5274 quillitate
731 5209 1013 5279 perpetua
1044 5206 1387 5266 collocatur.

475 5290 605 5350 Ideo
635 5317 664 5344 «
696 5293 872 5351 lauda
903 5296 1182 5369 quoniam
1214 5299 1557 5357 confortavit
1577 5317 1739 5359 seras
1760 5308 2061 5376 portarum

405 5381 666 5453 tuarum,
696 5405 718 5434 ι»
745 5382 804 5438 id
836 5388 945 5458 est,
970 5389 1023 5441 te
1071 5385 1374 5444 collocavit
1404 5388 1463 5444 in
1495 5391 1824 5448 securitate.
1860 5393 2060 5452 Portas

406 5464 618 5526 dicitur
636 5470 851 5528 habere
873 5478 1118 5532 aeternas
1141 5476 1504 5534 Hierusalem
1525 5483 1764 5552 propter
1799 5482 2054 5553 aditum;

2190 3359 2219 3386 «
2243 3337 2497 3410 Spiritus
2523 3340 2652 3412 ejus
2671 3363 2700 3390 »
2729 3339 2951 3398 scilicet
2980 3339 3234 3413 Spiritus
3265 3346 3524 3412 sanctus,
3561 3367 3592 3395 «
3625 3344 3837 3401 ﬂabit»

2189 3442 2366 3497 super
2391 3443 2492 3484 eos
2519 3444 2533 3484 :
2575 3449 2598 3478 α
2630 3433 2687 3485 et
2719 3451 2747 3480 »
2779 3429 2960 3486 etiam
2993 3451 3023 3481 «
3053 3429 3237 3486 ﬂuent
3267 3447 3491 3504 aquai,»
3523 3433 3584 3490 id
3607 3439 3716 3504 est,
3739 3435 3834 3491 do-

2189 3515 2387 3570 ctrina:
2419 3516 2618 3574 multa:
2648 3517 2891 3576 exibunt
2921 3519 2992 3574 de
3041 3517 3256 3592 populo
3304 3519 3426 3576 illo.
3457 3519 3562 3578 Vel
3608 3522 3706 3580 hic
3749 3541 3835 3582 os-

2188 3603 2378 3660 tendit
2427 3607 2855 3678 auctoritatem,
2880 3607 3020 3681 quia
3048 3608 3204 3666 Deus
3251 3607 3443 3667 mittct
3487 3609 3750 3670 Verbum
3777 3612 3834 3668 in

2186 3690 2408 3762 Judaaa,
2444 3695 2584 3766 quia
2613 3694 2697 3753 sic
2728 3695 2841 3753 fuit
2869 3695 3350 3770 praanuntiatum.

2258 3782 2388 3855 Ipse
2416 3784 2644 3842 emittet
2664 3785 3012 3858 Spiritum,«
3034 3786 3134 3858 qui
3149 3805 3176 3840 υ
3205 3803 3308 3861 per
3325 3789 3708 3862 praesentiam
3726 3808 3836 3850 cor.

2185 3871 2344 3944 poris
2376 3895 2405 3924 ς(
2435 3874 2748 3932 annuntiat
2773 3875 3018 3932 verbum
3047 3893 3245 3946 suum,
3279 3898 3308 3929 »
3341 3876 3401 3933 id
3431 3883 3521 3936 est
3548 3878 3830 3952 praedica-

2185 3961 2404 4018 tionem
2435 3967 2493 4019 et
2519 3963 2847 4020 doctrinam
2877 3981 3068 4034 suam,
3089 3989 3116 4016 ‹‹
3139 3965 3372 4036 Jacob,-
3408 3966 3626 4041 populo
3647 3969 3754 4037 illi,
3780 3973 3836 4026 et

2185 4051 2496 4109 annuntiat
2507 4076 2534 4102 ‹‹
2551 4053 2874 4125 justitias,»
2894 4053 2954 4110 id
2977 4057 3386 4128 est,quomodo
3403 4053 3550 4114 fiant
3567 4058 3833 4116 homines

2176 4140 2325 4211 justi
2361 4163 2390 4192 (ι
2419 4145 2477 4198 et
2496 4141 2725 4213 judicia
2755 4159 2882 4213 sua,
2919 4166 2946 4196 ››
2983 4144 3042 4200 id
3092 4148 3202 4218 est,
3234 4147 3528 4218 quomodo
3577 4151 3830 4221 tempore

2184 4229 2384 4287 omnia
2411 4231 2654 4304 diponat
2687 4247 2840 4304 :quo
2883 4233 3110 4304 judicio
3137 4232 3306 4296 ,alios
3337 4233 3532 4309 elegit,
3567 4235 3714 4294 alios
3751 4252 3832 4292 ne-

2183 4319 2448 4390 probat,«
2465 4319 2642 4378 Israel
2659 4343 2680 4371 ιι
2704 4320 2921 4395 populo
2943 4320 3029 4378 illi
3050 4339 3154 4396 per
3168 4325 3540 4396 praesentiam
3553 4325 3826 4399 corporis.

2180 4405 2283 4464 Vel
2313 4410 2626 4466 annuntiat
2651 4409 2896 4468 verbum
2927 4427 3100 4468 suum
3133 4401 3238 4484 per
3267 4414 3560 4486 apostolus
3588 4415 3644 4472 et
3683 4413 3827 4470 alias

2181 4498 2591 4570 praedicatores
2623 4515 2637 4556 :
2671 4503 2728 4557 et
2749 4499 3020 4573 justitias
3051 4506 3108 4558 et
3131 4501 3359 4574 judicia
3404 4521 3515 4561 sua
3557 4503 3728 4562 Jacob
3765 4507 3828 4559 et

2181 4585 2380 4655 Israel,
2413 4587 2472 4644 id
2503 4593 2613 4658 est,
2646 4587 2764 4646 illis
2797 4590 2899 4662 qui
2929 4590 3153 4648 faciunt
3181 4608 3244 4650 se
3273 4589 3498 4650 similes
3534 4593 3723 4662 Jacob,
3758 4583 3822 4646 id

2179 4680 2270 4732 est
2297 4675 2614 4735 luctatores
2647 4695 2661 4734 :
2694 4682 2752 4735 et
2781 4679 2981 4752 Israel,
3013 4679 3072 4736 id
3117 4685 3208 4738 est
3252 4679 3392 4753 illis,
3425 4681 3525 4756 qui
3575 4683 3703 4739 sunt
3731 4678 3822 4734 vi-

2177 4765 2381 4822 dentes
2409 4765 2618 4824 Deum.

2248 4854 2377 4910 Haec
2433 4855 2570 4910 fecit
2622 4855 2822 4913 Jacob.
2852 4879 2875 4910 ι
2909 4857 3036 4914 Non
3064 4877 3091 4910 η
3121 4863 3319 4916 autem
3365 4879 3388 4909 ι
3441 4859 3576 4916 fecit
3631 4855 3824 4914 taliter

2175 4942 2337 4998 omni
2357 4943 2600 5018 nationi,
2632 4968 2660 4998 ››
2695 4945 2917 5004 scilicet
2950 4969 2980 4998 «
2999 4947 3228 5020 judicia
3257 4965 3369 5006 sua
3400 4967 3518 5006 non
3549 4945 3820 5005 manifes-

2175 5033 2319 5089 tavit
2348 5033 2453 5090 eis.
2489 5056 2518 5084 ››

2599 5160 2671 5218 ΙΝ
2711 5161 3060 5220 PSALMUM
3099 5163 3387 5221 CXLVIII.

2303 5318 2314 5328 .
2385 5276 2639 5334 Trruws
2675 5278 2952 5337 :Allelm'a
2983 5280 3190 5355 Aggwi
3215 5289 3267 5338 et
3291 5281 3623 5340 Zachartse"

2241 5416 2268 5442 ‹‹
2295 5393 2552 5449 Laudato
2573 5392 2891 5450 Dominum
2913 5395 2985 5452 de
3006 5394 3189 5452 cmlis.
3212 5419 3240 5448 »
3269 5396 3370 5453 [lic
3401 5397 3613 5454 iterum
3639 5391 3812 5450 habet

2167 5481 2453 5555 Propheta
2481 5483 2792 5540 materiam
2821 5483 3056 5541 laudem
3079 5485 3202 5542 Dei.
3235 5485 3446 5542 Modus
3480 5503 3493 5542 :
3526 5488 3591 5542 In
3625 5483 3810 5557 prima

403 5555 757 5654 qenfortatas
803 5561 1020 5618 dicitur
1058 5564 1274 5621 habere
1303 5582 1485 5636 seras,
1519 5567 1662 5638 quia
1691 5567 1890 5626 nullus
1925 5577 2058 5646 post
2161 5575 2326 5644 parte
2356 5575 2552 5628 monet
2581 5570 2844 5630 cmlestes
2874 5579 3171 5631 creaturas
3203 5574 3274 5630 ad
3319 5573 3555 5632 laudem
3595 5555 3708 5654 Dei.
3737 5567 3804 5624 lu

403 5642 560 5704 diem
582 5645 796 5718 judicii
824 5649 1042 5712 intrare
1067 5653 1281 5724 poterit
1308 5654 1369 5713 in
1399 5671 1550 5716 eam.
1575 5657 1768 5730 Seras,
1784 5642 2050 5737 inquam,
2163 5642 2440 5736 secunda,
2473 5679 2600 5733 quae
2631 5661 2836 5736 incipit
2865 5680 2878 5720 :
2912 5687 2939 5715 ‹‹
2965 5663 3223 5724 Laudate
3261 5663 3550 5722 Dominus
3587 5649 3656 5718 dc
3683 5661 3802 5716 ter-
