  <div class='ocr_page' id='page_1' title='image "/cluster/home/n/w/nwhite01/storage/ocr_20150623/116/hvd.32044054759808/350.png"; bbox 0 0 4060 6180; ppageno 0'>
   <div class='ocr_carea' id='block_1_1' title="bbox 306 301 427 367">
    <p class='ocr_par' dir='ltr' id='par_1_1' title="bbox 306 301 427 367">
     <span class='ocr_line' id='line_1_1' title="bbox 306 301 427 367; baseline -0.017 0"><span class='ocrx_word' id='word_1_1' title='bbox 306 301 427 367; x_wconf 83' lang='lat'><strong>689</strong></span> 
     </span>
    </p>
   </div>
   <div class='ocr_carea' id='block_1_2' title="bbox 1497 309 2538 379">
    <p class='ocr_par' dir='ltr' id='par_1_2' title="bbox 1497 309 2538 379">
     <span class='ocr_line' id='line_1_2' title="bbox 1497 309 2538 379; baseline 0.009 -9"><span class='ocrx_word' id='word_1_2' title='bbox 1497 309 1994 375; x_wconf 84' lang='lat' dir='ltr'><strong>EXPLANATIO</strong></span> <span class='ocrx_word' id='word_1_3' title='bbox 2036 313 2116 375; x_wconf 89' lang='lat' dir='ltr'><strong>IN</strong></span> <span class='ocrx_word' id='word_1_4' title='bbox 2161 315 2538 379; x_wconf 84' lang='lat' dir='ltr'><strong>PSALMOS.</strong></span> 
     </span>
    </p>
   </div>
   <div class='ocr_carea' id='block_1_3' title="bbox 3598 328 3718 429">
    <p class='ocr_par' dir='ltr' id='par_1_3' title="bbox 3598 328 3718 429">
     <span class='ocr_line' id='line_1_3' title="bbox 3598 328 3718 429; baseline 0 -38"><span class='ocrx_word' id='word_1_5' title='bbox 3598 328 3718 429; x_wconf 61' lang='lat'><strong>699</strong></span> 
     </span>
    </p>
   </div>
   <div class='ocr_carea' id='block_1_4' title="bbox 307 436 3719 531">
    <p class='ocr_par' dir='ltr' id='par_1_4' title="bbox 307 436 3719 531">
     <span class='ocr_line' id='line_1_4' title="bbox 307 436 3719 531; baseline 0.007 -38"><span class='ocrx_word' id='word_1_6' title='bbox 307 453 447 531; x_wconf 64' lang='lat' dir='ltr'><strong>ra,»</strong></span> <span class='ocrx_word' id='word_1_7' title='bbox 470 436 758 531; x_wconf 74' lang='lat' dir='ltr'><strong>admonet</strong></span> <span class='ocrx_word' id='word_1_8' title='bbox 776 438 1078 531; x_wconf 76' lang='lat' dir='ltr'><strong>terrestres</strong></span> <span class='ocrx_word' id='word_1_9' title='bbox 1111 442 1378 496; x_wconf 76' lang='lat' dir='ltr'><strong>creatura</strong></span> <span class='ocrx_word' id='word_1_10' title='bbox 1403 441 1474 497; x_wconf 90' lang='lat' dir='ltr'><strong>ad</strong></span> <span class='ocrx_word' id='word_1_11' title='bbox 1506 440 1741 499; x_wconf 87' lang='lat' dir='ltr'><strong>laudem</strong></span> <span class='ocrx_word' id='word_1_12' title='bbox 1772 442 2043 531; x_wconf 86' lang='lat' dir='ltr'><strong>ipsius</strong></span> <span class='ocrx_word' id='word_1_13' title='bbox 2071 445 2319 517; x_wconf 90' lang='lat' dir='ltr'><strong>minum,</strong></span> <span class='ocrx_word' id='word_1_14' title='bbox 2354 465 2456 522; x_wconf 91' lang='lat' dir='ltr'><strong>per</strong></span> <span class='ocrx_word' id='word_1_15' title='bbox 2485 467 2652 524; x_wconf 91' lang='lat' dir='ltr'><strong>quos,</strong></span> <span class='ocrx_word' id='word_1_16' title='bbox 2688 454 2752 509; x_wconf 91' lang='lat' dir='ltr'><strong>ut</strong></span> <span class='ocrx_word' id='word_1_17' title='bbox 2780 452 3068 525; x_wconf 85' lang='lat' dir='ltr'><strong>videmus,</strong></span> <span class='ocrx_word' id='word_1_18' title='bbox 3103 455 3258 513; x_wconf 87' lang='lat' dir='ltr'><strong>Deus</strong></span> <span class='ocrx_word' id='word_1_19' title='bbox 3303 455 3476 531; x_wconf 86' lang='lat' dir='ltr'><strong>punit</strong></span> <span class='ocrx_word' id='word_1_20' title='bbox 3516 456 3719 518; x_wconf 81' lang='lat' dir='ltr'><strong>hostes</strong></span> 
     </span>
    </p>
   </div>
   <div class='ocr_carea' id='block_1_5' title="bbox 304 525 2001 604">
    <p class='ocr_par' dir='ltr' id='par_1_5' title="bbox 304 525 2001 604">
     <span class='ocr_line' id='line_1_5' title="bbox 304 525 2001 604; baseline 0.004 -21"><span class='ocrx_word' id='word_1_21' title='bbox 304 526 563 599; x_wconf 68' lang='lat' dir='ltr'><strong>Dei,qum</strong></span> <span class='ocrx_word' id='word_1_22' title='bbox 584 525 712 582; x_wconf 90' lang='lat' dir='ltr'><strong>laus</strong></span> <span class='ocrx_word' id='word_1_23' title='bbox 744 526 803 582; x_wconf 90' lang='lat' dir='ltr'><strong>in</strong></span> <span class='ocrx_word' id='word_1_24' title='bbox 834 527 950 584; x_wconf 87' lang='lat' dir='ltr'><strong>alia</strong></span> <span class='ocrx_word' id='word_1_25' title='bbox 974 529 1093 585; x_wconf 90' lang='lat' dir='ltr'><strong>vita</strong></span> <span class='ocrx_word' id='word_1_26' title='bbox 1123 529 1354 601; x_wconf 86' lang='lat' dir='ltr'><strong>plenius</strong></span> <span class='ocrx_word' id='word_1_27' title='bbox 1386 534 1442 587; x_wconf 89' lang='lat' dir='ltr'><strong>et</strong></span> <span class='ocrx_word' id='word_1_28' title='bbox 1471 532 1784 604; x_wconf 78' lang='lat' dir='ltr'><strong>perfectius</strong></span> <span class='ocrx_word' id='word_1_29' title='bbox 1815 533 1915 589; x_wconf 82' lang='lat' dir='ltr'><strong>ﬁet</strong></span> <span class='ocrx_word' id='word_1_30' title='bbox 1937 550 1951 591; x_wconf 92' lang='lat'><strong>:</strong></span> 
     </span>
    </p>
   </div>
   <div class='ocr_carea' id='block_1_6' title="bbox 304 615 1949 692">
    <p class='ocr_par' dir='ltr' id='par_1_6' title="bbox 304 615 1949 692">
     <span class='ocr_line' id='line_1_6' title="bbox 304 615 1949 692; baseline 0.004 -20"><span class='ocrx_word' id='word_1_31' title='bbox 304 620 363 672; x_wconf 91' lang='lat' dir='ltr'><strong>et</strong></span> <span class='ocrx_word' id='word_1_32' title='bbox 390 632 594 672; x_wconf 89' lang='lat' dir='ltr'><strong>omnes</strong></span> <span class='ocrx_word' id='word_1_33' title='bbox 610 616 683 671; x_wconf 90' lang='lat' dir='ltr'><strong>ad</strong></span> <span class='ocrx_word' id='word_1_34' title='bbox 700 615 936 673; x_wconf 92' lang='lat' dir='ltr'><strong>laudem</strong></span> <span class='ocrx_word' id='word_1_35' title='bbox 954 616 1196 674; x_wconf 80' lang='lat' dir='ltr'><strong>invitare</strong></span> <span class='ocrx_word' id='word_1_36' title='bbox 1211 623 1300 675; x_wconf 89' lang='lat' dir='ltr'><strong>est</strong></span> <span class='ocrx_word' id='word_1_37' title='bbox 1317 637 1424 675; x_wconf 90' lang='lat' dir='ltr'><strong>sua</strong></span> <span class='ocrx_word' id='word_1_38' title='bbox 1440 619 1913 692; x_wconf 88' lang='lat' dir='ltr'><strong>intentio,dicens</strong></span> <span class='ocrx_word' id='word_1_39' title='bbox 1936 640 1949 679; x_wconf 91' lang='lat'><strong>:</strong></span> 
     </span>
    </p>
   </div>
   <div class='ocr_carea' id='block_1_7' title="bbox 373 706 1954 779">
    <p class='ocr_par' dir='ltr' id='par_1_7' title="bbox 373 706 1954 779">
     <span class='ocr_line' id='line_1_7' title="bbox 373 706 1954 779; baseline 0.006 -20"><span class='ocrx_word' id='word_1_40' title='bbox 373 706 491 763; x_wconf 89' lang='lat' dir='ltr'><strong>Vos</strong></span> <span class='ocrx_word' id='word_1_41' title='bbox 520 709 818 774; x_wconf 86' lang='lat' dir='ltr'><strong>creaturae,</strong></span> <span class='ocrx_word' id='word_1_42' title='bbox 851 727 880 755; x_wconf 88' lang='lat'><strong>«</strong></span> <span class='ocrx_word' id='word_1_43' title='bbox 910 707 983 762; x_wconf 87' lang='lat' dir='ltr'><strong>de</strong></span> <span class='ocrx_word' id='word_1_44' title='bbox 1012 706 1197 779; x_wconf 87' lang='lat' dir='ltr'><strong>caelis,</strong></span> <span class='ocrx_word' id='word_1_45' title='bbox 1234 706 1352 764; x_wconf 77' lang='lat' dir='ltr'><strong>n&#39;id</strong></span> <span class='ocrx_word' id='word_1_46' title='bbox 1386 712 1474 764; x_wconf 90' lang='lat' dir='ltr'><strong>est</strong></span> <span class='ocrx_word' id='word_1_47' title='bbox 1503 708 1768 767; x_wconf 82' lang='lat' dir='ltr'><strong>ccelestes</strong></span> <span class='ocrx_word' id='word_1_48' title='bbox 1799 728 1954 768; x_wconf 88' lang='lat' dir='ltr'><strong>crea-</strong></span> 
     </span>
    </p>
   </div>
   <div class='ocr_carea' id='block_1_8' title="bbox 304 794 1951 863">
    <p class='ocr_par' dir='ltr' id='par_1_8' title="bbox 304 794 1951 863">
     <span class='ocr_line' id='line_1_8' title="bbox 304 794 1951 863; baseline 0.004 -12"><span class='ocrx_word' id='word_1_49' title='bbox 304 799 471 863; x_wconf 82' lang='lat' dir='ltr'><strong>turae,</strong></span> <span class='ocrx_word' id='word_1_50' title='bbox 503 818 533 846; x_wconf 87' lang='lat'><strong>«</strong></span> <span class='ocrx_word' id='word_1_51' title='bbox 565 794 799 851; x_wconf 75' lang='lat' dir='ltr'><strong>laudate</strong></span> <span class='ocrx_word' id='word_1_52' title='bbox 847 795 1163 852; x_wconf 91' lang='lat' dir='ltr'><strong>Dominum</strong></span> <span class='ocrx_word' id='word_1_53' title='bbox 1198 814 1211 852; x_wconf 92' lang='lat'><strong>:</strong></span> <span class='ocrx_word' id='word_1_54' title='bbox 1251 820 1272 847; x_wconf 74' lang='grc' dir='ltr'><strong>υ</strong></span> <span class='ocrx_word' id='word_1_55' title='bbox 1309 801 1511 854; x_wconf 88' lang='lat' dir='ltr'><strong>etnon</strong></span> <span class='ocrx_word' id='word_1_56' title='bbox 1562 803 1794 856; x_wconf 90' lang='lat' dir='ltr'><strong>tantum</strong></span> <span class='ocrx_word' id='word_1_57' title='bbox 1848 819 1951 858; x_wconf 87' lang='lat' dir='ltr'><strong>vos</strong></span> 
     </span>
    </p>
   </div>
   <div class='ocr_carea' id='block_1_9' title="bbox 300 884 1947 962">
    <p class='ocr_par' dir='ltr' id='par_1_9' title="bbox 300 884 1947 962">
     <span class='ocr_line' id='line_1_9' title="bbox 300 884 1947 962; baseline 0.002 -21"><span class='ocrx_word' id='word_1_58' title='bbox 300 884 627 954; x_wconf 88' lang='lat' dir='ltr'><strong>inferiores,</strong></span> <span class='ocrx_word' id='word_1_59' title='bbox 659 884 761 940; x_wconf 91' lang='lat' dir='ltr'><strong>sed</strong></span> <span class='ocrx_word' id='word_1_60' title='bbox 792 884 969 941; x_wconf 88' lang='lat' dir='ltr'><strong>etiam</strong></span> <span class='ocrx_word' id='word_1_61' title='bbox 997 902 1101 942; x_wconf 92' lang='lat' dir='ltr'><strong>vos</strong></span> <span class='ocrx_word' id='word_1_62' title='bbox 1148 887 1248 961; x_wconf 89' lang='lat' dir='ltr'><strong>qui</strong></span> <span class='ocrx_word' id='word_1_63' title='bbox 1297 888 1440 943; x_wconf 80' lang='lat' dir='ltr'><strong>estis</strong></span> <span class='ocrx_word' id='word_1_64' title='bbox 1476 911 1497 937; x_wconf 77' lang='lat' dir='ltr'><strong>a</strong></span> <span class='ocrx_word' id='word_1_65' title='bbox 1534 888 1593 943; x_wconf 89' lang='lat' dir='ltr'><strong>in</strong></span> <span class='ocrx_word' id='word_1_66' title='bbox 1625 888 1890 962; x_wconf 77' lang='lat' dir='ltr'><strong>excelsis,</strong></span> <span class='ocrx_word' id='word_1_67' title='bbox 1921 914 1947 941; x_wconf 83' lang='lat'><strong>»</strong></span> 
     </span>
    </p>
   </div>
   <div class='ocr_carea' id='block_1_10' title="bbox 296 973 1947 1048">
    <p class='ocr_par' dir='ltr' id='par_1_10' title="bbox 296 973 1947 1048">
     <span class='ocr_line' id='line_1_10' title="bbox 296 973 1947 1048; baseline 0.003 -18"><span class='ocrx_word' id='word_1_68' title='bbox 296 975 358 1030; x_wconf 89' lang='lat' dir='ltr'><strong>id</strong></span> <span class='ocrx_word' id='word_1_69' title='bbox 391 978 481 1031; x_wconf 89' lang='lat' dir='ltr'><strong>est</strong></span> <span class='ocrx_word' id='word_1_70' title='bbox 510 973 814 1030; x_wconf 86' lang='lat' dir='ltr'><strong>cherubim</strong></span> <span class='ocrx_word' id='word_1_71' title='bbox 844 978 901 1030; x_wconf 90' lang='lat' dir='ltr'><strong>et</strong></span> <span class='ocrx_word' id='word_1_72' title='bbox 922 975 1243 1048; x_wconf 89' lang='lat' dir='ltr'><strong>seraphim,</strong></span> <span class='ocrx_word' id='word_1_73' title='bbox 1266 999 1293 1026; x_wconf 85' lang='lat'><strong>«</strong></span> <span class='ocrx_word' id='word_1_74' title='bbox 1318 975 1554 1032; x_wconf 87' lang='lat' dir='ltr'><strong>laudate</strong></span> <span class='ocrx_word' id='word_1_75' title='bbox 1576 995 1710 1033; x_wconf 91' lang='lat' dir='ltr'><strong>eum</strong></span> <span class='ocrx_word' id='word_1_76' title='bbox 1741 996 1752 1034; x_wconf 94' lang='lat'>:</span> <span class='ocrx_word' id='word_1_77' title='bbox 1782 998 1947 1035; x_wconf 83' lang='grc'>»11011</span> 
     </span>
    </p>
   </div>
   <div class='ocr_carea' id='block_1_11' title="bbox 294 1063 1947 1140">
    <p class='ocr_par' dir='ltr' id='par_1_11' title="bbox 294 1063 1947 1140">
     <span class='ocr_line' id='line_1_11' title="bbox 294 1063 1947 1140; baseline 0.002 -19"><span class='ocrx_word' id='word_1_78' title='bbox 294 1066 432 1121; x_wconf 82' lang='grc'>1(100</span> <span class='ocrx_word' id='word_1_79' title='bbox 459 1063 669 1120; x_wconf 82' lang='lat' dir='ltr'><strong>invitat</strong></span> <span class='ocrx_word' id='word_1_80' title='bbox 700 1063 941 1137; x_wconf 83' lang='lat' dir='ltr'><strong>angelos</strong></span> <span class='ocrx_word' id='word_1_81' title='bbox 970 1065 1043 1120; x_wconf 89' lang='lat' dir='ltr'><strong>ad</strong></span> <span class='ocrx_word' id='word_1_82' title='bbox 1092 1063 1326 1120; x_wconf 89' lang='lat' dir='ltr'><strong>laudem</strong></span> <span class='ocrx_word' id='word_1_83' title='bbox 1375 1066 1496 1134; x_wconf 90' lang='lat' dir='ltr'><strong>Dei,</strong></span> <span class='ocrx_word' id='word_1_84' title='bbox 1528 1071 1595 1121; x_wconf 88' lang='lat' dir='ltr'><strong>ut</strong></span> <span class='ocrx_word' id='word_1_85' title='bbox 1634 1066 1947 1140; x_wconf 83' lang='lat' dir='ltr'><strong>aliquando</strong></span> 
     </span>
    </p>
   </div>
   <div class='ocr_carea' id='block_1_12' title="bbox 293 1152 1950 1228">
    <p class='ocr_par' dir='ltr' id='par_1_12' title="bbox 293 1152 1950 1228">
     <span class='ocr_line' id='line_1_12' title="bbox 293 1152 1950 1228; baseline 0.001 -15"><span class='ocrx_word' id='word_1_86' title='bbox 293 1158 551 1223; x_wconf 87' lang='lat' dir='ltr'><strong>cessent,</strong></span> <span class='ocrx_word' id='word_1_87' title='bbox 582 1152 671 1209; x_wconf 87' lang='lat' dir='ltr'><strong>vel</strong></span> <span class='ocrx_word' id='word_1_88' title='bbox 705 1170 772 1209; x_wconf 93' lang='lat' dir='ltr'><strong>eo</strong></span> <span class='ocrx_word' id='word_1_89' title='bbox 803 1157 1079 1209; x_wconf 92' lang='lat' dir='ltr'><strong>monente</strong></span> <span class='ocrx_word' id='word_1_90' title='bbox 1108 1154 1298 1228; x_wconf 90' lang='lat' dir='ltr'><strong>magis</strong></span> <span class='ocrx_word' id='word_1_91' title='bbox 1328 1154 1589 1222; x_wconf 88' lang='lat' dir='ltr'><strong>laudent,</strong></span> <span class='ocrx_word' id='word_1_92' title='bbox 1614 1158 1713 1211; x_wconf 90' lang='lat' dir='ltr'><strong>sed</strong></span> <span class='ocrx_word' id='word_1_93' title='bbox 1747 1158 1830 1213; x_wconf 91' lang='lat' dir='ltr'><strong>sic</strong></span> <span class='ocrx_word' id='word_1_94' title='bbox 1853 1160 1950 1215; x_wconf 90' lang='lat' dir='ltr'><strong>ad-</strong></span> 
     </span>
    </p>
   </div>
   <div class='ocr_carea' id='block_1_13' title="bbox 290 1242 1947 1318">
    <p class='ocr_par' dir='ltr' id='par_1_13' title="bbox 290 1242 1947 1318">
     <span class='ocr_line' id='line_1_13' title="bbox 290 1242 1947 1318; baseline 0 -17"><span class='ocrx_word' id='word_1_95' title='bbox 290 1243 611 1309; x_wconf 88' lang='lat' dir='ltr'><strong>monendo,</strong></span> <span class='ocrx_word' id='word_1_96' title='bbox 643 1242 901 1298; x_wconf 84' lang='lat' dir='ltr'><strong>ostendit</strong></span> <span class='ocrx_word' id='word_1_97' title='bbox 929 1243 1202 1299; x_wconf 82' lang='lat' dir='ltr'><strong>aifectum</strong></span> <span class='ocrx_word' id='word_1_98' title='bbox 1236 1260 1410 1299; x_wconf 90' lang='lat' dir='ltr'><strong>suum</strong></span> <span class='ocrx_word' id='word_1_99' title='bbox 1443 1244 1666 1301; x_wconf 90' lang='lat' dir='ltr'><strong>scilicet</strong></span> <span class='ocrx_word' id='word_1_100' title='bbox 1697 1248 1851 1318; x_wconf 88' lang='lat' dir='ltr'><strong>quod</strong></span> <span class='ocrx_word' id='word_1_101' title='bbox 1876 1247 1947 1303; x_wconf 88' lang='lat' dir='ltr'><strong>si-</strong></span> 
     </span>
    </p>
   </div>
   <div class='ocr_carea' id='block_1_14' title="bbox 287 1331 1115 1407">
    <p class='ocr_par' dir='ltr' id='par_1_14' title="bbox 287 1331 1115 1407">
     <span class='ocr_line' id='line_1_14' title="bbox 287 1331 1115 1407; baseline -0.005 -17"><span class='ocrx_word' id='word_1_102' title='bbox 287 1335 351 1390; x_wconf 88' lang='lat' dir='ltr'><strong>bi</strong></span> <span class='ocrx_word' id='word_1_103' title='bbox 379 1336 547 1407; x_wconf 89' lang='lat' dir='ltr'><strong>grata</strong></span> <span class='ocrx_word' id='word_1_104' title='bbox 574 1336 664 1389; x_wconf 89' lang='lat' dir='ltr'><strong>est</strong></span> <span class='ocrx_word' id='word_1_105' title='bbox 690 1331 821 1388; x_wconf 89' lang='lat' dir='ltr'><strong>laus</strong></span> <span class='ocrx_word' id='word_1_106' title='bbox 849 1349 1072 1388; x_wconf 90' lang='lat' dir='ltr'><strong>eorum.</strong></span> <span class='ocrx_word' id='word_1_107' title='bbox 1102 1348 1115 1357; x_wconf 62' lang='grc' dir='ltr'><strong><em>ν</em></strong></span> 
     </span>
    </p>
   </div>
   <div class='ocr_carea' id='block_1_15' title="bbox 367 1422 1944 1495">
    <p class='ocr_par' dir='ltr' id='par_1_15' title="bbox 367 1422 1944 1495">
     <span class='ocr_line' id='line_1_15' title="bbox 367 1422 1944 1495; baseline 0.001 -16"><span class='ocrx_word' id='word_1_108' title='bbox 367 1447 397 1474; x_wconf 88' lang='grc'><strong>‹‹</strong></span> <span class='ocrx_word' id='word_1_109' title='bbox 433 1422 689 1479; x_wconf 82' lang='lat' dir='ltr'><strong>Laudato</strong></span> <span class='ocrx_word' id='word_1_110' title='bbox 717 1438 874 1490; x_wconf 90' lang='lat' dir='ltr'><strong>eum,</strong></span> <span class='ocrx_word' id='word_1_111' title='bbox 907 1438 1110 1478; x_wconf 92' lang='lat' dir='ltr'><strong>omnes</strong></span> <span class='ocrx_word' id='word_1_112' title='bbox 1139 1422 1329 1495; x_wconf 85' lang='lat' dir='ltr'><strong>angeli</strong></span> <span class='ocrx_word' id='word_1_113' title='bbox 1376 1424 1526 1495; x_wconf 89' lang='lat' dir='ltr'><strong>ejus,</strong></span> <span class='ocrx_word' id='word_1_114' title='bbox 1562 1446 1588 1472; x_wconf 79' lang='grc' dir='ltr'><strong>ι)</strong></span> <span class='ocrx_word' id='word_1_115' title='bbox 1622 1424 1677 1479; x_wconf 88' lang='lat' dir='ltr'><strong>id</strong></span> <span class='ocrx_word' id='word_1_116' title='bbox 1710 1429 1819 1493; x_wconf 85' lang='lat' dir='ltr'><strong>est,</strong></span> <span class='ocrx_word' id='word_1_117' title='bbox 1844 1444 1944 1481; x_wconf 89' lang='lat' dir='ltr'><strong>vos</strong></span> 
     </span>
    </p>
   </div>
   <div class='ocr_carea' id='block_1_16' title="bbox 285 1510 1940 1586">
    <p class='ocr_par' dir='ltr' id='par_1_16' title="bbox 285 1510 1940 1586">
     <span class='ocr_line' id='line_1_16' title="bbox 285 1510 1940 1586; baseline 0 -16"><span class='ocrx_word' id='word_1_118' title='bbox 285 1530 445 1586; x_wconf 90' lang='lat' dir='ltr'><strong>quos</strong></span> <span class='ocrx_word' id='word_1_119' title='bbox 473 1512 600 1586; x_wconf 90' lang='lat' dir='ltr'><strong>ipse</strong></span> <span class='ocrx_word' id='word_1_120' title='bbox 626 1510 811 1567; x_wconf 85' lang='lat' dir='ltr'><strong>mittit</strong></span> <span class='ocrx_word' id='word_1_121' title='bbox 839 1511 911 1567; x_wconf 89' lang='lat' dir='ltr'><strong>ad</strong></span> <span class='ocrx_word' id='word_1_122' title='bbox 943 1510 1293 1585; x_wconf 84' lang='lat' dir='ltr'><strong>legationem</strong></span> <span class='ocrx_word' id='word_1_123' title='bbox 1328 1530 1495 1568; x_wconf 88' lang='lat' dir='ltr'><strong>suam</strong></span> <span class='ocrx_word' id='word_1_124' title='bbox 1519 1513 1579 1568; x_wconf 91' lang='lat' dir='ltr'><strong>in</strong></span> <span class='ocrx_word' id='word_1_125' title='bbox 1612 1515 1899 1570; x_wconf 90' lang='lat' dir='ltr'><strong>mundum</strong></span> <span class='ocrx_word' id='word_1_126' title='bbox 1927 1533 1940 1571; x_wconf 86' lang='lat'><strong>:</strong></span> 
     </span>
    </p>
   </div>
   <div class='ocr_carea' id='block_1_17' title="bbox 277 1601 1943 1676">
    <p class='ocr_par' dir='ltr' id='par_1_17' title="bbox 277 1601 1943 1676">
     <span class='ocr_line' id='line_1_17' title="bbox 277 1601 1943 1676; baseline 0.001 -17"><span class='ocrx_word' id='word_1_127' title='bbox 277 1608 342 1659; x_wconf 87' lang='lat' dir='ltr'><strong>et</strong></span> <span class='ocrx_word' id='word_1_128' title='bbox 374 1619 477 1659; x_wconf 90' lang='lat' dir='ltr'><strong>vos</strong></span> <span class='ocrx_word' id='word_1_129' title='bbox 513 1625 534 1650; x_wconf 83' lang='grc' dir='ltr'>ιι</span> <span class='ocrx_word' id='word_1_130' title='bbox 570 1617 775 1658; x_wconf 84' lang='grc'>01111108</span> <span class='ocrx_word' id='word_1_131' title='bbox 803 1601 1051 1657; x_wconf 84' lang='lat' dir='ltr'><strong>virtutes</strong></span> <span class='ocrx_word' id='word_1_132' title='bbox 1081 1602 1231 1673; x_wconf 85' lang='lat' dir='ltr'><strong>ejus,</strong></span> <span class='ocrx_word' id='word_1_133' title='bbox 1270 1624 1296 1650; x_wconf 86' lang='lat'>»</span> <span class='ocrx_word' id='word_1_134' title='bbox 1329 1601 1572 1671; x_wconf 88' lang='lat' dir='ltr'><strong>scilicet,</strong></span> <span class='ocrx_word' id='word_1_135' title='bbox 1603 1604 1703 1676; x_wconf 89' lang='lat' dir='ltr'><strong>qui</strong></span> <span class='ocrx_word' id='word_1_136' title='bbox 1751 1605 1943 1661; x_wconf 89' lang='lat' dir='ltr'><strong>nuntii</strong></span> 
     </span>
    </p>
   </div>
   <div class='ocr_carea' id='block_1_18' title="bbox 280 1690 1178 1758">
    <p class='ocr_par' dir='ltr' id='par_1_18' title="bbox 280 1690 1178 1758">
     <span class='ocr_line' id='line_1_18' title="bbox 280 1690 1178 1758; baseline -0.006 -10"><span class='ocrx_word' id='word_1_137' title='bbox 280 1709 403 1748; x_wconf 89' lang='lat' dir='ltr'><strong>non</strong></span> <span class='ocrx_word' id='word_1_138' title='bbox 435 1691 600 1758; x_wconf 89' lang='lat' dir='ltr'><strong>estis,</strong></span> <span class='ocrx_word' id='word_1_139' title='bbox 639 1712 666 1740; x_wconf 84' lang='grc'><strong>‹‹</strong></span> <span class='ocrx_word' id='word_1_140' title='bbox 698 1690 933 1746; x_wconf 87' lang='lat' dir='ltr'><strong>laudate</strong></span> <span class='ocrx_word' id='word_1_141' title='bbox 959 1706 1115 1746; x_wconf 90' lang='lat' dir='ltr'><strong>eum.</strong></span> <span class='ocrx_word' id='word_1_142' title='bbox 1149 1712 1178 1741; x_wconf 69' lang='grc' dir='ltr'>υ</span> 
     </span>
    </p>
   </div>
   <div class='ocr_carea' id='block_1_19' title="bbox 361 1778 1940 1853">
    <p class='ocr_par' dir='ltr' id='par_1_19' title="bbox 361 1778 1940 1853">
     <span class='ocr_line' id='line_1_19' title="bbox 361 1778 1940 1853; baseline 0.003 -19"><span class='ocrx_word' id='word_1_143' title='bbox 361 1804 390 1834; x_wconf 84' lang='grc'><em>‹‹</em></span> <span class='ocrx_word' id='word_1_144' title='bbox 421 1781 682 1837; x_wconf 90' lang='lat' dir='ltr'><strong>Laudate</strong></span> <span class='ocrx_word' id='word_1_145' title='bbox 711 1795 868 1847; x_wconf 90' lang='lat' dir='ltr'><strong>eum,</strong></span> <span class='ocrx_word' id='word_1_146' title='bbox 902 1778 988 1836; x_wconf 91' lang='lat' dir='ltr'><strong>sol</strong></span> <span class='ocrx_word' id='word_1_147' title='bbox 1021 1782 1078 1835; x_wconf 91' lang='lat' dir='ltr'><strong>et</strong></span> <span class='ocrx_word' id='word_1_148' title='bbox 1100 1779 1271 1853; x_wconf 89' lang='lat' dir='ltr'><strong>luna,</strong></span> <span class='ocrx_word' id='word_1_149' title='bbox 1304 1780 1539 1836; x_wconf 86' lang='lat' dir='ltr'><strong>laudate</strong></span> <span class='ocrx_word' id='word_1_150' title='bbox 1569 1798 1703 1837; x_wconf 90' lang='lat' dir='ltr'><strong>eum</strong></span> <span class='ocrx_word' id='word_1_151' title='bbox 1736 1798 1940 1839; x_wconf 88' lang='lat' dir='ltr'><strong>omnes</strong></span> 
     </span>
    </p>
   </div>
   <div class='ocr_carea' id='block_1_20' title="bbox 273 1867 1937 1943">
    <p class='ocr_par' dir='ltr' id='par_1_20' title="bbox 273 1867 1937 1943">
     <span class='ocr_line' id='line_1_20' title="bbox 273 1867 1937 1943; baseline 0 -16"><span class='ocrx_word' id='word_1_152' title='bbox 273 1870 485 1939; x_wconf 76' lang='lat' dir='ltr'><strong>stellae,</strong></span> <span class='ocrx_word' id='word_1_153' title='bbox 512 1874 621 1926; x_wconf 84' lang='lat' dir='ltr'><strong>et»</strong></span> <span class='ocrx_word' id='word_1_154' title='bbox 643 1869 786 1942; x_wconf 90' lang='lat' dir='ltr'><strong>quid</strong></span> <span class='ocrx_word' id='word_1_155' title='bbox 818 1885 923 1941; x_wconf 90' lang='lat' dir='ltr'><strong>per</strong></span> <span class='ocrx_word' id='word_1_156' title='bbox 953 1867 1232 1943; x_wconf 88' lang='lat' dir='ltr'><strong>singula?</strong></span> <span class='ocrx_word' id='word_1_157' title='bbox 1263 1870 1603 1926; x_wconf 89' lang='lat' dir='ltr'><strong>universum</strong></span> <span class='ocrx_word' id='word_1_158' title='bbox 1627 1894 1655 1921; x_wconf 88' lang='grc'><strong>‹‹</strong></span> <span class='ocrx_word' id='word_1_159' title='bbox 1680 1870 1881 1927; x_wconf 89' lang='lat' dir='ltr'><strong>lumen</strong></span> <span class='ocrx_word' id='word_1_160' title='bbox 1907 1896 1937 1921; x_wconf 71' lang='grc' dir='ltr'>η</span> 
     </span>
    </p>
   </div>
   <div class='ocr_carea' id='block_1_21' title="bbox 267 1956 1930 2031">
    <p class='ocr_par' dir='ltr' id='par_1_21' title="bbox 267 1956 1930 2031">
     <span class='ocr_line' id='line_1_21' title="bbox 267 1956 1930 2031; baseline 0 -15"><span class='ocrx_word' id='word_1_161' title='bbox 267 1960 483 2016; x_wconf 85' lang='lat' dir='ltr'><strong>laudet</strong></span> <span class='ocrx_word' id='word_1_162' title='bbox 500 1975 657 2015; x_wconf 90' lang='lat' dir='ltr'><strong>eum.</strong></span> <span class='ocrx_word' id='word_1_163' title='bbox 682 1958 741 2014; x_wconf 92' lang='lat' dir='ltr'><strong>Si</strong></span> <span class='ocrx_word' id='word_1_164' title='bbox 765 1956 852 2016; x_wconf 90' lang='lat' dir='ltr'><strong>sol</strong></span> <span class='ocrx_word' id='word_1_165' title='bbox 883 1957 1114 2014; x_wconf 91' lang='lat' dir='ltr'><strong>dicatur</strong></span> <span class='ocrx_word' id='word_1_166' title='bbox 1143 1959 1359 2015; x_wconf 89' lang='lat' dir='ltr'><strong>habere</strong></span> <span class='ocrx_word' id='word_1_167' title='bbox 1390 1958 1749 2031; x_wconf 89' lang='lat' dir='ltr'><strong>spiritum,et</strong></span> <span class='ocrx_word' id='word_1_168' title='bbox 1770 1960 1930 2029; x_wconf 90' lang='lat' dir='ltr'><strong>luna,</strong></span> 
     </span>
    </p>
   </div>
   <div class='ocr_carea' id='block_1_22' title="bbox 263 2046 1932 2120">
    <p class='ocr_par' dir='ltr' id='par_1_22' title="bbox 263 2046 1932 2120">
     <span class='ocr_line' id='line_1_22' title="bbox 263 2046 1932 2120; baseline -0.002 -14"><span class='ocrx_word' id='word_1_169' title='bbox 263 2053 326 2106; x_wconf 89' lang='lat' dir='ltr'><strong>et</strong></span> <span class='ocrx_word' id='word_1_170' title='bbox 362 2053 585 2105; x_wconf 74' lang='lat' dir='ltr'><strong>caeteras</strong></span> <span class='ocrx_word' id='word_1_171' title='bbox 615 2046 817 2113; x_wconf 79' lang='lat' dir='ltr'><strong>stellae,</strong></span> <span class='ocrx_word' id='word_1_172' title='bbox 849 2063 952 2120; x_wconf 92' lang='lat' dir='ltr'><strong>per</strong></span> <span class='ocrx_word' id='word_1_173' title='bbox 981 2063 1044 2103; x_wconf 91' lang='lat' dir='ltr'><strong>se</strong></span> <span class='ocrx_word' id='word_1_174' title='bbox 1076 2051 1329 2119; x_wconf 91' lang='lat' dir='ltr'><strong>possunt</strong></span> <span class='ocrx_word' id='word_1_175' title='bbox 1354 2048 1538 2103; x_wconf 90' lang='lat' dir='ltr'><strong>Deum</strong></span> <span class='ocrx_word' id='word_1_176' title='bbox 1570 2047 1845 2104; x_wconf 89' lang='lat' dir='ltr'><strong>laudare:</strong></span> <span class='ocrx_word' id='word_1_177' title='bbox 1883 2049 1932 2105; x_wconf 89' lang='lat' dir='ltr'><strong>si</strong></span> 
     </span>
    </p>
   </div>
   <div class='ocr_carea' id='block_1_23' title="bbox 262 2135 1931 2210">
    <p class='ocr_par' dir='ltr' id='par_1_23' title="bbox 262 2135 1931 2210">
     <span class='ocr_line' id='line_1_23' title="bbox 262 2135 1931 2210; baseline -0.001 -15"><span class='ocrx_word' id='word_1_178' title='bbox 262 2155 416 2206; x_wconf 84' lang='lat' dir='ltr'><strong>non,</strong></span> <span class='ocrx_word' id='word_1_179' title='bbox 448 2138 597 2193; x_wconf 86' lang='lat' dir='ltr'><strong>bene</strong></span> <span class='ocrx_word' id='word_1_180' title='bbox 626 2140 683 2192; x_wconf 91' lang='lat' dir='ltr'><strong>te</strong></span> <span class='ocrx_word' id='word_1_181' title='bbox 713 2135 980 2202; x_wconf 88' lang='lat' dir='ltr'><strong>laudant,</strong></span> <span class='ocrx_word' id='word_1_182' title='bbox 1013 2136 1153 2208; x_wconf 87' lang='lat' dir='ltr'><strong>quia</strong></span> <span class='ocrx_word' id='word_1_183' title='bbox 1193 2139 1333 2192; x_wconf 90' lang='lat' dir='ltr'><strong>sunt</strong></span> <span class='ocrx_word' id='word_1_184' title='bbox 1382 2136 1631 2193; x_wconf 89' lang='lat' dir='ltr'><strong>materia</strong></span> <span class='ocrx_word' id='word_1_185' title='bbox 1661 2154 1843 2210; x_wconf 87' lang='lat' dir='ltr'><strong>quare</strong></span> <span class='ocrx_word' id='word_1_186' title='bbox 1876 2143 1931 2194; x_wconf 87' lang='lat' dir='ltr'><strong>te</strong></span> 
     </span>
    </p>
   </div>
   <div class='ocr_carea' id='block_1_24' title="bbox 260 2224 1927 2297">
    <p class='ocr_par' dir='ltr' id='par_1_24' title="bbox 260 2224 1927 2297">
     <span class='ocr_line' id='line_1_24' title="bbox 260 2224 1927 2297; baseline -0.001 -13"><span class='ocrx_word' id='word_1_187' title='bbox 260 2226 610 2284; x_wconf 85' lang='lat' dir='ltr'><strong>laudamus.</strong></span> <span class='ocrx_word' id='word_1_188' title='bbox 640 2224 767 2281; x_wconf 91' lang='lat' dir='ltr'><strong>Non</strong></span> <span class='ocrx_word' id='word_1_189' title='bbox 799 2224 938 2297; x_wconf 86' lang='lat' dir='ltr'><strong>quia</strong></span> <span class='ocrx_word' id='word_1_190' title='bbox 967 2225 1211 2281; x_wconf 87' lang='lat' dir='ltr'><strong>virtutes</strong></span> <span class='ocrx_word' id='word_1_191' title='bbox 1239 2225 1417 2281; x_wconf 88' lang='lat' dir='ltr'><strong>unius</strong></span> <span class='ocrx_word' id='word_1_192' title='bbox 1453 2229 1611 2294; x_wconf 89' lang='lat' dir='ltr'><strong>sunt,</strong></span> <span class='ocrx_word' id='word_1_193' title='bbox 1645 2230 1704 2282; x_wconf 91' lang='lat' dir='ltr'><strong>et</strong></span> <span class='ocrx_word' id='word_1_194' title='bbox 1733 2229 1927 2283; x_wconf 92' lang='lat' dir='ltr'><strong>tamen</strong></span> 
     </span>
    </p>
   </div>
   <div class='ocr_carea' id='block_1_25' title="bbox 258 2313 1930 2389">
    <p class='ocr_par' dir='ltr' id='par_1_25' title="bbox 258 2313 1930 2389">
     <span class='ocr_line' id='line_1_25' title="bbox 258 2313 1930 2389; baseline 0 -17"><span class='ocrx_word' id='word_1_195' title='bbox 258 2316 631 2389; x_wconf 83' lang='lat' dir='ltr'><strong>quandoque</strong></span> <span class='ocrx_word' id='word_1_196' title='bbox 685 2331 789 2387; x_wconf 91' lang='lat' dir='ltr'><strong>pro</strong></span> <span class='ocrx_word' id='word_1_197' title='bbox 846 2313 1081 2370; x_wconf 89' lang='lat' dir='ltr'><strong>omibus</strong></span> <span class='ocrx_word' id='word_1_198' title='bbox 1133 2318 1453 2389; x_wconf 89' lang='lat' dir='ltr'><strong>ponuntur,</strong></span> <span class='ocrx_word' id='word_1_199' title='bbox 1501 2318 1567 2369; x_wconf 88' lang='lat' dir='ltr'><strong>ut</strong></span> <span class='ocrx_word' id='word_1_200' title='bbox 1614 2314 1710 2370; x_wconf 91' lang='lat' dir='ltr'><strong>hic</strong></span> <span class='ocrx_word' id='word_1_201' title='bbox 1744 2333 1757 2371; x_wconf 88' lang='lat'><strong>:</strong></span> <span class='ocrx_word' id='word_1_202' title='bbox 1793 2315 1930 2389; x_wconf 91' lang='lat' dir='ltr'><strong>quia</strong></span> 
     </span>
    </p>
   </div>
   <div class='ocr_carea' id='block_1_26' title="bbox 259 2403 1414 2478">
    <p class='ocr_par' dir='ltr' id='par_1_26' title="bbox 259 2403 1414 2478">
     <span class='ocr_line' id='line_1_26' title="bbox 259 2403 1414 2478; baseline -0.003 -15"><span class='ocrx_word' id='word_1_203' title='bbox 259 2406 520 2478; x_wconf 83' lang='lat' dir='ltr'><strong>longum</strong></span> <span class='ocrx_word' id='word_1_204' title='bbox 550 2407 641 2461; x_wconf 91' lang='lat' dir='ltr'><strong>est</strong></span> <span class='ocrx_word' id='word_1_205' title='bbox 672 2403 786 2461; x_wconf 89' lang='lat' dir='ltr'><strong>sibi</strong></span> <span class='ocrx_word' id='word_1_206' title='bbox 816 2420 1020 2460; x_wconf 89' lang='lat' dir='ltr'><strong>omnes</strong></span> <span class='ocrx_word' id='word_1_207' title='bbox 1049 2420 1414 2460; x_wconf 87' lang='lat' dir='ltr'><strong>enumerare.</strong></span> 
     </span>
    </p>
   </div>
   <div class='ocr_carea' id='block_1_27' title="bbox 334 2492 1925 2567">
    <p class='ocr_par' dir='ltr' id='par_1_27' title="bbox 334 2492 1925 2567">
     <span class='ocr_line' id='line_1_27' title="bbox 334 2492 1925 2567; baseline -0.001 -17"><span class='ocrx_word' id='word_1_208' title='bbox 334 2518 372 2545; x_wconf 90' lang='grc'><em>‹‹</em></span> <span class='ocrx_word' id='word_1_209' title='bbox 410 2494 670 2551; x_wconf 86' lang='lat' dir='ltr'><strong>Laudate</strong></span> <span class='ocrx_word' id='word_1_210' title='bbox 690 2509 825 2549; x_wconf 91' lang='lat' dir='ltr'><strong>eum</strong></span> <span class='ocrx_word' id='word_1_211' title='bbox 847 2492 974 2549; x_wconf 63' lang='lat' dir='ltr'><strong>caeli</strong></span> <span class='ocrx_word' id='word_1_212' title='bbox 999 2493 1302 2560; x_wconf 68' lang='lat' dir='ltr'><strong>caelorum,</strong></span> <span class='ocrx_word' id='word_1_213' title='bbox 1326 2516 1353 2543; x_wconf 84' lang='lat'>»</span> <span class='ocrx_word' id='word_1_214' title='bbox 1376 2498 1615 2567; x_wconf 89' lang='lat' dir='ltr'><strong>propter</strong></span> <span class='ocrx_word' id='word_1_215' title='bbox 1633 2494 1744 2551; x_wconf 90' lang='lat' dir='ltr'><strong>hoc</strong></span> <span class='ocrx_word' id='word_1_216' title='bbox 1765 2495 1925 2567; x_wconf 75' lang='lat' dir='ltr'><strong>dicit,</strong></span> 
     </span>
    </p>
   </div>
   <div class='ocr_carea' id='block_1_28' title="bbox 256 2580 1929 2658">
    <p class='ocr_par' dir='ltr' id='par_1_28' title="bbox 256 2580 1929 2658">
     <span class='ocr_line' id='line_1_28' title="bbox 256 2580 1929 2658; baseline -0.002 -16"><span class='ocrx_word' id='word_1_217' title='bbox 256 2584 433 2658; x_wconf 89' lang='lat' dir='ltr'><strong>quod</strong></span> <span class='ocrx_word' id='word_1_218' title='bbox 464 2582 684 2639; x_wconf 90' lang='lat' dir='ltr'><strong>multos</strong></span> <span class='ocrx_word' id='word_1_219' title='bbox 712 2580 1020 2656; x_wconf 85' lang='lat' dir='ltr'><strong>intelligit;</strong></span> <span class='ocrx_word' id='word_1_220' title='bbox 1056 2605 1083 2632; x_wconf 87' lang='lat'><strong>«</strong></span> <span class='ocrx_word' id='word_1_221' title='bbox 1118 2586 1175 2638; x_wconf 91' lang='lat' dir='ltr'><strong>et</strong></span> <span class='ocrx_word' id='word_1_222' title='bbox 1206 2598 1369 2654; x_wconf 80' lang='lat' dir='ltr'><strong>aquae</strong></span> <span class='ocrx_word' id='word_1_223' title='bbox 1401 2600 1549 2655; x_wconf 75' lang='lat' dir='ltr'><strong>quae,</strong></span> <span class='ocrx_word' id='word_1_224' title='bbox 1584 2605 1610 2632; x_wconf 87' lang='grc'><strong>››</strong></span> <span class='ocrx_word' id='word_1_225' title='bbox 1642 2583 1700 2638; x_wconf 91' lang='lat' dir='ltr'><strong>in</strong></span> <span class='ocrx_word' id='word_1_226' title='bbox 1733 2583 1814 2638; x_wconf 85' lang='lat' dir='ltr'><strong>rei</strong></span> <span class='ocrx_word' id='word_1_227' title='bbox 1838 2601 1929 2639; x_wconf 87' lang='lat' dir='ltr'><strong>ve-</strong></span> 
     </span>
    </p>
   </div>
   <div class='ocr_carea' id='block_1_29' title="bbox 254 2670 1928 2744">
    <p class='ocr_par' dir='ltr' id='par_1_29' title="bbox 254 2670 1928 2744">
     <span class='ocr_line' id='line_1_29' title="bbox 254 2670 1928 2744; baseline -0.001 -15"><span class='ocrx_word' id='word_1_228' title='bbox 254 2674 468 2739; x_wconf 82' lang='lat' dir='ltr'><strong>ritate,</strong></span> <span class='ocrx_word' id='word_1_229' title='bbox 505 2693 534 2723; x_wconf 85' lang='lat'>«</span> <span class='ocrx_word' id='word_1_230' title='bbox 564 2676 706 2728; x_wconf 88' lang='lat' dir='ltr'><strong>sunt</strong></span> <span class='ocrx_word' id='word_1_231' title='bbox 733 2686 911 2741; x_wconf 88' lang='lat' dir='ltr'><strong>super</strong></span> <span class='ocrx_word' id='word_1_232' title='bbox 938 2670 1134 2735; x_wconf 73' lang='lat' dir='ltr'><strong>caelos,</strong></span> <span class='ocrx_word' id='word_1_233' title='bbox 1164 2692 1192 2721; x_wconf 88' lang='lat'>»</span> <span class='ocrx_word' id='word_1_234' title='bbox 1219 2671 1375 2725; x_wconf 89' lang='lat' dir='ltr'><strong>unde</strong></span> <span class='ocrx_word' id='word_1_235' title='bbox 1405 2671 1576 2727; x_wconf 90' lang='lat' dir='ltr'><strong>nobis</strong></span> <span class='ocrx_word' id='word_1_236' title='bbox 1606 2671 1812 2744; x_wconf 85' lang='lat' dir='ltr'><strong>pluviae</strong></span> <span class='ocrx_word' id='word_1_237' title='bbox 1835 2673 1928 2727; x_wconf 89' lang='lat' dir='ltr'><strong>de-</strong></span> 
     </span>
    </p>
   </div>
   <div class='ocr_carea' id='block_1_30' title="bbox 255 2758 1926 2832">
    <p class='ocr_par' dir='ltr' id='par_1_30' title="bbox 255 2758 1926 2832">
     <span class='ocr_line' id='line_1_30' title="bbox 255 2758 1926 2832; baseline -0.002 -13"><span class='ocrx_word' id='word_1_238' title='bbox 255 2762 567 2819; x_wconf 88' lang='lat' dir='ltr'><strong>scendunt</strong></span> <span class='ocrx_word' id='word_1_239' title='bbox 596 2777 699 2832; x_wconf 91' lang='lat' dir='ltr'><strong>per</strong></span> <span class='ocrx_word' id='word_1_240' title='bbox 728 2763 1050 2815; x_wconf 85' lang='lat' dir='ltr'><strong>cataractas</strong></span> <span class='ocrx_word' id='word_1_241' title='bbox 1083 2758 1232 2828; x_wconf 84' lang='lat' dir='ltr'><strong>cceli,</strong></span> <span class='ocrx_word' id='word_1_242' title='bbox 1258 2782 1286 2809; x_wconf 91' lang='grc'><strong>‹‹</strong></span> <span class='ocrx_word' id='word_1_243' title='bbox 1317 2759 1558 2815; x_wconf 87' lang='lat' dir='ltr'><strong>laudent</strong></span> <span class='ocrx_word' id='word_1_244' title='bbox 1577 2776 1791 2816; x_wconf 86' lang='lat' dir='ltr'><strong>nomen</strong></span> <span class='ocrx_word' id='word_1_245' title='bbox 1814 2760 1926 2816; x_wconf 69' lang='lat' dir='ltr'><strong>Do»</strong></span> 
     </span>
    </p>
   </div>
   <div class='ocr_carea' id='block_1_31' title="bbox 256 2846 1922 2918">
    <p class='ocr_par' dir='ltr' id='par_1_31' title="bbox 256 2846 1922 2918">
     <span class='ocr_line' id='line_1_31' title="bbox 256 2846 1922 2918; baseline -0.001 -11"><span class='ocrx_word' id='word_1_246' title='bbox 256 2849 443 2917; x_wconf 86' lang='lat' dir='ltr'><strong>mini,</strong></span> <span class='ocrx_word' id='word_1_247' title='bbox 478 2870 508 2899; x_wconf 83' lang='lat'><strong>»</strong></span> <span class='ocrx_word' id='word_1_248' title='bbox 547 2849 604 2903; x_wconf 91' lang='lat' dir='ltr'><strong>id</strong></span> <span class='ocrx_word' id='word_1_249' title='bbox 636 2851 726 2904; x_wconf 90' lang='lat' dir='ltr'><strong>est</strong></span> <span class='ocrx_word' id='word_1_250' title='bbox 754 2847 1000 2903; x_wconf 88' lang='lat' dir='ltr'><strong>materia</strong></span> <span class='ocrx_word' id='word_1_251' title='bbox 1029 2848 1198 2903; x_wconf 91' lang='lat' dir='ltr'><strong>nobis</strong></span> <span class='ocrx_word' id='word_1_252' title='bbox 1238 2846 1359 2903; x_wconf 92' lang='lat' dir='ltr'><strong>sint</strong></span> <span class='ocrx_word' id='word_1_253' title='bbox 1404 2847 1682 2904; x_wconf 87' lang='lat' dir='ltr'><strong>laudandi</strong></span> <span class='ocrx_word' id='word_1_254' title='bbox 1715 2849 1922 2918; x_wconf 89' lang='lat' dir='ltr'><strong>Deum,</strong></span> 
     </span>
    </p>
   </div>
   <div class='ocr_carea' id='block_1_32' title="bbox 253 2937 1923 3012">
    <p class='ocr_par' dir='ltr' id='par_1_32' title="bbox 253 2937 1923 3012">
     <span class='ocr_line' id='line_1_32' title="bbox 253 2937 1923 3012; baseline -0.003 -13"><span class='ocrx_word' id='word_1_255' title='bbox 253 2940 644 2999; x_wconf 82' lang='lat' dir='ltr'><strong>attendentes</strong></span> <span class='ocrx_word' id='word_1_256' title='bbox 674 2938 828 2994; x_wconf 89' lang='lat' dir='ltr'><strong>inter</strong></span> <span class='ocrx_word' id='word_1_257' title='bbox 855 2940 1063 2995; x_wconf 84' lang='lat' dir='ltr'><strong>caetera</strong></span> <span class='ocrx_word' id='word_1_258' title='bbox 1092 2938 1249 3012; x_wconf 89' lang='lat' dir='ltr'><strong>quod</strong></span> <span class='ocrx_word' id='word_1_259' title='bbox 1280 2954 1414 2993; x_wconf 90' lang='lat' dir='ltr'><strong>cum</strong></span> <span class='ocrx_word' id='word_1_260' title='bbox 1446 2937 1554 2994; x_wconf 86' lang='lat' dir='ltr'><strong>illae</strong></span> <span class='ocrx_word' id='word_1_261' title='bbox 1585 2956 1770 3012; x_wconf 82' lang='lat' dir='ltr'><strong>aquae,</strong></span> <span class='ocrx_word' id='word_1_262' title='bbox 1796 2956 1923 3012; x_wconf 82' lang='lat' dir='ltr'><strong>quae</strong></span> 
     </span>
    </p>
   </div>
   <div class='ocr_carea' id='block_1_33' title="bbox 253 3027 1925 3102">
    <p class='ocr_par' dir='ltr' id='par_1_33' title="bbox 253 3027 1925 3102">
     <span class='ocr_line' id='line_1_33' title="bbox 253 3027 1925 3102; baseline -0.001 -16"><span class='ocrx_word' id='word_1_263' title='bbox 253 3028 447 3102; x_wconf 81' lang='lat' dir='ltr'><strong>spissi</strong></span> <span class='ocrx_word' id='word_1_264' title='bbox 474 3027 734 3100; x_wconf 89' lang='lat' dir='ltr'><strong>corporis</strong></span> <span class='ocrx_word' id='word_1_265' title='bbox 765 3031 923 3095; x_wconf 90' lang='lat' dir='ltr'><strong>sunt,</strong></span> <span class='ocrx_word' id='word_1_266' title='bbox 946 3031 1257 3084; x_wconf 87' lang='lat' dir='ltr'><strong>teneantur</strong></span> <span class='ocrx_word' id='word_1_267' title='bbox 1276 3027 1664 3084; x_wconf 90' lang='lat' dir='ltr'><strong>subtilissima</strong></span> <span class='ocrx_word' id='word_1_268' title='bbox 1685 3044 1925 3100; x_wconf 87' lang='lat' dir='ltr'><strong>corpore</strong></span> 
     </span>
    </p>
   </div>
   <div class='ocr_carea' id='block_1_34' title="bbox 252 3115 1923 3189">
    <p class='ocr_par' dir='ltr' id='par_1_34' title="bbox 252 3115 1923 3189">
     <span class='ocr_line' id='line_1_34' title="bbox 252 3115 1923 3189; baseline -0.001 -13"><span class='ocrx_word' id='word_1_269' title='bbox 252 3117 420 3186; x_wconf 63' lang='lat' dir='ltr'><strong>caeli,</strong></span> <span class='ocrx_word' id='word_1_270' title='bbox 443 3117 613 3173; x_wconf 87' lang='lat' dir='ltr'><strong>valde</strong></span> <span class='ocrx_word' id='word_1_271' title='bbox 643 3116 845 3173; x_wconf 89' lang='lat' dir='ltr'><strong>mirari</strong></span> <span class='ocrx_word' id='word_1_272' title='bbox 876 3121 1289 3189; x_wconf 90' lang='lat' dir='ltr'><strong>possumus,et</strong></span> <span class='ocrx_word' id='word_1_273' title='bbox 1309 3135 1344 3172; x_wconf 92' lang='lat' dir='ltr'><strong>a</strong></span> <span class='ocrx_word' id='word_1_274' title='bbox 1363 3115 1536 3173; x_wconf 91' lang='lat' dir='ltr'><strong>laude</strong></span> <span class='ocrx_word' id='word_1_275' title='bbox 1565 3117 1669 3172; x_wconf 93' lang='lat' dir='ltr'><strong>Dei</strong></span> <span class='ocrx_word' id='word_1_276' title='bbox 1696 3134 1923 3174; x_wconf 88' lang='lat' dir='ltr'><strong>cessare</strong></span> 
     </span>
    </p>
   </div>
   <div class='ocr_carea' id='block_1_35' title="bbox 252 3206 722 3265">
    <p class='ocr_par' dir='ltr' id='par_1_35' title="bbox 252 3206 722 3265">
     <span class='ocr_line' id='line_1_35' title="bbox 252 3206 722 3265; baseline -0.009 0"><span class='ocrx_word' id='word_1_277' title='bbox 252 3226 372 3265; x_wconf 91' lang='lat' dir='ltr'><strong>non</strong></span> <span class='ocrx_word' id='word_1_278' title='bbox 416 3206 722 3263; x_wconf 88' lang='lat' dir='ltr'><strong>debemus.</strong></span> 
     </span>
    </p>
   </div>
   <div class='ocr_carea' id='block_1_36' title="bbox 324 3294 1914 3368">
    <p class='ocr_par' dir='ltr' id='par_1_36' title="bbox 324 3294 1914 3368">
     <span class='ocr_line' id='line_1_36' title="bbox 324 3294 1914 3368; baseline -0.003 -14"><span class='ocrx_word' id='word_1_279' title='bbox 324 3298 473 3354; x_wconf 89' lang='lat' dir='ltr'><strong>Ideo</strong></span> <span class='ocrx_word' id='word_1_280' title='bbox 524 3294 776 3364; x_wconf 89' lang='lat' dir='ltr'><strong>laudate,</strong></span> <span class='ocrx_word' id='word_1_281' title='bbox 818 3317 845 3348; x_wconf 77' lang='grc' dir='ltr'>α</span> <span class='ocrx_word' id='word_1_282' title='bbox 875 3296 1015 3368; x_wconf 88' lang='lat' dir='ltr'><strong>quia</strong></span> <span class='ocrx_word' id='word_1_283' title='bbox 1060 3296 1184 3367; x_wconf 91' lang='lat' dir='ltr'><strong>ipse</strong></span> <span class='ocrx_word' id='word_1_284' title='bbox 1232 3295 1395 3362; x_wconf 87' lang='lat' dir='ltr'><strong>dixit,</strong></span> <span class='ocrx_word' id='word_1_285' title='bbox 1430 3319 1457 3347; x_wconf 86' lang='lat'>»</span> <span class='ocrx_word' id='word_1_286' title='bbox 1493 3296 1550 3352; x_wconf 93' lang='lat' dir='ltr'><strong>id</strong></span> <span class='ocrx_word' id='word_1_287' title='bbox 1582 3299 1671 3351; x_wconf 91' lang='lat' dir='ltr'><strong>est</strong></span> <span class='ocrx_word' id='word_1_288' title='bbox 1711 3294 1914 3364; x_wconf 89' lang='lat' dir='ltr'><strong>voluit,</strong></span> 
     </span>
    </p>
   </div>
   <div class='ocr_carea' id='block_1_37' title="bbox 249 3384 1918 3456">
    <p class='ocr_par' dir='ltr' id='par_1_37' title="bbox 249 3384 1918 3456">
     <span class='ocr_line' id='line_1_37' title="bbox 249 3384 1918 3456; baseline -0.002 -12"><span class='ocrx_word' id='word_1_289' title='bbox 249 3410 282 3439; x_wconf 89' lang='grc'><em>‹‹</em></span> <span class='ocrx_word' id='word_1_290' title='bbox 315 3390 376 3445; x_wconf 90' lang='lat' dir='ltr'><strong>et</strong></span> <span class='ocrx_word' id='word_1_291' title='bbox 414 3386 574 3441; x_wconf 88' lang='lat' dir='ltr'><strong>facta</strong></span> <span class='ocrx_word' id='word_1_292' title='bbox 604 3389 744 3441; x_wconf 90' lang='lat' dir='ltr'><strong>sunt</strong></span> <span class='ocrx_word' id='word_1_293' title='bbox 773 3408 794 3434; x_wconf 71' lang='grc' dir='ltr'><strong>υ</strong></span> <span class='ocrx_word' id='word_1_294' title='bbox 832 3384 1049 3452; x_wconf 88' lang='lat' dir='ltr'><strong>omnia,</strong></span> <span class='ocrx_word' id='word_1_295' title='bbox 1068 3385 1123 3439; x_wconf 91' lang='lat' dir='ltr'><strong>id</strong></span> <span class='ocrx_word' id='word_1_296' title='bbox 1155 3388 1245 3440; x_wconf 89' lang='lat' dir='ltr'><strong>est</strong></span> <span class='ocrx_word' id='word_1_297' title='bbox 1276 3384 1547 3441; x_wconf 86' lang='lat' dir='ltr'><strong>ordinata</strong></span> <span class='ocrx_word' id='word_1_298' title='bbox 1575 3386 1646 3440; x_wconf 91' lang='grc'><strong>(10</strong></span> <span class='ocrx_word' id='word_1_299' title='bbox 1676 3401 1918 3456; x_wconf 84' lang='lat' dir='ltr'><strong>compo-</strong></span> 
     </span>
    </p>
   </div>
   <div class='ocr_carea' id='block_1_38' title="bbox 249 3473 1916 3547">
    <p class='ocr_par' dir='ltr' id='par_1_38' title="bbox 249 3473 1916 3547">
     <span class='ocr_line' id='line_1_38' title="bbox 249 3473 1916 3547; baseline -0.004 -13"><span class='ocrx_word' id='word_1_300' title='bbox 249 3476 479 3535; x_wconf 87' lang='lat' dir='ltr'><strong>sitione</strong></span> <span class='ocrx_word' id='word_1_301' title='bbox 511 3479 765 3547; x_wconf 90' lang='lat' dir='ltr'><strong>quatuor</strong></span> <span class='ocrx_word' id='word_1_302' title='bbox 792 3474 1212 3530; x_wconf 90' lang='lat' dir='ltr'><strong>elementorum</strong></span> <span class='ocrx_word' id='word_1_303' title='bbox 1237 3492 1250 3529; x_wconf 91' lang='lat'><strong>:</strong></span> <span class='ocrx_word' id='word_1_304' title='bbox 1276 3478 1333 3529; x_wconf 89' lang='lat' dir='ltr'><strong>et</strong></span> <span class='ocrx_word' id='word_1_305' title='bbox 1361 3475 1539 3530; x_wconf 90' lang='lat' dir='ltr'><strong>etiam</strong></span> <span class='ocrx_word' id='word_1_306' title='bbox 1570 3473 1761 3545; x_wconf 88' lang='lat' dir='ltr'><strong>ipsam</strong></span> <span class='ocrx_word' id='word_1_307' title='bbox 1793 3490 1916 3528; x_wconf 90' lang='lat' dir='ltr'><strong>ma-</strong></span> 
     </span>
    </p>
   </div>
   <div class='ocr_carea' id='block_1_39' title="bbox 220 3561 1921 3635">
    <p class='ocr_par' dir='ltr' id='par_1_39' title="bbox 220 3561 1921 3635">
     <span class='ocr_line' id='line_1_39' title="bbox 220 3561 1921 3635; baseline -0.003 -12"><span class='ocrx_word' id='word_1_308' title='bbox 220 3565 475 3623; x_wconf 84' lang='lat' dir='ltr'><strong>-teriam</strong></span> <span class='ocrx_word' id='word_1_309' title='bbox 508 3562 677 3631; x_wconf 87' lang='lat' dir='ltr'><strong>fecit;</strong></span> <span class='ocrx_word' id='word_1_310' title='bbox 709 3567 769 3618; x_wconf 90' lang='lat' dir='ltr'><strong>et</strong></span> <span class='ocrx_word' id='word_1_311' title='bbox 796 3563 905 3618; x_wconf 92' lang='lat' dir='ltr'><strong>hoc</strong></span> <span class='ocrx_word' id='word_1_312' title='bbox 936 3566 1025 3618; x_wconf 89' lang='lat' dir='ltr'><strong>est</strong></span> <span class='ocrx_word' id='word_1_313' title='bbox 1057 3578 1070 3616; x_wconf 92' lang='lat'>:</span> <span class='ocrx_word' id='word_1_314' title='bbox 1106 3584 1133 3611; x_wconf 87' lang='grc'><strong>‹‹</strong></span> <span class='ocrx_word' id='word_1_315' title='bbox 1168 3561 1294 3635; x_wconf 89' lang='lat' dir='ltr'><strong>ipse</strong></span> <span class='ocrx_word' id='word_1_316' title='bbox 1332 3561 1652 3633; x_wconf 88' lang='lat' dir='ltr'><strong>mandavit,</strong></span> <span class='ocrx_word' id='word_1_317' title='bbox 1682 3583 1711 3612; x_wconf 92' lang='grc'><strong>››</strong></span> <span class='ocrx_word' id='word_1_318' title='bbox 1740 3561 1798 3617; x_wconf 91' lang='lat' dir='ltr'><strong>id</strong></span> <span class='ocrx_word' id='word_1_319' title='bbox 1829 3565 1921 3617; x_wconf 88' lang='lat' dir='ltr'><strong>est</strong></span> 
     </span>
    </p>
   </div>
   <div class='ocr_carea' id='block_1_40' title="bbox 250 3650 1917 3722">
    <p class='ocr_par' dir='ltr' id='par_1_40' title="bbox 250 3650 1917 3722">
     <span class='ocr_line' id='line_1_40' title="bbox 250 3650 1917 3722; baseline -0.004 -11"><span class='ocrx_word' id='word_1_320' title='bbox 250 3654 522 3711; x_wconf 81' lang='lat' dir='ltr'><strong>ﬁrmiter</strong></span> <span class='ocrx_word' id='word_1_321' title='bbox 551 3651 779 3720; x_wconf 86' lang='lat' dir='ltr'><strong>statuit,</strong></span> <span class='ocrx_word' id='word_1_322' title='bbox 813 3675 841 3703; x_wconf 91' lang='grc'><strong>‹‹</strong></span> <span class='ocrx_word' id='word_1_323' title='bbox 876 3655 935 3707; x_wconf 84' lang='grc'><strong>01</strong></span> <span class='ocrx_word' id='word_1_324' title='bbox 963 3655 1157 3708; x_wconf 88' lang='lat' dir='ltr'><strong>creata</strong></span> <span class='ocrx_word' id='word_1_325' title='bbox 1186 3655 1327 3707; x_wconf 89' lang='lat' dir='ltr'><strong>sunt</strong></span> <span class='ocrx_word' id='word_1_326' title='bbox 1361 3674 1387 3701; x_wconf 86' lang='grc'><strong>››</strong></span> <span class='ocrx_word' id='word_1_327' title='bbox 1419 3650 1597 3707; x_wconf 89' lang='lat' dir='ltr'><strong>etiam</strong></span> <span class='ocrx_word' id='word_1_328' title='bbox 1645 3650 1775 3722; x_wconf 92' lang='lat' dir='ltr'><strong>ipsa</strong></span> <span class='ocrx_word' id='word_1_329' title='bbox 1804 3650 1917 3706; x_wconf 89' lang='lat' dir='ltr'><strong>ele-</strong></span> 
     </span>
    </p>
   </div>
   <div class='ocr_carea' id='block_1_41' title="bbox 224 3739 1919 3813">
    <p class='ocr_par' dir='ltr' id='par_1_41' title="bbox 224 3739 1919 3813">
     <span class='ocr_line' id='line_1_41' title="bbox 224 3739 1919 3813; baseline -0.003 -14"><span class='ocrx_word' id='word_1_330' title='bbox 224 3746 485 3809; x_wconf 47' lang='lat' dir='ltr'><strong>.menta,</strong></span> <span class='ocrx_word' id='word_1_331' title='bbox 516 3741 673 3796; x_wconf 90' lang='lat' dir='ltr'><strong>unde</strong></span> <span class='ocrx_word' id='word_1_332' title='bbox 702 3743 904 3813; x_wconf 89' lang='lat' dir='ltr'><strong>postea</strong></span> <span class='ocrx_word' id='word_1_333' title='bbox 933 3743 1141 3796; x_wconf 76' lang='lat' dir='ltr'><strong>caetera</strong></span> <span class='ocrx_word' id='word_1_334' title='bbox 1170 3739 1479 3796; x_wconf 89' lang='lat' dir='ltr'><strong>ordinavit.</strong></span> <span class='ocrx_word' id='word_1_335' title='bbox 1515 3740 1578 3795; x_wconf 90' lang='lat' dir='ltr'><strong>In</strong></span> <span class='ocrx_word' id='word_1_336' title='bbox 1610 3739 1719 3795; x_wconf 91' lang='lat' dir='ltr'><strong>hoc</strong></span> <span class='ocrx_word' id='word_1_337' title='bbox 1748 3756 1919 3795; x_wconf 89' lang='lat' dir='ltr'><strong>versu</strong></span> 
     </span>
    </p>
   </div>
   <div class='ocr_carea' id='block_1_42' title="bbox 216 3828 1917 3901">
    <p class='ocr_par' dir='ltr' id='par_1_42' title="bbox 216 3828 1917 3901">
     <span class='ocr_line' id='line_1_42' title="bbox 216 3828 1917 3901; baseline 0.001 -18"><span class='ocrx_word' id='word_1_338' title='bbox 216 3878 223 3883; x_wconf 91' lang='lat'><strong>.</strong></span> <span class='ocrx_word' id='word_1_339' title='bbox 249 3832 404 3888; x_wconf 87' lang='lat' dir='ltr'><strong>bene</strong></span> <span class='ocrx_word' id='word_1_340' title='bbox 436 3829 531 3886; x_wconf 88' lang='lat' dir='ltr'><strong>ait</strong></span> <span class='ocrx_word' id='word_1_341' title='bbox 558 3834 762 3885; x_wconf 89' lang='lat' dir='ltr'><strong>contra</strong></span> <span class='ocrx_word' id='word_1_342' title='bbox 787 3829 921 3885; x_wconf 90' lang='lat' dir='ltr'><strong>illos</strong></span> <span class='ocrx_word' id='word_1_343' title='bbox 953 3829 1053 3901; x_wconf 90' lang='lat' dir='ltr'><strong>qui</strong></span> <span class='ocrx_word' id='word_1_344' title='bbox 1093 3828 1298 3885; x_wconf 90' lang='lat' dir='ltr'><strong>dicunt</strong></span> <span class='ocrx_word' id='word_1_345' title='bbox 1336 3830 1627 3884; x_wconf 90' lang='lat' dir='ltr'><strong>mundum</strong></span> <span class='ocrx_word' id='word_1_346' title='bbox 1675 3828 1791 3884; x_wconf 89' lang='lat' dir='ltr'><strong>Deo</strong></span> <span class='ocrx_word' id='word_1_347' title='bbox 1823 3845 1917 3884; x_wconf 89' lang='lat' dir='ltr'><strong>co-</strong></span> 
     </span>
    </p>
   </div>
   <div class='ocr_carea' id='block_1_43' title="bbox 236 3924 1392 4001">
    <p class='ocr_par' dir='ltr' id='par_1_43' title="bbox 236 3924 1392 4001">
     <span class='ocr_line' id='line_1_43' title="bbox 236 3924 1392 4001; baseline -0.004 -25"><span class='ocrx_word' id='word_1_348' title='bbox 236 3924 578 3976; x_wconf 68' lang='lat' dir='ltr'><strong>aeternum.</strong></span> <span class='ocrx_word' id='word_1_349' title='bbox 1386 3988 1392 4001; x_wconf 22' lang='grc' dir='ltr'><strong>ἢ</strong></span> 
     </span>
    </p>
   </div>
   <div class='ocr_carea' id='block_1_44' title="bbox 324 4004 1921 4080">
    <p class='ocr_par' dir='ltr' id='par_1_44' title="bbox 324 4004 1921 4080">
     <span class='ocr_line' id='line_1_44' title="bbox 324 4004 1921 4080; baseline -0.003 -16"><span class='ocrx_word' id='word_1_350' title='bbox 324 4008 470 4080; x_wconf 86' lang='lat' dir='ltr'><strong>Ipsa</strong></span> <span class='ocrx_word' id='word_1_351' title='bbox 502 4004 793 4062; x_wconf 90' lang='lat' dir='ltr'><strong>elementa</strong></span> <span class='ocrx_word' id='word_1_352' title='bbox 822 4006 976 4062; x_wconf 90' lang='lat' dir='ltr'><strong>inter</strong></span> <span class='ocrx_word' id='word_1_353' title='bbox 1021 4011 1229 4063; x_wconf 53' lang='lat' dir='ltr'><strong>cetera</strong></span> <span class='ocrx_word' id='word_1_354' title='bbox 1280 4005 1589 4076; x_wconf 88' lang='lat' dir='ltr'><strong>ordinavit,</strong></span> <span class='ocrx_word' id='word_1_355' title='bbox 1621 4008 1823 4077; x_wconf 89' lang='lat' dir='ltr'><strong>postea</strong></span> <span class='ocrx_word' id='word_1_356' title='bbox 1852 4022 1921 4061; x_wconf 90' lang='lat' dir='ltr'><strong>ea</strong></span> 
     </span>
    </p>
   </div>
   <div class='ocr_carea' id='block_1_45' title="bbox 247 4093 1918 4170">
    <p class='ocr_par' dir='ltr' id='par_1_45' title="bbox 247 4093 1918 4170">
     <span class='ocr_line' id='line_1_45' title="bbox 247 4093 1918 4170; baseline -0.003 -18"><span class='ocrx_word' id='word_1_357' title='bbox 247 4114 383 4170; x_wconf 77' lang='lat' dir='ltr'><strong>quae</strong></span> <span class='ocrx_word' id='word_1_358' title='bbox 412 4093 581 4164; x_wconf 85' lang='lat' dir='ltr'><strong>fecit,</strong></span> <span class='ocrx_word' id='word_1_359' title='bbox 606 4116 633 4144; x_wconf 90' lang='lat'><strong>«</strong></span> <span class='ocrx_word' id='word_1_360' title='bbox 659 4094 864 4150; x_wconf 86' lang='lat' dir='ltr'><strong>statuit</strong></span> <span class='ocrx_word' id='word_1_361' title='bbox 884 4112 953 4151; x_wconf 90' lang='lat' dir='ltr'><strong>ea</strong></span> <span class='ocrx_word' id='word_1_362' title='bbox 974 4117 1002 4145; x_wconf 78' lang='lat'>»</span> <span class='ocrx_word' id='word_1_363' title='bbox 1026 4111 1415 4167; x_wconf 87' lang='lat' dir='ltr'><strong>permansura</strong></span> <span class='ocrx_word' id='word_1_364' title='bbox 1435 4118 1461 4145; x_wconf 83' lang='lat'><strong>«</strong></span> <span class='ocrx_word' id='word_1_365' title='bbox 1488 4094 1546 4149; x_wconf 91' lang='lat' dir='ltr'><strong>in</strong></span> <span class='ocrx_word' id='word_1_366' title='bbox 1569 4093 1918 4162; x_wconf 84' lang='lat' dir='ltr'><strong>saeculum,»</strong></span> 
     </span>
    </p>
   </div>
   <div class='ocr_carea' id='block_1_46' title="bbox 247 4180 1920 4256">
    <p class='ocr_par' dir='ltr' id='par_1_46' title="bbox 247 4180 1920 4256">
     <span class='ocr_line' id='line_1_46' title="bbox 247 4180 1920 4256; baseline -0.004 -14"><span class='ocrx_word' id='word_1_367' title='bbox 247 4186 306 4242; x_wconf 90' lang='lat' dir='ltr'><strong>id</strong></span> <span class='ocrx_word' id='word_1_368' title='bbox 341 4188 440 4241; x_wconf 87' lang='lat' dir='ltr'><strong>est</strong></span> <span class='ocrx_word' id='word_1_369' title='bbox 473 4198 584 4256; x_wconf 84' lang='lat' dir='ltr'><strong>per</strong></span> <span class='ocrx_word' id='word_1_370' title='bbox 607 4185 797 4238; x_wconf 88' lang='lat' dir='ltr'><strong>totum</strong></span> <span class='ocrx_word' id='word_1_371' title='bbox 830 4187 1064 4255; x_wconf 87' lang='lat' dir='ltr'><strong>tempus</strong></span> <span class='ocrx_word' id='word_1_372' title='bbox 1093 4183 1399 4255; x_wconf 71' lang='lat' dir='ltr'><strong>praesentis</strong></span> <span class='ocrx_word' id='word_1_373' title='bbox 1430 4182 1578 4249; x_wconf 76' lang='lat' dir='ltr'><strong>vitae,</strong></span> <span class='ocrx_word' id='word_1_374' title='bbox 1604 4205 1631 4232; x_wconf 88' lang='lat'><strong>«</strong></span> <span class='ocrx_word' id='word_1_375' title='bbox 1656 4186 1713 4237; x_wconf 90' lang='lat' dir='ltr'><strong>et</strong></span> <span class='ocrx_word' id='word_1_376' title='bbox 1733 4180 1793 4236; x_wconf 90' lang='lat' dir='ltr'><strong>in</strong></span> <span class='ocrx_word' id='word_1_377' title='bbox 1815 4197 1920 4236; x_wconf 81' lang='lat' dir='ltr'><strong>sae-</strong></span> 
     </span>
    </p>
   </div>
   <div class='ocr_carea' id='block_1_47' title="bbox 246 4269 1921 4344">
    <p class='ocr_par' dir='ltr' id='par_1_47' title="bbox 246 4269 1921 4344">
     <span class='ocr_line' id='line_1_47' title="bbox 246 4269 1921 4344; baseline -0.004 -13"><span class='ocrx_word' id='word_1_378' title='bbox 246 4273 464 4331; x_wconf 88' lang='lat' dir='ltr'><strong>culum</strong></span> <span class='ocrx_word' id='word_1_379' title='bbox 502 4294 536 4321; x_wconf 86' lang='lat'>»</span> <span class='ocrx_word' id='word_1_380' title='bbox 567 4271 1004 4327; x_wconf 88' lang='lat' dir='ltr'><strong>subsecutivum</strong></span> <span class='ocrx_word' id='word_1_381' title='bbox 1030 4272 1213 4344; x_wconf 87' lang='lat' dir='ltr'><strong>hujus</strong></span> <span class='ocrx_word' id='word_1_382' title='bbox 1249 4294 1269 4320; x_wconf 73' lang='grc' dir='ltr'><strong>α</strong></span> <span class='ocrx_word' id='word_1_383' title='bbox 1297 4269 1515 4327; x_wconf 78' lang='lat' dir='ltr'><strong>saeculi.</strong></span> <span class='ocrx_word' id='word_1_384' title='bbox 1536 4288 1565 4323; x_wconf 71' lang='grc' dir='ltr'><strong>ιο</strong></span> <span class='ocrx_word' id='word_1_385' title='bbox 1595 4269 1740 4325; x_wconf 86' lang='lat' dir='ltr'><strong>Cum</strong></span> <span class='ocrx_word' id='word_1_386' title='bbox 1764 4269 1921 4325; x_wconf 88' lang='lat' dir='ltr'><strong>dica-</strong></span> 
     </span>
    </p>
   </div>
   <div class='ocr_carea' id='block_1_48' title="bbox 251 4358 1920 4432">
    <p class='ocr_par' dir='ltr' id='par_1_48' title="bbox 251 4358 1920 4432">
     <span class='ocr_line' id='line_1_48' title="bbox 251 4358 1920 4432; baseline -0.004 -13"><span class='ocrx_word' id='word_1_387' title='bbox 251 4368 355 4419; x_wconf 89' lang='lat' dir='ltr'><strong>tur</strong></span> <span class='ocrx_word' id='word_1_388' title='bbox 376 4362 445 4417; x_wconf 90' lang='lat' dir='ltr'><strong>in</strong></span> <span class='ocrx_word' id='word_1_389' title='bbox 468 4358 787 4432; x_wconf 83' lang='lat' dir='ltr'><strong>Evangelia</strong></span> <span class='ocrx_word' id='word_1_390' title='bbox 804 4375 817 4416; x_wconf 87' lang='lat'><strong>:</strong></span> <span class='ocrx_word' id='word_1_391' title='bbox 836 4383 864 4410; x_wconf 85' lang='lat'><strong>«</strong></span> <span class='ocrx_word' id='word_1_392' title='bbox 879 4359 1101 4416; x_wconf 58' lang='lat' dir='ltr'><strong>Caelum</strong></span> <span class='ocrx_word' id='word_1_393' title='bbox 1115 4364 1172 4417; x_wconf 89' lang='lat' dir='ltr'><strong>et</strong></span> <span class='ocrx_word' id='word_1_394' title='bbox 1192 4364 1347 4416; x_wconf 87' lang='lat' dir='ltr'><strong>terra</strong></span> <span class='ocrx_word' id='word_1_395' title='bbox 1367 4358 1703 4415; x_wconf 89' lang='lat' dir='ltr'><strong>transibunt</strong></span> <span class='ocrx_word' id='word_1_396' title='bbox 1716 4358 1920 4428; x_wconf 75' lang='lat' dir='ltr'><strong>(Matth.</strong></span> 
     </span>
    </p>
   </div>
   <div class='ocr_carea' id='block_1_49' title="bbox 250 4447 1927 4522">
    <p class='ocr_par' dir='ltr' id='par_1_49' title="bbox 250 4447 1927 4522">
     <span class='ocr_line' id='line_1_49' title="bbox 250 4447 1927 4522; baseline -0.004 -14"><span class='ocrx_word' id='word_1_397' title='bbox 250 4450 442 4522; x_wconf 77' lang='lat' dir='ltr'><strong>mv,)</strong></span> <span class='ocrx_word' id='word_1_398' title='bbox 483 4472 506 4498; x_wconf 79' lang='grc' dir='ltr'>ι</span> <span class='ocrx_word' id='word_1_399' title='bbox 545 4451 603 4504; x_wconf 85' lang='lat' dir='ltr'><strong>et</strong></span> <span class='ocrx_word' id='word_1_400' title='bbox 630 4447 726 4503; x_wconf 93' lang='lat' dir='ltr'><strong>hic</strong></span> <span class='ocrx_word' id='word_1_401' title='bbox 755 4448 1028 4505; x_wconf 89' lang='lat' dir='ltr'><strong>dicantur</strong></span> <span class='ocrx_word' id='word_1_402' title='bbox 1055 4463 1419 4522; x_wconf 87' lang='lat' dir='ltr'><strong>permanere,</strong></span> <span class='ocrx_word' id='word_1_403' title='bbox 1434 4465 1549 4503; x_wconf 92' lang='lat' dir='ltr'><strong>non</strong></span> <span class='ocrx_word' id='word_1_404' title='bbox 1570 4450 1765 4504; x_wconf 91' lang='lat' dir='ltr'><strong>tamen</strong></span> <span class='ocrx_word' id='word_1_405' title='bbox 1788 4450 1927 4502; x_wconf 90' lang='lat' dir='ltr'><strong>sunt</strong></span> 
     </span>
    </p>
   </div>
   <div class='ocr_carea' id='block_1_50' title="bbox 254 4535 1925 4608">
    <p class='ocr_par' dir='ltr' id='par_1_50' title="bbox 254 4535 1925 4608">
     <span class='ocr_line' id='line_1_50' title="bbox 254 4535 1925 4608; baseline -0.004 -11"><span class='ocrx_word' id='word_1_406' title='bbox 254 4536 590 4603; x_wconf 86' lang='lat' dir='ltr'><strong>contraria,</strong></span> <span class='ocrx_word' id='word_1_407' title='bbox 626 4535 761 4608; x_wconf 90' lang='lat' dir='ltr'><strong>quia</strong></span> <span class='ocrx_word' id='word_1_408' title='bbox 809 4553 922 4593; x_wconf 89' lang='lat' dir='ltr'><strong>non</strong></span> <span class='ocrx_word' id='word_1_409' title='bbox 972 4537 1252 4593; x_wconf 89' lang='lat' dir='ltr'><strong>dicuntur</strong></span> <span class='ocrx_word' id='word_1_410' title='bbox 1294 4536 1544 4592; x_wconf 86' lang='lat' dir='ltr'><strong>transire</strong></span> <span class='ocrx_word' id='word_1_411' title='bbox 1601 4536 1925 4592; x_wconf 89' lang='lat' dir='ltr'><strong>secundum</strong></span> 
     </span>
    </p>
   </div>
   <div class='ocr_carea' id='block_1_51' title="bbox 256 4622 1930 4697">
    <p class='ocr_par' dir='ltr' id='par_1_51' title="bbox 256 4622 1930 4697">
     <span class='ocr_line' id='line_1_51' title="bbox 256 4622 1930 4697; baseline -0.004 -11"><span class='ocrx_word' id='word_1_412' title='bbox 256 4622 698 4692; x_wconf 87' lang='lat' dir='ltr'><strong>substantiam,</strong></span> <span class='ocrx_word' id='word_1_413' title='bbox 733 4625 833 4680; x_wconf 90' lang='lat' dir='ltr'><strong>sed</strong></span> <span class='ocrx_word' id='word_1_414' title='bbox 864 4642 968 4696; x_wconf 89' lang='lat' dir='ltr'><strong>per</strong></span> <span class='ocrx_word' id='word_1_415' title='bbox 1015 4625 1172 4681; x_wconf 89' lang='lat' dir='ltr'><strong>solas</strong></span> <span class='ocrx_word' id='word_1_416' title='bbox 1218 4623 1637 4697; x_wconf 87' lang='lat' dir='ltr'><strong>qualitates,et</strong></span> <span class='ocrx_word' id='word_1_417' title='bbox 1685 4624 1801 4680; x_wconf 90' lang='lat' dir='ltr'><strong>illis</strong></span> <span class='ocrx_word' id='word_1_418' title='bbox 1849 4624 1930 4679; x_wconf 86' lang='lat' dir='ltr'><strong>ita</strong></span> 
     </span>
    </p>
   </div>
   <div class='ocr_carea' id='block_1_52' title="bbox 258 4712 1931 4787">
    <p class='ocr_par' dir='ltr' id='par_1_52' title="bbox 258 4712 1931 4787">
     <span class='ocr_line' id='line_1_52' title="bbox 258 4712 1931 4787; baseline -0.008 -13"><span class='ocrx_word' id='word_1_419' title='bbox 258 4714 520 4774; x_wconf 84' lang='lat' dir='ltr'><strong>statutis</strong></span> <span class='ocrx_word' id='word_1_420' title='bbox 560 4735 580 4760; x_wconf 82' lang='grc' dir='ltr'>ι</span> <span class='ocrx_word' id='word_1_421' title='bbox 616 4716 968 4785; x_wconf 67' lang='grc' dir='ltr'><strong>ρι’ωοθρωῐη</strong></span> <span class='ocrx_word' id='word_1_422' title='bbox 1028 4713 1245 4787; x_wconf 89' lang='lat' dir='ltr'><strong>posuit,</strong></span> <span class='ocrx_word' id='word_1_423' title='bbox 1277 4716 1335 4768; x_wconf 89' lang='lat' dir='ltr'><strong>et</strong></span> <span class='ocrx_word' id='word_1_424' title='bbox 1380 4729 1497 4767; x_wconf 90' lang='lat' dir='ltr'><strong>non</strong></span> <span class='ocrx_word' id='word_1_425' title='bbox 1555 4712 1931 4784; x_wconf 80' lang='lat' dir='ltr'><strong>praeteribit»</strong></span> 
     </span>
    </p>
   </div>
   <div class='ocr_carea' id='block_1_53' title="bbox 258 4798 1933 4878">
    <p class='ocr_par' dir='ltr' id='par_1_53' title="bbox 258 4798 1933 4878">
     <span class='ocr_line' id='line_1_53' title="bbox 258 4798 1933 4878; baseline -0.004 -17"><span class='ocrx_word' id='word_1_426' title='bbox 258 4805 640 4878; x_wconf 82' lang='lat' dir='ltr'><strong>praeceptum</strong></span> <span class='ocrx_word' id='word_1_427' title='bbox 689 4799 856 4872; x_wconf 90' lang='lat' dir='ltr'><strong>illud,</strong></span> <span class='ocrx_word' id='word_1_428' title='bbox 889 4801 1029 4873; x_wconf 89' lang='lat' dir='ltr'><strong>quia</strong></span> <span class='ocrx_word' id='word_1_429' title='bbox 1075 4801 1231 4859; x_wconf 86' lang='lat' dir='ltr'><strong>sicut</strong></span> <span class='ocrx_word' id='word_1_430' title='bbox 1282 4798 1592 4872; x_wconf 89' lang='lat' dir='ltr'><strong>disposuit,</strong></span> <span class='ocrx_word' id='word_1_431' title='bbox 1626 4798 1710 4855; x_wconf 88' lang='lat' dir='ltr'><strong>sic</strong></span> <span class='ocrx_word' id='word_1_432' title='bbox 1741 4800 1933 4855; x_wconf 88' lang='lat' dir='ltr'><strong>adhuc</strong></span> 
     </span>
    </p>
   </div>
   <div class='ocr_carea' id='block_1_54' title="bbox 259 4892 654 4965">
    <p class='ocr_par' dir='ltr' id='par_1_54' title="bbox 259 4892 654 4965">
     <span class='ocr_line' id='line_1_54' title="bbox 259 4892 654 4965; baseline -0.01 -19"><span class='ocrx_word' id='word_1_433' title='bbox 259 4892 654 4965; x_wconf 82' lang='lat' dir='ltr'><strong>permanent.</strong></span> 
     </span>
    </p>
   </div>
   <div class='ocr_carea' id='block_1_55' title="bbox 335 4976 1933 5046">
    <p class='ocr_par' dir='ltr' id='par_1_55' title="bbox 335 4976 1933 5046">
     <span class='ocr_line' id='line_1_55' title="bbox 335 4976 1933 5046; baseline 0.003 -17"><span class='ocrx_word' id='word_1_434' title='bbox 335 5003 367 5029; x_wconf 75' lang='grc' dir='ltr'><strong><em>α</em></strong></span> <span class='ocrx_word' id='word_1_435' title='bbox 406 4976 680 5035; x_wconf 87' lang='lat' dir='ltr'><strong>Laudate</strong></span> <span class='ocrx_word' id='word_1_436' title='bbox 712 4977 1047 5033; x_wconf 89' lang='lat' dir='ltr'><strong>Dominum.</strong></span> <span class='ocrx_word' id='word_1_437' title='bbox 1078 5000 1107 5027; x_wconf 87' lang='lat'><strong>»</strong></span> <span class='ocrx_word' id='word_1_438' title='bbox 1141 4978 1281 5034; x_wconf 90' lang='lat' dir='ltr'><strong>Pars</strong></span> <span class='ocrx_word' id='word_1_439' title='bbox 1313 4977 1588 5034; x_wconf 89' lang='lat' dir='ltr'><strong>secunda.</strong></span> <span class='ocrx_word' id='word_1_440' title='bbox 1614 4976 1933 5046; x_wconf 89' lang='lat' dir='ltr'><strong>Vos,eaele-</strong></span> 
     </span>
    </p>
   </div>
   <div class='ocr_carea' id='block_1_56' title="bbox 260 5063 1935 5136">
    <p class='ocr_par' dir='ltr' id='par_1_56' title="bbox 260 5063 1935 5136">
     <span class='ocr_line' id='line_1_56' title="bbox 260 5063 1935 5136; baseline -0.002 -12"><span class='ocrx_word' id='word_1_441' title='bbox 260 5072 418 5134; x_wconf 85' lang='lat' dir='ltr'><strong>stes,</strong></span> <span class='ocrx_word' id='word_1_442' title='bbox 456 5066 545 5122; x_wconf 89' lang='lat' dir='ltr'><strong>sic</strong></span> <span class='ocrx_word' id='word_1_443' title='bbox 575 5063 829 5136; x_wconf 86' lang='lat' dir='ltr'><strong>laudate,</strong></span> <span class='ocrx_word' id='word_1_444' title='bbox 864 5071 922 5123; x_wconf 89' lang='lat' dir='ltr'><strong>et</strong></span> <span class='ocrx_word' id='word_1_445' title='bbox 958 5067 1134 5123; x_wconf 90' lang='lat' dir='ltr'><strong>etiam</strong></span> <span class='ocrx_word' id='word_1_446' title='bbox 1183 5084 1285 5122; x_wconf 92' lang='lat' dir='ltr'><strong>vos</strong></span> <span class='ocrx_word' id='word_1_447' title='bbox 1317 5090 1344 5117; x_wconf 83' lang='lat'><strong><em>«</em></strong></span> <span class='ocrx_word' id='word_1_448' title='bbox 1375 5067 1447 5122; x_wconf 89' lang='lat' dir='ltr'><strong>de</strong></span> <span class='ocrx_word' id='word_1_449' title='bbox 1493 5069 1668 5134; x_wconf 89' lang='lat' dir='ltr'><strong>terra,</strong></span> <span class='ocrx_word' id='word_1_450' title='bbox 1707 5089 1732 5113; x_wconf 88' lang='grc'><strong>››</strong></span> <span class='ocrx_word' id='word_1_451' title='bbox 1764 5065 1820 5121; x_wconf 91' lang='lat' dir='ltr'><strong>id</strong></span> <span class='ocrx_word' id='word_1_452' title='bbox 1847 5068 1935 5121; x_wconf 88' lang='lat' dir='ltr'><strong>est</strong></span> 
     </span>
    </p>
   </div>
   <div class='ocr_carea' id='block_1_57' title="bbox 260 5154 1935 5228">
    <p class='ocr_par' dir='ltr' id='par_1_57' title="bbox 260 5154 1935 5228">
     <span class='ocr_line' id='line_1_57' title="bbox 260 5154 1935 5228; baseline -0.002 -15"><span class='ocrx_word' id='word_1_453' title='bbox 260 5161 528 5213; x_wconf 81' lang='lat' dir='ltr'><strong>terrenae</strong></span> <span class='ocrx_word' id='word_1_454' title='bbox 550 5159 849 5225; x_wconf 77' lang='lat' dir='ltr'><strong>creaturae,</strong></span> <span class='ocrx_word' id='word_1_455' title='bbox 865 5179 893 5206; x_wconf 86' lang='lat'><strong>«</strong></span> <span class='ocrx_word' id='word_1_456' title='bbox 919 5155 1151 5212; x_wconf 89' lang='lat' dir='ltr'><strong>laudate</strong></span> <span class='ocrx_word' id='word_1_457' title='bbox 1177 5155 1552 5211; x_wconf 84' lang='lat' dir='ltr'><strong>Dominum.»</strong></span> <span class='ocrx_word' id='word_1_458' title='bbox 1575 5154 1750 5228; x_wconf 84' lang='lat' dir='ltr'><strong>Eligit</strong></span> <span class='ocrx_word' id='word_1_459' title='bbox 1767 5172 1935 5226; x_wconf 84' lang='lat' dir='ltr'><strong>quas-</strong></span> 
     </span>
    </p>
   </div>
   <div class='ocr_carea' id='block_1_58' title="bbox 264 5242 1942 5317">
    <p class='ocr_par' dir='ltr' id='par_1_58' title="bbox 264 5242 1942 5317">
     <span class='ocr_line' id='line_1_58' title="bbox 264 5242 1942 5317; baseline -0.002 -16"><span class='ocrx_word' id='word_1_460' title='bbox 264 5246 418 5301; x_wconf 86' lang='lat' dir='ltr'><strong>dam</strong></span> <span class='ocrx_word' id='word_1_461' title='bbox 453 5260 643 5301; x_wconf 90' lang='lat' dir='ltr'><strong>nonos</strong></span> <span class='ocrx_word' id='word_1_462' title='bbox 672 5246 866 5312; x_wconf 78' lang='lat' dir='ltr'><strong>(Forte,</strong></span> <span class='ocrx_word' id='word_1_463' title='bbox 896 5245 1118 5317; x_wconf 80' lang='lat' dir='ltr'><strong>noxias)</strong></span> <span class='ocrx_word' id='word_1_464' title='bbox 1140 5244 1524 5312; x_wconf 86' lang='lat' dir='ltr'><strong>creaturas,in</strong></span> <span class='ocrx_word' id='word_1_465' title='bbox 1546 5244 1764 5317; x_wconf 90' lang='lat' dir='ltr'><strong>quibus</strong></span> <span class='ocrx_word' id='word_1_466' title='bbox 1785 5242 1942 5298; x_wconf 90' lang='lat' dir='ltr'><strong>videt</strong></span> 
     </span>
    </p>
   </div>
   <div class='ocr_carea' id='block_1_59' title="bbox 266 5331 1941 5403">
    <p class='ocr_par' dir='ltr' id='par_1_59' title="bbox 266 5331 1941 5403">
     <span class='ocr_line' id='line_1_59' title="bbox 266 5331 1941 5403; baseline -0.003 -12"><span class='ocrx_word' id='word_1_467' title='bbox 266 5331 510 5391; x_wconf 86' lang='lat' dir='ltr'><strong>multos</strong></span> <span class='ocrx_word' id='word_1_468' title='bbox 538 5332 810 5391; x_wconf 87' lang='lat' dir='ltr'><strong>homines</strong></span> <span class='ocrx_word' id='word_1_469' title='bbox 837 5350 1114 5391; x_wconf 87' lang='lat' dir='ltr'><strong>accusare</strong></span> <span class='ocrx_word' id='word_1_470' title='bbox 1144 5333 1415 5400; x_wconf 88' lang='lat' dir='ltr'><strong>Deum,et</strong></span> <span class='ocrx_word' id='word_1_471' title='bbox 1444 5332 1735 5403; x_wconf 89' lang='lat' dir='ltr'><strong>injustum</strong></span> <span class='ocrx_word' id='word_1_472' title='bbox 1764 5348 1941 5403; x_wconf 86' lang='lat' dir='ltr'><strong>repu-</strong></span> 
     </span>
    </p>
   </div>
   <div class='ocr_carea' id='block_1_60' title="bbox 266 5419 1943 5496">
    <p class='ocr_par' dir='ltr' id='par_1_60' title="bbox 266 5419 1943 5496">
     <span class='ocr_line' id='line_1_60' title="bbox 266 5419 1943 5496; baseline -0.003 -17"><span class='ocrx_word' id='word_1_473' title='bbox 266 5427 435 5489; x_wconf 84' lang='lat' dir='ltr'><strong>tare,</strong></span> <span class='ocrx_word' id='word_1_474' title='bbox 468 5425 525 5477; x_wconf 83' lang='lat' dir='ltr'><strong>et</strong></span> <span class='ocrx_word' id='word_1_475' title='bbox 553 5423 826 5494; x_wconf 90' lang='lat' dir='ltr'><strong>proponit</strong></span> <span class='ocrx_word' id='word_1_476' title='bbox 856 5424 1024 5480; x_wconf 91' lang='lat' dir='ltr'><strong>nobis</strong></span> <span class='ocrx_word' id='word_1_477' title='bbox 1056 5424 1197 5496; x_wconf 85' lang='lat' dir='ltr'><strong>quia</strong></span> <span class='ocrx_word' id='word_1_478' title='bbox 1226 5423 1274 5478; x_wconf 90' lang='lat' dir='ltr'><strong>si</strong></span> <span class='ocrx_word' id='word_1_479' title='bbox 1320 5422 1453 5494; x_wconf 89' lang='lat' dir='ltr'><strong>quis</strong></span> <span class='ocrx_word' id='word_1_480' title='bbox 1499 5419 1943 5491; x_wconf 78' lang='lat' dir='ltr'><strong>diSpasitionem</strong></span> 
     </span>
    </p>
   </div>
   <div class='ocr_carea' id='block_1_61' title="bbox 271 5507 1945 5582">
    <p class='ocr_par' dir='ltr' id='par_1_61' title="bbox 271 5507 1945 5582">
     <span class='ocr_line' id='line_1_61' title="bbox 271 5507 1945 5582; baseline -0.002 -15"><span class='ocrx_word' id='word_1_481' title='bbox 271 5510 388 5567; x_wconf 88' lang='lat' dir='ltr'><strong>Dei</strong></span> <span class='ocrx_word' id='word_1_482' title='bbox 425 5514 764 5581; x_wconf 82' lang='lat' dir='ltr'><strong>cognoscat,</strong></span> <span class='ocrx_word' id='word_1_483' title='bbox 786 5510 845 5566; x_wconf 92' lang='lat' dir='ltr'><strong>in</strong></span> <span class='ocrx_word' id='word_1_484' title='bbox 874 5511 959 5568; x_wconf 89' lang='lat' dir='ltr'><strong>eis</strong></span> <span class='ocrx_word' id='word_1_485' title='bbox 980 5528 1116 5567; x_wconf 90' lang='lat' dir='ltr'><strong>eum</strong></span> <span class='ocrx_word' id='word_1_486' title='bbox 1145 5508 1416 5582; x_wconf 82' lang='lat' dir='ltr'><strong>intelligit</strong></span> <span class='ocrx_word' id='word_1_487' title='bbox 1434 5508 1657 5565; x_wconf 88' lang='lat' dir='ltr'><strong>sicutin</strong></span> <span class='ocrx_word' id='word_1_488' title='bbox 1672 5507 1801 5564; x_wconf 86' lang='lat' dir='ltr'><strong>aliis</strong></span> <span class='ocrx_word' id='word_1_489' title='bbox 1818 5524 1945 5565; x_wconf 89' lang='lat' dir='ltr'><strong>esse</strong></span> 
     </span>
    </p>
   </div>
   <div class='ocr_carea' id='block_1_62' title="bbox 210 5597 1946 5669">
    <p class='ocr_par' dir='ltr' id='par_1_62' title="bbox 210 5597 1946 5669">
     <span class='ocr_line' id='line_1_62' title="bbox 210 5597 1946 5669; baseline 0.002 -17"><span class='ocrx_word' id='word_1_490' title='bbox 210 5648 217 5652; x_wconf 86' lang='lat'><em>_</em></span> <span class='ocrx_word' id='word_1_491' title='bbox 274 5598 696 5667; x_wconf 82' lang='lat' dir='ltr'><strong>laudandum:</strong></span> <span class='ocrx_word' id='word_1_492' title='bbox 718 5604 776 5656; x_wconf 89' lang='lat' dir='ltr'><strong>et</strong></span> <span class='ocrx_word' id='word_1_493' title='bbox 804 5601 939 5657; x_wconf 90' lang='lat' dir='ltr'><strong>inde</strong></span> <span class='ocrx_word' id='word_1_494' title='bbox 970 5600 1131 5669; x_wconf 92' lang='lat' dir='ltr'><strong>dicit,</strong></span> <span class='ocrx_word' id='word_1_495' title='bbox 1161 5622 1188 5650; x_wconf 82' lang='lat'><strong>«</strong></span> <span class='ocrx_word' id='word_1_496' title='bbox 1210 5600 1514 5669; x_wconf 86' lang='lat' dir='ltr'><strong>dracones,</strong></span> <span class='ocrx_word' id='word_1_497' title='bbox 1534 5621 1563 5648; x_wconf 88' lang='grc'><strong>››</strong></span> <span class='ocrx_word' id='word_1_498' title='bbox 1581 5597 1816 5655; x_wconf 86' lang='lat' dir='ltr'><strong>laudate</strong></span> <span class='ocrx_word' id='word_1_499' title='bbox 1834 5598 1946 5655; x_wconf 93' lang='lat' dir='ltr'><strong>Do-</strong></span> 
     </span>
    </p>
   </div>
   <div class='ocr_carea' id='block_1_63' title="bbox 2067 536 3719 616">
    <p class='ocr_par' dir='ltr' id='par_1_63' title="bbox 2067 536 3719 616">
     <span class='ocr_line' id='line_1_63' title="bbox 2067 536 3719 616; baseline 0.008 -28"><span class='ocrx_word' id='word_1_500' title='bbox 2067 551 2205 591; x_wconf 92' lang='lat' dir='ltr'><strong>suos</strong></span> <span class='ocrx_word' id='word_1_501' title='bbox 2235 553 2303 591; x_wconf 85' lang='lat' dir='ltr'><strong>ex</strong></span> <span class='ocrx_word' id='word_1_502' title='bbox 2336 536 2584 593; x_wconf 89' lang='lat' dir='ltr'><strong>meritis.</strong></span> <span class='ocrx_word' id='word_1_503' title='bbox 2614 539 2716 595; x_wconf 90' lang='lat' dir='ltr'><strong>Vel</strong></span> <span class='ocrx_word' id='word_1_504' title='bbox 2750 544 3075 598; x_wconf 89' lang='lat' dir='ltr'><strong>secundum</strong></span> <span class='ocrx_word' id='word_1_505' title='bbox 3106 544 3560 616; x_wconf 81' lang='lat' dir='ltr'><strong>Augustinum,«</strong></span> <span class='ocrx_word' id='word_1_506' title='bbox 3583 538 3719 603; x_wconf 76' lang='lat' dir='ltr'><strong>dra-</strong></span> 
     </span>
    </p>
   </div>
   <div class='ocr_carea' id='block_1_64' title="bbox 2062 625 3715 705">
    <p class='ocr_par' dir='ltr' id='par_1_64' title="bbox 2062 625 3715 705">
     <span class='ocr_line' id='line_1_64' title="bbox 2062 625 3715 705; baseline 0.01 -27"><span class='ocrx_word' id='word_1_507' title='bbox 2062 640 2292 691; x_wconf 82' lang='lat' dir='ltr'><strong>cones,»</strong></span> <span class='ocrx_word' id='word_1_508' title='bbox 2309 625 2369 681; x_wconf 91' lang='lat' dir='ltr'><strong>id</strong></span> <span class='ocrx_word' id='word_1_509' title='bbox 2391 631 2479 682; x_wconf 88' lang='lat' dir='ltr'><strong>est</strong></span> <span class='ocrx_word' id='word_1_510' title='bbox 2498 627 2627 684; x_wconf 86' lang='lat' dir='ltr'><strong>vitae</strong></span> <span class='ocrx_word' id='word_1_511' title='bbox 2648 628 2758 685; x_wconf 87' lang='lat' dir='ltr'><strong>illae</strong></span> <span class='ocrx_word' id='word_1_512' title='bbox 2782 632 3418 705; x_wconf 76' lang='lat' dir='ltr'><strong>subterrancm,quibus</strong></span> <span class='ocrx_word' id='word_1_513' title='bbox 3432 634 3715 694; x_wconf 86' lang='lat' dir='ltr'><strong>dracones</strong></span> 
     </span>
    </p>
   </div>
   <div class='ocr_carea' id='block_1_65' title="bbox 2061 711 3716 797">
    <p class='ocr_par' dir='ltr' id='par_1_65' title="bbox 2061 711 3716 797">
     <span class='ocr_line' id='line_1_65' title="bbox 2061 711 3716 797; baseline 0.008 -31"><span class='ocrx_word' id='word_1_514' title='bbox 2061 711 2360 783; x_wconf 87' lang='lat' dir='ltr'><strong>incedunt,</strong></span> <span class='ocrx_word' id='word_1_515' title='bbox 2413 720 2471 771; x_wconf 90' lang='lat' dir='ltr'><strong>et</strong></span> <span class='ocrx_word' id='word_1_516' title='bbox 2530 716 2781 774; x_wconf 86' lang='lat' dir='ltr'><strong>maxime</strong></span> <span class='ocrx_word' id='word_1_517' title='bbox 2832 720 2889 774; x_wconf 92' lang='lat' dir='ltr'><strong>in</strong></span> <span class='ocrx_word' id='word_1_518' title='bbox 2943 720 3157 793; x_wconf 88' lang='lat' dir='ltr'><strong>quibus</strong></span> <span class='ocrx_word' id='word_1_519' title='bbox 3213 724 3303 777; x_wconf 88' lang='lat' dir='ltr'><strong>est</strong></span> <span class='ocrx_word' id='word_1_520' title='bbox 3349 738 3520 793; x_wconf 84' lang='lat' dir='ltr'><strong>aqua,</strong></span> <span class='ocrx_word' id='word_1_521' title='bbox 3575 723 3716 797; x_wconf 89' lang='lat' dir='ltr'><strong>quia</strong></span> 
     </span>
    </p>
   </div>
   <div class='ocr_carea' id='block_1_66' title="bbox 2058 799 3708 881">
    <p class='ocr_par' dir='ltr' id='par_1_66' title="bbox 2058 799 3708 881">
     <span class='ocr_line' id='line_1_66' title="bbox 2058 799 3708 881; baseline 0.008 -26"><span class='ocrx_word' id='word_1_522' title='bbox 2058 799 2240 874; x_wconf 77' lang='lat' dir='ltr'><strong>igneae</strong></span> <span class='ocrx_word' id='word_1_523' title='bbox 2260 807 2482 859; x_wconf 82' lang='lat' dir='ltr'><strong>naturae</strong></span> <span class='ocrx_word' id='word_1_524' title='bbox 2506 810 2663 875; x_wconf 91' lang='lat' dir='ltr'><strong>sunt,</strong></span> <span class='ocrx_word' id='word_1_525' title='bbox 2682 810 2739 861; x_wconf 88' lang='lat' dir='ltr'><strong>et</strong></span> <span class='ocrx_word' id='word_1_526' title='bbox 2755 806 2835 862; x_wconf 92' lang='lat' dir='ltr'><strong>ibi</strong></span> <span class='ocrx_word' id='word_1_527' title='bbox 2855 809 3201 881; x_wconf 84' lang='lat' dir='ltr'><strong>refrigerant</strong></span> <span class='ocrx_word' id='word_1_528' title='bbox 3220 810 3488 866; x_wconf 87' lang='lat' dir='ltr'><strong>ardorem</strong></span> <span class='ocrx_word' id='word_1_529' title='bbox 3511 828 3708 870; x_wconf 88' lang='lat' dir='ltr'><strong>suum.</strong></span> 
     </span>
    </p>
   </div>
   <div class='ocr_carea' id='block_1_67' title="bbox 2060 892 3709 970">
    <p class='ocr_par' dir='ltr' id='par_1_67' title="bbox 2060 892 3709 970">
     <span class='ocr_line' id='line_1_67' title="bbox 2060 892 3709 970; baseline 0.008 -25"><span class='ocrx_word' id='word_1_530' title='bbox 2060 913 2087 939; x_wconf 90' lang='grc'><strong>‹‹</strong></span> <span class='ocrx_word' id='word_1_531' title='bbox 2122 892 2191 945; x_wconf 85' lang='grc' dir='ltr'>Ε1</span> <span class='ocrx_word' id='word_1_532' title='bbox 2220 909 2424 948; x_wconf 89' lang='lat' dir='ltr'><strong>omnes</strong></span> <span class='ocrx_word' id='word_1_533' title='bbox 2456 894 2708 967; x_wconf 84' lang='lat' dir='ltr'><strong>abyssi,»</strong></span> <span class='ocrx_word' id='word_1_534' title='bbox 2742 895 2801 951; x_wconf 91' lang='lat' dir='ltr'><strong>id</strong></span> <span class='ocrx_word' id='word_1_535' title='bbox 2833 901 2922 952; x_wconf 88' lang='lat' dir='ltr'><strong>est</strong></span> <span class='ocrx_word' id='word_1_536' title='bbox 2950 898 3380 969; x_wconf 83' lang='lat' dir='ltr'><strong>profunditates</strong></span> <span class='ocrx_word' id='word_1_537' title='bbox 3412 899 3614 970; x_wconf 89' lang='lat' dir='ltr'><strong>maris,</strong></span> <span class='ocrx_word' id='word_1_538' title='bbox 3648 902 3709 959; x_wconf 91' lang='lat' dir='ltr'><strong>in</strong></span> 
     </span>
    </p>
   </div>
   <div class='ocr_carea' id='block_1_68' title="bbox 2059 979 3706 1060">
    <p class='ocr_par' dir='ltr' id='par_1_68' title="bbox 2059 979 3706 1060">
     <span class='ocr_line' id='line_1_68' title="bbox 2059 979 3706 1060; baseline 0.007 -27"><span class='ocrx_word' id='word_1_539' title='bbox 2059 979 2275 1051; x_wconf 90' lang='lat' dir='ltr'><strong>quibus</strong></span> <span class='ocrx_word' id='word_1_540' title='bbox 2306 982 2460 1037; x_wconf 91' lang='lat' dir='ltr'><strong>Deus</strong></span> <span class='ocrx_word' id='word_1_541' title='bbox 2490 984 2661 1053; x_wconf 91' lang='lat' dir='ltr'><strong>punit</strong></span> <span class='ocrx_word' id='word_1_542' title='bbox 2690 984 2982 1053; x_wconf 86' lang='lat' dir='ltr'><strong>inimicos,</strong></span> <span class='ocrx_word' id='word_1_543' title='bbox 3014 986 3248 1041; x_wconf 89' lang='lat' dir='ltr'><strong>laudate</strong></span> <span class='ocrx_word' id='word_1_544' title='bbox 3278 986 3613 1060; x_wconf 91' lang='lat' dir='ltr'><strong>Dominum,</strong></span> <span class='ocrx_word' id='word_1_545' title='bbox 3646 989 3706 1047; x_wconf 90' lang='lat' dir='ltr'><strong>id</strong></span> 
     </span>
    </p>
   </div>
   <div class='ocr_carea' id='block_1_69' title="bbox 2056 1070 3705 1150">
    <p class='ocr_par' dir='ltr' id='par_1_69' title="bbox 2056 1070 3705 1150">
     <span class='ocr_line' id='line_1_69' title="bbox 2056 1070 3705 1150; baseline 0.008 -29"><span class='ocrx_word' id='word_1_546' title='bbox 2056 1071 2166 1135; x_wconf 92' lang='lat' dir='ltr'><strong>est,</strong></span> <span class='ocrx_word' id='word_1_547' title='bbox 2182 1070 2430 1140; x_wconf 80' lang='lat' dir='ltr'><strong>praebete</strong></span> <span class='ocrx_word' id='word_1_548' title='bbox 2454 1070 2622 1126; x_wconf 90' lang='lat' dir='ltr'><strong>nobis</strong></span> <span class='ocrx_word' id='word_1_549' title='bbox 2645 1073 2949 1128; x_wconf 84' lang='lat' dir='ltr'><strong>materiam</strong></span> <span class='ocrx_word' id='word_1_550' title='bbox 2972 1073 3187 1142; x_wconf 88' lang='lat' dir='ltr'><strong>laudis,</strong></span> <span class='ocrx_word' id='word_1_551' title='bbox 3204 1076 3397 1129; x_wconf 90' lang='lat' dir='ltr'><strong>etc.Et</strong></span> <span class='ocrx_word' id='word_1_552' title='bbox 3418 1070 3705 1150; x_wconf 85' lang='lat' dir='ltr'><strong>quidquid</strong></span> 
     </span>
    </p>
   </div>
   <div class='ocr_carea' id='block_1_70' title="bbox 2057 1156 3703 1233">
    <p class='ocr_par' dir='ltr' id='par_1_70' title="bbox 2057 1156 3703 1233">
     <span class='ocr_line' id='line_1_70' title="bbox 2057 1156 3703 1233; baseline 0.008 -23"><span class='ocrx_word' id='word_1_553' title='bbox 2057 1156 2135 1211; x_wconf 90' lang='lat' dir='ltr'><strong>sit</strong></span> <span class='ocrx_word' id='word_1_554' title='bbox 2162 1156 2219 1212; x_wconf 93' lang='lat' dir='ltr'><strong>in</strong></span> <span class='ocrx_word' id='word_1_555' title='bbox 2248 1158 2356 1213; x_wconf 86' lang='lat' dir='ltr'><strong>hac</strong></span> <span class='ocrx_word' id='word_1_556' title='bbox 2384 1158 2520 1226; x_wconf 91' lang='lat' dir='ltr'><strong>vita,</strong></span> <span class='ocrx_word' id='word_1_557' title='bbox 2555 1159 2689 1216; x_wconf 88' lang='lat' dir='ltr'><strong>licet</strong></span> <span class='ocrx_word' id='word_1_558' title='bbox 2719 1161 2938 1233; x_wconf 85' lang='lat' dir='ltr'><strong>injuste</strong></span> <span class='ocrx_word' id='word_1_559' title='bbox 2983 1162 3251 1218; x_wconf 87' lang='lat' dir='ltr'><strong>videatur</strong></span> <span class='ocrx_word' id='word_1_560' title='bbox 3279 1179 3407 1219; x_wconf 86' lang='lat' dir='ltr'><strong>esse</strong></span> <span class='ocrx_word' id='word_1_561' title='bbox 3438 1165 3608 1233; x_wconf 87' lang='lat' dir='ltr'><strong>facta,</strong></span> <span class='ocrx_word' id='word_1_562' title='bbox 3642 1167 3703 1224; x_wconf 89' lang='lat' dir='ltr'><strong>in</strong></span> 
     </span>
    </p>
   </div>
   <div class='ocr_carea' id='block_1_71' title="bbox 2056 1244 3705 1323">
    <p class='ocr_par' dir='ltr' id='par_1_71' title="bbox 2056 1244 3705 1323">
     <span class='ocr_line' id='line_1_71' title="bbox 2056 1244 3705 1323; baseline 0.008 -24"><span class='ocrx_word' id='word_1_563' title='bbox 2056 1244 2171 1300; x_wconf 89' lang='lat' dir='ltr'><strong>alia</strong></span> <span class='ocrx_word' id='word_1_564' title='bbox 2198 1247 2460 1317; x_wconf 87' lang='lat' dir='ltr'><strong>quidem,</strong></span> <span class='ocrx_word' id='word_1_565' title='bbox 2483 1250 2719 1321; x_wconf 86' lang='lat' dir='ltr'><strong>quando</strong></span> <span class='ocrx_word' id='word_1_566' title='bbox 2751 1267 3171 1322; x_wconf 82' lang='lat' dir='ltr'><strong>cognoscemus</strong></span> <span class='ocrx_word' id='word_1_567' title='bbox 3193 1269 3309 1323; x_wconf 90' lang='lat' dir='ltr'><strong>quo</strong></span> <span class='ocrx_word' id='word_1_568' title='bbox 3342 1252 3582 1310; x_wconf 89' lang='lat' dir='ltr'><strong>consilio</strong></span> <span class='ocrx_word' id='word_1_569' title='bbox 3602 1256 3705 1314; x_wconf 91' lang='lat' dir='ltr'><strong>Dei</strong></span> 
     </span>
    </p>
   </div>
   <div class='ocr_carea' id='block_1_72' title="bbox 2055 1334 3300 1403">
    <p class='ocr_par' dir='ltr' id='par_1_72' title="bbox 2055 1334 3300 1403">
     <span class='ocr_line' id='line_1_72' title="bbox 2055 1334 3300 1403; baseline 0.006 -15"><span class='ocrx_word' id='word_1_570' title='bbox 2055 1334 2174 1389; x_wconf 91' lang='lat' dir='ltr'><strong>sint</strong></span> <span class='ocrx_word' id='word_1_571' title='bbox 2206 1336 2375 1403; x_wconf 89' lang='lat' dir='ltr'><strong>facta,</strong></span> <span class='ocrx_word' id='word_1_572' title='bbox 2410 1341 2583 1393; x_wconf 90' lang='lat' dir='ltr'><strong>erunt</strong></span> <span class='ocrx_word' id='word_1_573' title='bbox 2612 1338 2781 1394; x_wconf 90' lang='lat' dir='ltr'><strong>nobis</strong></span> <span class='ocrx_word' id='word_1_574' title='bbox 2811 1340 3055 1395; x_wconf 85' lang='lat' dir='ltr'><strong>materia</strong></span> <span class='ocrx_word' id='word_1_575' title='bbox 3085 1340 3300 1396; x_wconf 87' lang='lat' dir='ltr'><strong>laudis.</strong></span> 
     </span>
    </p>
   </div>
   <div class='ocr_carea' id='block_1_73' title="bbox 2125 1425 3704 1501">
    <p class='ocr_par' dir='ltr' id='par_1_73' title="bbox 2125 1425 3704 1501">
     <span class='ocr_line' id='line_1_73' title="bbox 2125 1425 3704 1501; baseline 0.007 -23"><span class='ocrx_word' id='word_1_576' title='bbox 2125 1446 2151 1473; x_wconf 84' lang='lat'><strong><em>«</em></strong></span> <span class='ocrx_word' id='word_1_577' title='bbox 2188 1425 2345 1498; x_wconf 89' lang='lat' dir='ltr'><strong>Ignis</strong></span> <span class='ocrx_word' id='word_1_578' title='bbox 2380 1449 2407 1474; x_wconf 89' lang='grc'><strong>››</strong></span> <span class='ocrx_word' id='word_1_579' title='bbox 2438 1426 2702 1495; x_wconf 89' lang='lat' dir='ltr'><strong>etiam,id</strong></span> <span class='ocrx_word' id='word_1_580' title='bbox 2727 1432 2817 1484; x_wconf 90' lang='lat' dir='ltr'><strong>est</strong></span> <span class='ocrx_word' id='word_1_581' title='bbox 2847 1429 3176 1485; x_wconf 88' lang='lat' dir='ltr'><strong>combustio</strong></span> <span class='ocrx_word' id='word_1_582' title='bbox 3198 1429 3341 1486; x_wconf 90' lang='lat' dir='ltr'><strong>solis</strong></span> <span class='ocrx_word' id='word_1_583' title='bbox 3364 1430 3704 1501; x_wconf 82' lang='lat' dir='ltr'><strong>maxima,et</strong></span> 
     </span>
    </p>
   </div>
   <div class='ocr_carea' id='block_1_74' title="bbox 2055 1504 3701 1590">
    <p class='ocr_par' dir='ltr' id='par_1_74' title="bbox 2055 1504 3701 1590">
     <span class='ocr_line' id='line_1_74' title="bbox 2055 1504 3701 1590; baseline 0.01 -29"><span class='ocrx_word' id='word_1_584' title='bbox 2055 1536 2082 1561; x_wconf 87' lang='grc'><strong>‹‹</strong></span> <span class='ocrx_word' id='word_1_585' title='bbox 2113 1514 2360 1585; x_wconf 86' lang='lat' dir='ltr'><strong>grando,</strong></span> <span class='ocrx_word' id='word_1_586' title='bbox 2386 1537 2412 1563; x_wconf 89' lang='grc'><strong>››</strong></span> <span class='ocrx_word' id='word_1_587' title='bbox 2446 1533 2570 1587; x_wconf 72' lang='lat' dir='ltr'><strong>qum</strong></span> <span class='ocrx_word' id='word_1_588' title='bbox 2602 1518 2910 1572; x_wconf 91' lang='lat' dir='ltr'><strong>contundit</strong></span> <span class='ocrx_word' id='word_1_589' title='bbox 2938 1522 3183 1590; x_wconf 86' lang='lat' dir='ltr'><strong>segetes,</strong></span> <span class='ocrx_word' id='word_1_590' title='bbox 3209 1523 3266 1575; x_wconf 88' lang='lat' dir='ltr'><strong>et</strong></span> <span class='ocrx_word' id='word_1_591' title='bbox 3287 1519 3489 1577; x_wconf 88' lang='lat' dir='ltr'><strong>multis</strong></span> <span class='ocrx_word' id='word_1_592' title='bbox 3511 1504 3701 1578; x_wconf 86' lang='lat' dir='ltr'><strong>modis</strong></span> 
     </span>
    </p>
   </div>
   <div class='ocr_carea' id='block_1_75' title="bbox 2052 1602 3699 1683">
    <p class='ocr_par' dir='ltr' id='par_1_75' title="bbox 2052 1602 3699 1683">
     <span class='ocr_line' id='line_1_75' title="bbox 2052 1602 3699 1683; baseline 0.005 -27"><span class='ocrx_word' id='word_1_593' title='bbox 2052 1606 2240 1669; x_wconf 88' lang='lat' dir='ltr'><strong>nocet,</strong></span> <span class='ocrx_word' id='word_1_594' title='bbox 2275 1626 2302 1651; x_wconf 93' lang='grc'><em>‹‹</em></span> <span class='ocrx_word' id='word_1_595' title='bbox 2332 1602 2429 1658; x_wconf 81' lang='lat' dir='ltr'><strong>nix</strong></span> <span class='ocrx_word' id='word_1_596' title='bbox 2462 1627 2488 1653; x_wconf 86' lang='grc'><strong>››</strong></span> <span class='ocrx_word' id='word_1_597' title='bbox 2516 1605 2712 1674; x_wconf 88' lang='lat' dir='ltr'><strong>etiam,</strong></span> <span class='ocrx_word' id='word_1_598' title='bbox 2747 1610 2805 1661; x_wconf 92' lang='lat' dir='ltr'><strong>et</strong></span> <span class='ocrx_word' id='word_1_599' title='bbox 2852 1629 2879 1656; x_wconf 88' lang='grc'><strong>‹‹</strong></span> <span class='ocrx_word' id='word_1_600' title='bbox 2913 1605 3154 1679; x_wconf 86' lang='lat' dir='ltr'><strong>glacies,</strong></span> <span class='ocrx_word' id='word_1_601' title='bbox 3186 1607 3429 1680; x_wconf 87' lang='lat' dir='ltr'><strong>spiritus</strong></span> <span class='ocrx_word' id='word_1_602' title='bbox 3477 1610 3699 1683; x_wconf 85' lang='lat' dir='ltr'><strong>procel-</strong></span> 
     </span>
    </p>
   </div>
   <div class='ocr_carea' id='block_1_76' title="bbox 2050 1688 3700 1769">
    <p class='ocr_par' dir='ltr' id='par_1_76' title="bbox 2050 1688 3700 1769">
     <span class='ocr_line' id='line_1_76' title="bbox 2050 1688 3700 1769; baseline 0.006 -25"><span class='ocrx_word' id='word_1_603' title='bbox 2050 1688 2263 1758; x_wconf 88' lang='lat' dir='ltr'><strong>larum,</strong></span> <span class='ocrx_word' id='word_1_604' title='bbox 2299 1714 2326 1740; x_wconf 84' lang='lat'>»</span> <span class='ocrx_word' id='word_1_605' title='bbox 2360 1691 2415 1746; x_wconf 89' lang='lat' dir='ltr'><strong>id</strong></span> <span class='ocrx_word' id='word_1_606' title='bbox 2448 1697 2538 1748; x_wconf 91' lang='lat' dir='ltr'><strong>est</strong></span> <span class='ocrx_word' id='word_1_607' title='bbox 2568 1710 2818 1765; x_wconf 86' lang='lat' dir='ltr'><strong>magnus</strong></span> <span class='ocrx_word' id='word_1_608' title='bbox 2847 1700 3154 1750; x_wconf 89' lang='lat' dir='ltr'><strong>ventorum</strong></span> <span class='ocrx_word' id='word_1_609' title='bbox 3189 1697 3469 1768; x_wconf 89' lang='lat' dir='ltr'><strong>impetus,</strong></span> <span class='ocrx_word' id='word_1_610' title='bbox 3493 1698 3594 1769; x_wconf 91' lang='lat' dir='ltr'><strong>qui</strong></span> <span class='ocrx_word' id='word_1_611' title='bbox 3617 1700 3700 1754; x_wconf 92' lang='lat' dir='ltr'><strong>di-</strong></span> 
     </span>
    </p>
   </div>
   <div class='ocr_carea' id='block_1_77' title="bbox 2050 1780 3694 1853">
    <p class='ocr_par' dir='ltr' id='par_1_77' title="bbox 2050 1780 3694 1853">
     <span class='ocr_line' id='line_1_77' title="bbox 2050 1780 3694 1853; baseline 0.005 -19"><span class='ocrx_word' id='word_1_612' title='bbox 2050 1780 2263 1853; x_wconf 89' lang='lat' dir='ltr'><strong>mergit</strong></span> <span class='ocrx_word' id='word_1_613' title='bbox 2292 1797 2467 1837; x_wconf 89' lang='lat' dir='ltr'><strong>naves</strong></span> <span class='ocrx_word' id='word_1_614' title='bbox 2498 1781 2556 1837; x_wconf 90' lang='lat' dir='ltr'><strong>in</strong></span> <span class='ocrx_word' id='word_1_615' title='bbox 2590 1782 2761 1851; x_wconf 88' lang='lat' dir='ltr'><strong>mari,</strong></span> <span class='ocrx_word' id='word_1_616' title='bbox 2792 1787 2850 1838; x_wconf 89' lang='lat' dir='ltr'><strong>et</strong></span> <span class='ocrx_word' id='word_1_617' title='bbox 2877 1783 3134 1839; x_wconf 88' lang='lat' dir='ltr'><strong>vindicat</strong></span> <span class='ocrx_word' id='word_1_618' title='bbox 3167 1785 3352 1839; x_wconf 88' lang='lat' dir='ltr'><strong>Deum</strong></span> <span class='ocrx_word' id='word_1_619' title='bbox 3384 1785 3455 1840; x_wconf 93' lang='lat' dir='ltr'><strong>de</strong></span> <span class='ocrx_word' id='word_1_620' title='bbox 3482 1790 3694 1843; x_wconf 84' lang='lat' dir='ltr'><strong>nauta--</strong></span> 
     </span>
    </p>
   </div>
   <div class='ocr_carea' id='block_1_78' title="bbox 2046 1869 3691 1943">
    <p class='ocr_par' dir='ltr' id='par_1_78' title="bbox 2046 1869 3691 1943">
     <span class='ocr_line' id='line_1_78' title="bbox 2046 1869 3691 1943; baseline 0.005 -21"><span class='ocrx_word' id='word_1_621' title='bbox 2046 1885 2178 1923; x_wconf 90' lang='lat' dir='ltr'><strong>rum</strong></span> <span class='ocrx_word' id='word_1_622' title='bbox 2211 1869 2536 1941; x_wconf 90' lang='lat' dir='ltr'><strong>iniquitate,</strong></span> <span class='ocrx_word' id='word_1_623' title='bbox 2563 1871 2856 1942; x_wconf 76' lang='lat' dir='ltr'><strong>praebeant</strong></span> <span class='ocrx_word' id='word_1_624' title='bbox 2879 1871 3047 1928; x_wconf 89' lang='lat' dir='ltr'><strong>nobis</strong></span> <span class='ocrx_word' id='word_1_625' title='bbox 3073 1872 3379 1928; x_wconf 88' lang='lat' dir='ltr'><strong>materiam</strong></span> <span class='ocrx_word' id='word_1_626' title='bbox 3411 1873 3691 1943; x_wconf 86' lang='lat' dir='ltr'><strong>laudandi</strong></span> 
     </span>
    </p>
   </div>
   <div class='ocr_carea' id='block_1_79' title="bbox 2042 1957 3691 2031">
    <p class='ocr_par' dir='ltr' id='par_1_79' title="bbox 2042 1957 3691 2031">
     <span class='ocr_line' id='line_1_79' title="bbox 2042 1957 3691 2031; baseline 0.005 -19"><span class='ocrx_word' id='word_1_627' title='bbox 2042 1957 2227 2013; x_wconf 91' lang='lat' dir='ltr'><strong>Deum</strong></span> <span class='ocrx_word' id='word_1_628' title='bbox 2252 1975 2266 2012; x_wconf 85' lang='lat'><strong>:</strong></span> <span class='ocrx_word' id='word_1_629' title='bbox 2302 1960 2567 2031; x_wconf 88' lang='lat' dir='ltr'><strong>quamvis</strong></span> <span class='ocrx_word' id='word_1_630' title='bbox 2598 1960 2718 2015; x_wconf 82' lang='lat' dir='ltr'><strong>haec</strong></span> <span class='ocrx_word' id='word_1_631' title='bbox 2748 1961 2946 2016; x_wconf 89' lang='lat' dir='ltr'><strong>omnia</strong></span> <span class='ocrx_word' id='word_1_632' title='bbox 2964 1961 3275 2017; x_wconf 91' lang='lat' dir='ltr'><strong>videantur</strong></span> <span class='ocrx_word' id='word_1_633' title='bbox 3296 1962 3496 2020; x_wconf 86' lang='lat' dir='ltr'><strong>stultis</strong></span> <span class='ocrx_word' id='word_1_634' title='bbox 3521 1979 3555 2019; x_wconf 89' lang='lat' dir='ltr'><strong>a</strong></span> <span class='ocrx_word' id='word_1_635' title='bbox 3574 1963 3691 2021; x_wconf 89' lang='lat' dir='ltr'><strong>Deo</strong></span> 
     </span>
    </p>
   </div>
   <div class='ocr_carea' id='block_1_80' title="bbox 2042 2045 3692 2124">
    <p class='ocr_par' dir='ltr' id='par_1_80' title="bbox 2042 2045 3692 2124">
     <span class='ocr_line' id='line_1_80' title="bbox 2042 2045 3692 2124; baseline 0.007 -25"><span class='ocrx_word' id='word_1_636' title='bbox 2042 2045 2261 2116; x_wconf 91' lang='lat' dir='ltr'><strong>injuste</strong></span> <span class='ocrx_word' id='word_1_637' title='bbox 2292 2047 2462 2118; x_wconf 87' lang='lat' dir='ltr'><strong>facta,</strong></span> <span class='ocrx_word' id='word_1_638' title='bbox 2496 2051 2695 2107; x_wconf 89' lang='lat' dir='ltr'><strong>tamen.</strong></span> <span class='ocrx_word' id='word_1_639' title='bbox 2725 2048 2940 2105; x_wconf 88' lang='lat' dir='ltr'><strong>debent</strong></span> <span class='ocrx_word' id='word_1_640' title='bbox 2970 2049 3140 2105; x_wconf 88' lang='lat' dir='ltr'><strong>nobis</strong></span> <span class='ocrx_word' id='word_1_641' title='bbox 3170 2050 3228 2105; x_wconf 93' lang='lat' dir='ltr'><strong>in</strong></span> <span class='ocrx_word' id='word_1_642' title='bbox 3277 2052 3386 2107; x_wconf 92' lang='lat' dir='ltr'><strong>hoc</strong></span> <span class='ocrx_word' id='word_1_643' title='bbox 3436 2052 3692 2124; x_wconf 81' lang='lat' dir='ltr'><strong>praebere</strong></span> 
     </span>
    </p>
   </div>
   <div class='ocr_carea' id='block_1_81' title="bbox 2040 2135 3687 2212">
    <p class='ocr_par' dir='ltr' id='par_1_81' title="bbox 2040 2135 3687 2212">
     <span class='ocr_line' id='line_1_81' title="bbox 2040 2135 3687 2212; baseline 0.005 -24"><span class='ocrx_word' id='word_1_644' title='bbox 2040 2135 2346 2190; x_wconf 88' lang='lat' dir='ltr'><strong>materiam</strong></span> <span class='ocrx_word' id='word_1_645' title='bbox 2375 2135 2653 2191; x_wconf 90' lang='lat' dir='ltr'><strong>laudandi</strong></span> <span class='ocrx_word' id='word_1_646' title='bbox 2686 2160 2715 2186; x_wconf 89' lang='grc'><strong>‹‹</strong></span> <span class='ocrx_word' id='word_1_647' title='bbox 2740 2155 2867 2209; x_wconf 81' lang='lat' dir='ltr'><strong>quae</strong></span> <span class='ocrx_word' id='word_1_648' title='bbox 2900 2138 3121 2193; x_wconf 89' lang='lat' dir='ltr'><strong>faciunt</strong></span> <span class='ocrx_word' id='word_1_649' title='bbox 3147 2140 3390 2195; x_wconf 90' lang='lat' dir='ltr'><strong>verbum</strong></span> <span class='ocrx_word' id='word_1_650' title='bbox 3421 2141 3605 2212; x_wconf 80' lang='lat' dir='ltr'><strong>ejus,»</strong></span> <span class='ocrx_word' id='word_1_651' title='bbox 3628 2140 3687 2197; x_wconf 93' lang='lat' dir='ltr'><strong>id</strong></span> 
     </span>
    </p>
   </div>
   <div class='ocr_carea' id='block_1_82' title="bbox 2039 2224 3437 2299">
    <p class='ocr_par' dir='ltr' id='par_1_82' title="bbox 2039 2224 3437 2299">
     <span class='ocr_line' id='line_1_82' title="bbox 2039 2224 3437 2299; baseline 0.004 -22"><span class='ocrx_word' id='word_1_652' title='bbox 2039 2226 2147 2292; x_wconf 89' lang='lat' dir='ltr'><strong>est,</strong></span> <span class='ocrx_word' id='word_1_653' title='bbox 2181 2240 2283 2295; x_wconf 91' lang='lat' dir='ltr'><strong>per</strong></span> <span class='ocrx_word' id='word_1_654' title='bbox 2313 2224 2513 2280; x_wconf 88' lang='lat' dir='ltr'><strong>omnia</strong></span> <span class='ocrx_word' id='word_1_655' title='bbox 2542 2225 2802 2281; x_wconf 88' lang='lat' dir='ltr'><strong>serviunt</strong></span> <span class='ocrx_word' id='word_1_656' title='bbox 2829 2226 3116 2282; x_wconf 86' lang='lat' dir='ltr'><strong>voluntati</strong></span> <span class='ocrx_word' id='word_1_657' title='bbox 3146 2228 3275 2299; x_wconf 89' lang='lat' dir='ltr'><strong>ejus</strong></span> <span class='ocrx_word' id='word_1_658' title='bbox 3314 2227 3437 2282; x_wconf 91' lang='lat' dir='ltr'><strong>Dei.</strong></span> 
     </span>
    </p>
   </div>
   <div class='ocr_carea' id='block_1_83' title="bbox 2112 2312 3688 2389">
    <p class='ocr_par' dir='ltr' id='par_1_83' title="bbox 2112 2312 3688 2389">
     <span class='ocr_line' id='line_1_83' title="bbox 2112 2312 3688 2389; baseline 0.003 -21"><span class='ocrx_word' id='word_1_659' title='bbox 2112 2333 2140 2363; x_wconf 85' lang='lat'><strong>«</strong></span> <span class='ocrx_word' id='word_1_660' title='bbox 2164 2312 2389 2369; x_wconf 88' lang='lat' dir='ltr'><strong>Montes</strong></span> <span class='ocrx_word' id='word_1_661' title='bbox 2406 2317 2462 2369; x_wconf 90' lang='grc'><strong>01</strong></span> <span class='ocrx_word' id='word_1_662' title='bbox 2477 2331 2680 2370; x_wconf 86' lang='grc'>01111108</span> <span class='ocrx_word' id='word_1_663' title='bbox 2698 2315 2894 2383; x_wconf 86' lang='grc'>001108,</span> <span class='ocrx_word' id='word_1_664' title='bbox 2910 2314 3072 2389; x_wconf 89' lang='lat' dir='ltr'><strong>ligna</strong></span> <span class='ocrx_word' id='word_1_665' title='bbox 3087 2316 3386 2371; x_wconf 86' lang='lat' dir='ltr'><strong>fructifera</strong></span> <span class='ocrx_word' id='word_1_666' title='bbox 3407 2319 3466 2371; x_wconf 91' lang='lat' dir='ltr'><strong>et</strong></span> <span class='ocrx_word' id='word_1_667' title='bbox 3483 2332 3688 2374; x_wconf 90' lang='lat' dir='ltr'><strong>omnes</strong></span> 
     </span>
    </p>
   </div>
   <div class='ocr_carea' id='block_1_84' title="bbox 2036 2400 3384 2474">
    <p class='ocr_par' dir='ltr' id='par_1_84' title="bbox 2036 2400 3384 2474">
     <span class='ocr_line' id='line_1_84' title="bbox 2036 2400 3384 2474; baseline 0.004 -19"><span class='ocrx_word' id='word_1_668' title='bbox 2036 2400 2215 2470; x_wconf 90' lang='lat' dir='ltr'><strong>cedri,</strong></span> <span class='ocrx_word' id='word_1_669' title='bbox 2245 2424 2273 2451; x_wconf 87' lang='lat'>»</span> <span class='ocrx_word' id='word_1_670' title='bbox 2306 2402 2603 2474; x_wconf 82' lang='lat' dir='ltr'><strong>praebeant</strong></span> <span class='ocrx_word' id='word_1_671' title='bbox 2633 2403 2803 2458; x_wconf 90' lang='lat' dir='ltr'><strong>nobis</strong></span> <span class='ocrx_word' id='word_1_672' title='bbox 2833 2403 3140 2459; x_wconf 86' lang='lat' dir='ltr'><strong>materiam</strong></span> <span class='ocrx_word' id='word_1_673' title='bbox 3171 2403 3384 2460; x_wconf 87' lang='lat' dir='ltr'><strong>laudis.</strong></span> 
     </span>
    </p>
   </div>
   <div class='ocr_carea' id='block_1_85' title="bbox 2109 2490 3689 2560">
    <p class='ocr_par' dir='ltr' id='par_1_85' title="bbox 2109 2490 3689 2560">
     <span class='ocr_line' id='line_1_85' title="bbox 2109 2490 3689 2560; baseline 0.007 -21"><span class='ocrx_word' id='word_1_674' title='bbox 2109 2512 2137 2539; x_wconf 83' lang='lat'><strong><em>«</em></strong></span> <span class='ocrx_word' id='word_1_675' title='bbox 2166 2490 2424 2559; x_wconf 56' lang='lat' dir='ltr'><strong>Bestia,»</strong></span> <span class='ocrx_word' id='word_1_676' title='bbox 2454 2490 2511 2546; x_wconf 91' lang='lat' dir='ltr'><strong>id</strong></span> <span class='ocrx_word' id='word_1_677' title='bbox 2535 2495 2625 2547; x_wconf 88' lang='lat' dir='ltr'><strong>est</strong></span> <span class='ocrx_word' id='word_1_678' title='bbox 2654 2491 2850 2547; x_wconf 89' lang='lat' dir='ltr'><strong>leones</strong></span> <span class='ocrx_word' id='word_1_679' title='bbox 2870 2495 2927 2548; x_wconf 92' lang='lat' dir='ltr'><strong>et</strong></span> <span class='ocrx_word' id='word_1_680' title='bbox 2949 2492 3156 2560; x_wconf 86' lang='lat' dir='ltr'><strong>ursi,et</strong></span> <span class='ocrx_word' id='word_1_681' title='bbox 3177 2496 3382 2549; x_wconf 86' lang='lat' dir='ltr'><strong>caetera</strong></span> <span class='ocrx_word' id='word_1_682' title='bbox 3403 2493 3689 2551; x_wconf 89' lang='lat' dir='ltr'><strong>indomita</strong></span> 
     </span>
    </p>
   </div>
   <div class='ocr_carea' id='block_1_86' title="bbox 2035 2577 3684 2655">
    <p class='ocr_par' dir='ltr' id='par_1_86' title="bbox 2035 2577 3684 2655">
     <span class='ocr_line' id='line_1_86' title="bbox 2035 2577 3684 2655; baseline 0.004 -22"><span class='ocrx_word' id='word_1_683' title='bbox 2035 2577 2334 2647; x_wconf 89' lang='lat' dir='ltr'><strong>animalia,</strong></span> <span class='ocrx_word' id='word_1_684' title='bbox 2369 2579 2592 2635; x_wconf 87' lang='lat' dir='ltr'><strong>scilicet</strong></span> <span class='ocrx_word' id='word_1_685' title='bbox 2623 2580 2888 2635; x_wconf 88' lang='lat' dir='ltr'><strong>crudeles</strong></span> <span class='ocrx_word' id='word_1_686' title='bbox 2920 2581 3140 2648; x_wconf 83' lang='lat' dir='ltr'><strong>bestiae,</strong></span> <span class='ocrx_word' id='word_1_687' title='bbox 3162 2604 3189 2631; x_wconf 86' lang='grc'><em>‹‹</em></span> <span class='ocrx_word' id='word_1_688' title='bbox 3210 2584 3266 2636; x_wconf 87' lang='grc'><strong>01</strong></span> <span class='ocrx_word' id='word_1_689' title='bbox 3296 2581 3568 2638; x_wconf 88' lang='lat' dir='ltr'><strong>universa</strong></span> <span class='ocrx_word' id='word_1_690' title='bbox 3586 2600 3684 2655; x_wconf 87' lang='lat' dir='ltr'><strong>pe-</strong></span> 
     </span>
    </p>
   </div>
   <div class='ocr_carea' id='block_1_87' title="bbox 2035 2668 3687 2745">
    <p class='ocr_par' dir='ltr' id='par_1_87' title="bbox 2035 2668 3687 2745">
     <span class='ocr_line' id='line_1_87' title="bbox 2035 2668 3687 2745; baseline 0.003 -23"><span class='ocrx_word' id='word_1_691' title='bbox 2035 2684 2189 2735; x_wconf 85' lang='lat' dir='ltr'><strong>cora,</strong></span> <span class='ocrx_word' id='word_1_692' title='bbox 2221 2690 2250 2719; x_wconf 83' lang='lat'>»</span> <span class='ocrx_word' id='word_1_693' title='bbox 2287 2671 2351 2722; x_wconf 92' lang='lat' dir='ltr'><strong>ut</strong></span> <span class='ocrx_word' id='word_1_694' title='bbox 2380 2669 2554 2723; x_wconf 87' lang='lat' dir='ltr'><strong>boves</strong></span> <span class='ocrx_word' id='word_1_695' title='bbox 2584 2672 2641 2723; x_wconf 89' lang='lat' dir='ltr'><strong>et</strong></span> <span class='ocrx_word' id='word_1_696' title='bbox 2670 2672 2878 2723; x_wconf 79' lang='lat' dir='ltr'><strong>caetera</strong></span> <span class='ocrx_word' id='word_1_697' title='bbox 2906 2668 3442 2735; x_wconf 88' lang='lat' dir='ltr'><strong>animalia,domita</strong></span> <span class='ocrx_word' id='word_1_698' title='bbox 3465 2669 3687 2745; x_wconf 77' lang='lat' dir='ltr'><strong>scilicet</strong></span> 
     </span>
    </p>
   </div>
   <div class='ocr_carea' id='block_1_88' title="bbox 2032 2744 3679 2829">
    <p class='ocr_par' dir='ltr' id='par_1_88' title="bbox 2032 2744 3679 2829">
     <span class='ocr_line' id='line_1_88' title="bbox 2032 2744 3679 2829; baseline 0.002 -19"><span class='ocrx_word' id='word_1_699' title='bbox 2032 2756 2327 2828; x_wconf 80' lang='lat' dir='ltr'><strong>praebeant</strong></span> <span class='ocrx_word' id='word_1_700' title='bbox 2359 2755 2590 2812; x_wconf 91' lang='lat' dir='ltr'><strong>laudem</strong></span> <span class='ocrx_word' id='word_1_701' title='bbox 2621 2756 2736 2812; x_wconf 89' lang='lat' dir='ltr'><strong>Deo</strong></span> <span class='ocrx_word' id='word_1_702' title='bbox 2777 2772 2879 2829; x_wconf 89' lang='lat' dir='ltr'><strong>per</strong></span> <span class='ocrx_word' id='word_1_703' title='bbox 2925 2756 3268 2811; x_wconf 90' lang='lat' dir='ltr'><strong>rationalem</strong></span> <span class='ocrx_word' id='word_1_704' title='bbox 3317 2744 3679 2829; x_wconf 78' lang='lat' dir='ltr'><strong>creaturam;</strong></span> 
     </span>
    </p>
   </div>
   <div class='ocr_carea' id='block_1_89' title="bbox 2033 2844 3681 2918">
    <p class='ocr_par' dir='ltr' id='par_1_89' title="bbox 2033 2844 3681 2918">
     <span class='ocr_line' id='line_1_89' title="bbox 2033 2844 3681 2918; baseline 0.002 -19"><span class='ocrx_word' id='word_1_705' title='bbox 2033 2867 2061 2894; x_wconf 85' lang='lat'><strong><em>«</em></strong></span> <span class='ocrx_word' id='word_1_706' title='bbox 2096 2849 2397 2916; x_wconf 88' lang='lat' dir='ltr'><strong>serpentes</strong></span> <span class='ocrx_word' id='word_1_707' title='bbox 2426 2848 2483 2899; x_wconf 93' lang='grc'><strong>01</strong></span> <span class='ocrx_word' id='word_1_708' title='bbox 2509 2844 2774 2900; x_wconf 89' lang='lat' dir='ltr'><strong>volucres</strong></span> <span class='ocrx_word' id='word_1_709' title='bbox 2806 2849 3090 2918; x_wconf 85' lang='lat' dir='ltr'><strong>pennatae.</strong></span> <span class='ocrx_word' id='word_1_710' title='bbox 3120 2866 3146 2894; x_wconf 84' lang='lat'><strong>»</strong></span> <span class='ocrx_word' id='word_1_711' title='bbox 3179 2844 3529 2917; x_wconf 89' lang='lat' dir='ltr'><strong>Supradicta</strong></span> <span class='ocrx_word' id='word_1_712' title='bbox 3556 2863 3681 2903; x_wconf 88' lang='lat' dir='ltr'><strong>om-</strong></span> 
     </span>
    </p>
   </div>
   <div class='ocr_carea' id='block_1_90' title="bbox 2030 2932 3678 3007">
    <p class='ocr_par' dir='ltr' id='par_1_90' title="bbox 2030 2932 3678 3007">
     <span class='ocr_line' id='line_1_90' title="bbox 2030 2932 3678 3007; baseline 0.002 -19"><span class='ocrx_word' id='word_1_713' title='bbox 2030 2932 2130 2988; x_wconf 93' lang='lat' dir='ltr'><strong>nia</strong></span> <span class='ocrx_word' id='word_1_714' title='bbox 2159 2934 2231 2988; x_wconf 89' lang='lat' dir='ltr'><strong>ad</strong></span> <span class='ocrx_word' id='word_1_715' title='bbox 2262 2932 2519 2989; x_wconf 87' lang='lat' dir='ltr'><strong>litteram</strong></span> <span class='ocrx_word' id='word_1_716' title='bbox 2550 2932 2866 3004; x_wconf 90' lang='lat' dir='ltr'><strong>intellecta,</strong></span> <span class='ocrx_word' id='word_1_717' title='bbox 2889 2934 2998 2989; x_wconf 89' lang='lat' dir='ltr'><strong>hoc</strong></span> <span class='ocrx_word' id='word_1_718' title='bbox 3021 2934 3216 3002; x_wconf 93' lang='lat' dir='ltr'><strong>modo,</strong></span> <span class='ocrx_word' id='word_1_719' title='bbox 3238 2938 3303 2990; x_wconf 89' lang='lat' dir='ltr'><strong>ut</strong></span> <span class='ocrx_word' id='word_1_720' title='bbox 3320 2933 3546 2990; x_wconf 89' lang='lat' dir='ltr'><strong>dictum</strong></span> <span class='ocrx_word' id='word_1_721' title='bbox 3568 2939 3678 3007; x_wconf 83' lang='lat' dir='ltr'><strong>est,</strong></span> 
     </span>
    </p>
   </div>
   <div class='ocr_carea' id='block_1_91' title="bbox 2031 3021 3680 3103">
    <p class='ocr_par' dir='ltr' id='par_1_91' title="bbox 2031 3021 3680 3103">
     <span class='ocr_line' id='line_1_91' title="bbox 2031 3021 3680 3103; baseline 0.002 -27"><span class='ocrx_word' id='word_1_722' title='bbox 2031 3021 2273 3078; x_wconf 87' lang='lat' dir='ltr'><strong>laudent</strong></span> <span class='ocrx_word' id='word_1_723' title='bbox 2300 3023 2506 3089; x_wconf 89' lang='lat' dir='ltr'><strong>Deum,</strong></span> <span class='ocrx_word' id='word_1_724' title='bbox 2538 3021 2762 3079; x_wconf 89' lang='lat' dir='ltr'><strong>scilicet</strong></span> <span class='ocrx_word' id='word_1_725' title='bbox 2789 3024 2942 3095; x_wconf 91' lang='lat' dir='ltr'><strong>quod</strong></span> <span class='ocrx_word' id='word_1_726' title='bbox 2971 3023 3264 3095; x_wconf 83' lang='lat' dir='ltr'><strong>praebeant</strong></span> <span class='ocrx_word' id='word_1_727' title='bbox 3295 3023 3464 3079; x_wconf 90' lang='lat' dir='ltr'><strong>nobis</strong></span> <span class='ocrx_word' id='word_1_728' title='bbox 3495 3027 3680 3103; x_wconf 88' lang='lat' dir='ltr'><strong>mate-</strong></span> 
     </span>
    </p>
   </div>
   <div class='ocr_carea' id='block_1_92' title="bbox 2031 3111 3680 3186">
    <p class='ocr_par' dir='ltr' id='par_1_92' title="bbox 2031 3111 3680 3186">
     <span class='ocr_line' id='line_1_92' title="bbox 2031 3111 3680 3186; baseline 0.002 -20"><span class='ocrx_word' id='word_1_729' title='bbox 2031 3112 2149 3167; x_wconf 88' lang='lat' dir='ltr'><strong>rias</strong></span> <span class='ocrx_word' id='word_1_730' title='bbox 2178 3111 2457 3167; x_wconf 89' lang='lat' dir='ltr'><strong>laudandi</strong></span> <span class='ocrx_word' id='word_1_731' title='bbox 2488 3112 2695 3167; x_wconf 91' lang='lat' dir='ltr'><strong>Deum.</strong></span> <span class='ocrx_word' id='word_1_732' title='bbox 2730 3111 2985 3167; x_wconf 87' lang='lat' dir='ltr'><strong>Possunt</strong></span> <span class='ocrx_word' id='word_1_733' title='bbox 3031 3111 3207 3167; x_wconf 87' lang='lat' dir='ltr'><strong>etiam</strong></span> <span class='ocrx_word' id='word_1_734' title='bbox 3257 3111 3564 3186; x_wconf 90' lang='lat' dir='ltr'><strong>allegorice</strong></span> <span class='ocrx_word' id='word_1_735' title='bbox 3595 3112 3680 3171; x_wconf 89' lang='lat' dir='ltr'><strong>sic</strong></span> 
     </span>
    </p>
   </div>
   <div class='ocr_carea' id='block_1_93' title="bbox 1949 3186 3682 3275">
    <p class='ocr_par' dir='ltr' id='par_1_93' title="bbox 1949 3186 3682 3275">
     <span class='ocr_line' id='line_1_93' title="bbox 1949 3186 3682 3275; baseline 0.002 -18"><span class='ocrx_word' id='word_1_736' title='bbox 1949 3190 1992 3257; x_wconf 86' lang='lat' dir='ltr'>C</span> <span class='ocrx_word' id='word_1_737' title='bbox 2032 3186 2266 3256; x_wconf 82' lang='lat' dir='ltr'><strong>discuti.</strong></span> <span class='ocrx_word' id='word_1_738' title='bbox 2298 3201 2405 3257; x_wconf 93' lang='lat' dir='ltr'><strong>Per</strong></span> <span class='ocrx_word' id='word_1_739' title='bbox 2435 3203 2715 3258; x_wconf 88' lang='lat' dir='ltr'><strong>dracones</strong></span> <span class='ocrx_word' id='word_1_740' title='bbox 2746 3218 3002 3274; x_wconf 87' lang='lat' dir='ltr'><strong>namque</strong></span> <span class='ocrx_word' id='word_1_741' title='bbox 3032 3205 3090 3256; x_wconf 90' lang='lat' dir='ltr'><strong>et</strong></span> <span class='ocrx_word' id='word_1_742' title='bbox 3119 3202 3456 3275; x_wconf 84' lang='lat' dir='ltr'><strong>abyssos,et</strong></span> <span class='ocrx_word' id='word_1_743' title='bbox 3474 3206 3682 3275; x_wconf 67' lang='lat' dir='ltr'><strong>caatera</strong></span> 
     </span>
    </p>
   </div>
   <div class='ocr_carea' id='block_1_94' title="bbox 2028 3286 3681 3365">
    <p class='ocr_par' dir='ltr' id='par_1_94' title="bbox 2028 3286 3681 3365">
     <span class='ocr_line' id='line_1_94' title="bbox 2028 3286 3681 3365; baseline 0.004 -22"><span class='ocrx_word' id='word_1_744' title='bbox 2028 3289 2323 3362; x_wconf 79' lang='lat' dir='ltr'><strong>praedicta,</strong></span> <span class='ocrx_word' id='word_1_745' title='bbox 2358 3289 2768 3361; x_wconf 85' lang='lat' dir='ltr'><strong>signiﬁcantur</strong></span> <span class='ocrx_word' id='word_1_746' title='bbox 2798 3290 2935 3345; x_wconf 89' lang='lat' dir='ltr'><strong>mali</strong></span> <span class='ocrx_word' id='word_1_747' title='bbox 2969 3292 3295 3346; x_wconf 89' lang='lat' dir='ltr'><strong>secundum</strong></span> <span class='ocrx_word' id='word_1_748' title='bbox 3327 3286 3560 3348; x_wconf 77' lang='lat' dir='ltr'><strong>diversa</strong></span> <span class='ocrx_word' id='word_1_749' title='bbox 3582 3288 3681 3365; x_wconf 79' lang='lat' dir='ltr'><strong>ge-</strong></span> 
     </span>
    </p>
   </div>
   <div class='ocr_carea' id='block_1_95' title="bbox 2030 3377 3682 3450">
    <p class='ocr_par' dir='ltr' id='par_1_95' title="bbox 2030 3377 3682 3450">
     <span class='ocr_line' id='line_1_95' title="bbox 2030 3377 3682 3450; baseline 0.003 -17"><span class='ocrx_word' id='word_1_750' title='bbox 2030 3395 2173 3433; x_wconf 91' lang='lat' dir='ltr'><strong>nera</strong></span> <span class='ocrx_word' id='word_1_751' title='bbox 2204 3377 2494 3433; x_wconf 89' lang='lat' dir='ltr'><strong>malorum</strong></span> <span class='ocrx_word' id='word_1_752' title='bbox 2544 3395 2671 3450; x_wconf 79' lang='lat' dir='ltr'><strong>quae</strong></span> <span class='ocrx_word' id='word_1_753' title='bbox 2716 3382 2858 3434; x_wconf 91' lang='lat' dir='ltr'><strong>sunt</strong></span> <span class='ocrx_word' id='word_1_754' title='bbox 2907 3379 2967 3434; x_wconf 91' lang='lat' dir='ltr'><strong>in</strong></span> <span class='ocrx_word' id='word_1_755' title='bbox 3016 3379 3119 3435; x_wconf 92' lang='lat' dir='ltr'><strong>eis.</strong></span> <span class='ocrx_word' id='word_1_756' title='bbox 3156 3381 3467 3448; x_wconf 88' lang='lat' dir='ltr'><strong>Dracones,</strong></span> <span class='ocrx_word' id='word_1_757' title='bbox 3500 3380 3560 3437; x_wconf 92' lang='lat' dir='ltr'><strong>id</strong></span> <span class='ocrx_word' id='word_1_758' title='bbox 3590 3385 3682 3438; x_wconf 86' lang='lat' dir='ltr'><strong>est</strong></span> 
     </span>
    </p>
   </div>
   <div class='ocr_carea' id='block_1_96' title="bbox 2026 3465 3677 3540">
    <p class='ocr_par' dir='ltr' id='par_1_96' title="bbox 2026 3465 3677 3540">
     <span class='ocr_line' id='line_1_96' title="bbox 2026 3465 3677 3540; baseline 0.002 -18"><span class='ocrx_word' id='word_1_759' title='bbox 2026 3465 2419 3522; x_wconf 86' lang='lat' dir='ltr'><strong>crudelissimi</strong></span> <span class='ocrx_word' id='word_1_760' title='bbox 2450 3467 2754 3533; x_wconf 86' lang='lat' dir='ltr'><strong>homines;</strong></span> <span class='ocrx_word' id='word_1_761' title='bbox 2790 3467 3007 3540; x_wconf 83' lang='lat' dir='ltr'><strong>abyssi,</strong></span> <span class='ocrx_word' id='word_1_762' title='bbox 3031 3468 3089 3522; x_wconf 90' lang='lat' dir='ltr'><strong>id</strong></span> <span class='ocrx_word' id='word_1_763' title='bbox 3113 3472 3203 3524; x_wconf 90' lang='lat' dir='ltr'><strong>est</strong></span> <span class='ocrx_word' id='word_1_764' title='bbox 3229 3468 3677 3540; x_wconf 83' lang='lat' dir='ltr'><strong>profundissimi</strong></span> 
     </span>
    </p>
   </div>
   <div class='ocr_carea' id='block_1_97' title="bbox 2027 3555 3678 3629">
    <p class='ocr_par' dir='ltr' id='par_1_97' title="bbox 2027 3555 3678 3629">
     <span class='ocr_line' id='line_1_97' title="bbox 2027 3555 3678 3629; baseline 0.002 -18"><span class='ocrx_word' id='word_1_765' title='bbox 2027 3556 2087 3611; x_wconf 93' lang='lat' dir='ltr'><strong>in</strong></span> <span class='ocrx_word' id='word_1_766' title='bbox 2116 3556 2306 3624; x_wconf 88' lang='lat' dir='ltr'><strong>vitiis;</strong></span> <span class='ocrx_word' id='word_1_767' title='bbox 2341 3555 2513 3628; x_wconf 88' lang='lat' dir='ltr'><strong>ignis,</strong></span> <span class='ocrx_word' id='word_1_768' title='bbox 2545 3556 2604 3611; x_wconf 89' lang='lat' dir='ltr'><strong>id</strong></span> <span class='ocrx_word' id='word_1_769' title='bbox 2636 3560 2725 3612; x_wconf 89' lang='lat' dir='ltr'><strong>est</strong></span> <span class='ocrx_word' id='word_1_770' title='bbox 2754 3557 2858 3628; x_wconf 88' lang='lat' dir='ltr'><strong>illi,</strong></span> <span class='ocrx_word' id='word_1_771' title='bbox 2891 3557 2991 3627; x_wconf 89' lang='lat' dir='ltr'><strong>qui</strong></span> <span class='ocrx_word' id='word_1_772' title='bbox 3024 3555 3081 3610; x_wconf 91' lang='lat' dir='ltr'><strong>in</strong></span> <span class='ocrx_word' id='word_1_773' title='bbox 3117 3557 3321 3613; x_wconf 89' lang='lat' dir='ltr'><strong>ardore</strong></span> <span class='ocrx_word' id='word_1_774' title='bbox 3365 3558 3678 3629; x_wconf 89' lang='lat' dir='ltr'><strong>concupis-</strong></span> 
     </span>
    </p>
   </div>
   <div class='ocr_carea' id='block_1_98' title="bbox 2027 3644 3679 3718">
    <p class='ocr_par' dir='ltr' id='par_1_98' title="bbox 2027 3644 3679 3718">
     <span class='ocr_line' id='line_1_98' title="bbox 2027 3644 3679 3718; baseline 0 -17"><span class='ocrx_word' id='word_1_775' title='bbox 2027 3645 2353 3701; x_wconf 88' lang='lat' dir='ltr'><strong>centiarum</strong></span> <span class='ocrx_word' id='word_1_776' title='bbox 2386 3651 2558 3713; x_wconf 88' lang='lat' dir='ltr'><strong>sunt;</strong></span> <span class='ocrx_word' id='word_1_777' title='bbox 2590 3647 2836 3718; x_wconf 87' lang='lat' dir='ltr'><strong>grando,</strong></span> <span class='ocrx_word' id='word_1_778' title='bbox 2864 3646 2921 3699; x_wconf 89' lang='lat' dir='ltr'><strong>id</strong></span> <span class='ocrx_word' id='word_1_779' title='bbox 2945 3644 3149 3715; x_wconf 89' lang='lat' dir='ltr'><strong>est,illi</strong></span> <span class='ocrx_word' id='word_1_780' title='bbox 3175 3646 3273 3716; x_wconf 91' lang='lat' dir='ltr'><strong>qui</strong></span> <span class='ocrx_word' id='word_1_781' title='bbox 3307 3645 3679 3702; x_wconf 89' lang='lat' dir='ltr'><strong>contundunt</strong></span> 
     </span>
    </p>
   </div>
   <div class='ocr_carea' id='block_1_99' title="bbox 2029 3730 3676 3804">
    <p class='ocr_par' dir='ltr' id='par_1_99' title="bbox 2029 3730 3676 3804">
     <span class='ocr_line' id='line_1_99' title="bbox 2029 3730 3676 3804; baseline -0.001 -15"><span class='ocrx_word' id='word_1_782' title='bbox 2029 3737 2265 3790; x_wconf 89' lang='lat' dir='ltr'><strong>sanctos</strong></span> <span class='ocrx_word' id='word_1_783' title='bbox 2294 3733 2418 3789; x_wconf 87' lang='lat' dir='ltr'><strong>suis</strong></span> <span class='ocrx_word' id='word_1_784' title='bbox 2449 3733 2961 3799; x_wconf 89' lang='lat' dir='ltr'><strong>tribulationibus;</strong></span> <span class='ocrx_word' id='word_1_785' title='bbox 2998 3732 3114 3799; x_wconf 82' lang='lat' dir='ltr'><strong>nix,</strong></span> <span class='ocrx_word' id='word_1_786' title='bbox 3149 3732 3206 3786; x_wconf 92' lang='lat' dir='ltr'><strong>id</strong></span> <span class='ocrx_word' id='word_1_787' title='bbox 3253 3736 3341 3787; x_wconf 88' lang='lat' dir='ltr'><strong>est</strong></span> <span class='ocrx_word' id='word_1_788' title='bbox 3389 3730 3586 3804; x_wconf 79' lang='lat' dir='ltr'><strong>frigidi</strong></span> <span class='ocrx_word' id='word_1_789' title='bbox 3614 3733 3676 3790; x_wconf 91' lang='lat' dir='ltr'><strong>in</strong></span> 
     </span>
    </p>
   </div>
   <div class='ocr_carea' id='block_1_100' title="bbox 2026 3819 3678 3895">
    <p class='ocr_par' dir='ltr' id='par_1_100' title="bbox 2026 3819 3678 3895">
     <span class='ocr_line' id='line_1_100' title="bbox 2026 3819 3678 3895; baseline -0.001 -17"><span class='ocrx_word' id='word_1_790' title='bbox 2026 3821 2313 3895; x_wconf 89' lang='lat' dir='ltr'><strong>peccatis;</strong></span> <span class='ocrx_word' id='word_1_791' title='bbox 2346 3821 2580 3892; x_wconf 86' lang='lat' dir='ltr'><strong>glacies,</strong></span> <span class='ocrx_word' id='word_1_792' title='bbox 2605 3822 2664 3876; x_wconf 89' lang='lat' dir='ltr'><strong>id</strong></span> <span class='ocrx_word' id='word_1_793' title='bbox 2687 3825 2776 3876; x_wconf 90' lang='lat' dir='ltr'><strong>est</strong></span> <span class='ocrx_word' id='word_1_794' title='bbox 2806 3820 3092 3893; x_wconf 87' lang='lat' dir='ltr'><strong>congelati</strong></span> <span class='ocrx_word' id='word_1_795' title='bbox 3124 3819 3338 3891; x_wconf 89' lang='lat' dir='ltr'><strong>frigore</strong></span> <span class='ocrx_word' id='word_1_796' title='bbox 3369 3819 3678 3877; x_wconf 84' lang='lat' dir='ltr'><strong>inﬁdelita-</strong></span> 
     </span>
    </p>
   </div>
   <div class='ocr_carea' id='block_1_101' title="bbox 2029 3904 3675 3982">
    <p class='ocr_par' dir='ltr' id='par_1_101' title="bbox 2029 3904 3675 3982">
     <span class='ocr_line' id='line_1_101' title="bbox 2029 3904 3675 3982; baseline -0.001 -15"><span class='ocrx_word' id='word_1_797' title='bbox 2029 3911 2139 3980; x_wconf 91' lang='lat' dir='ltr'><strong>tis;</strong></span> <span class='ocrx_word' id='word_1_798' title='bbox 2173 3909 2416 3982; x_wconf 89' lang='lat' dir='ltr'><strong>spiritus</strong></span> <span class='ocrx_word' id='word_1_799' title='bbox 2446 3904 2856 3982; x_wconf 88' lang='lat' dir='ltr'><strong>procellarum,</strong></span> <span class='ocrx_word' id='word_1_800' title='bbox 2890 3908 2949 3963; x_wconf 92' lang='lat' dir='ltr'><strong>id</strong></span> <span class='ocrx_word' id='word_1_801' title='bbox 2981 3911 3070 3963; x_wconf 89' lang='lat' dir='ltr'><strong>est</strong></span> <span class='ocrx_word' id='word_1_802' title='bbox 3095 3907 3364 3963; x_wconf 89' lang='lat' dir='ltr'><strong>homines</strong></span> <span class='ocrx_word' id='word_1_803' title='bbox 3395 3906 3675 3979; x_wconf 81' lang='lat' dir='ltr'><strong>facientes</strong></span> 
     </span>
    </p>
   </div>
   <div class='ocr_carea' id='block_1_102' title="bbox 2027 3996 3674 4074">
    <p class='ocr_par' dir='ltr' id='par_1_102' title="bbox 2027 3996 3674 4074">
     <span class='ocr_line' id='line_1_102' title="bbox 2027 3996 3674 4074; baseline 0 -19"><span class='ocrx_word' id='word_1_804' title='bbox 2027 3997 2334 4074; x_wconf 90' lang='lat' dir='ltr'><strong>procellas,</strong></span> <span class='ocrx_word' id='word_1_805' title='bbox 2366 3998 2425 4053; x_wconf 91' lang='lat' dir='ltr'><strong>id</strong></span> <span class='ocrx_word' id='word_1_806' title='bbox 2455 4002 2546 4053; x_wconf 90' lang='lat' dir='ltr'><strong>est</strong></span> <span class='ocrx_word' id='word_1_807' title='bbox 2574 3996 3006 4069; x_wconf 90' lang='lat' dir='ltr'><strong>persecutiones</strong></span> <span class='ocrx_word' id='word_1_808' title='bbox 3034 3998 3095 4052; x_wconf 91' lang='lat' dir='ltr'><strong>in</strong></span> <span class='ocrx_word' id='word_1_809' title='bbox 3126 4000 3382 4064; x_wconf 91' lang='lat' dir='ltr'><strong>sanctos,</strong></span> <span class='ocrx_word' id='word_1_810' title='bbox 3415 3996 3674 4071; x_wconf 84' lang='lat' dir='ltr'><strong>fuganda</strong></span> 
     </span>
    </p>
   </div>
   <div class='ocr_carea' id='block_1_103' title="bbox 2029 4083 3677 4159">
    <p class='ocr_par' dir='ltr' id='par_1_103' title="bbox 2029 4083 3677 4159">
     <span class='ocr_line' id='line_1_103' title="bbox 2029 4083 3677 4159; baseline -0.001 -14"><span class='ocrx_word' id='word_1_811' title='bbox 2029 4091 2102 4145; x_wconf 92' lang='lat' dir='ltr'><strong>de</strong></span> <span class='ocrx_word' id='word_1_812' title='bbox 2132 4088 2256 4144; x_wconf 90' lang='lat' dir='ltr'><strong>loco</strong></span> <span class='ocrx_word' id='word_1_813' title='bbox 2288 4088 2359 4143; x_wconf 89' lang='lat' dir='ltr'><strong>ad</strong></span> <span class='ocrx_word' id='word_1_814' title='bbox 2391 4086 2585 4143; x_wconf 90' lang='lat' dir='ltr'><strong>locum</strong></span> <span class='ocrx_word' id='word_1_815' title='bbox 2611 4104 2624 4142; x_wconf 90' lang='lat'><strong>:</strong></span> <span class='ocrx_word' id='word_1_816' title='bbox 2660 4086 2759 4159; x_wconf 93' lang='lat' dir='ltr'><strong>qui</strong></span> <span class='ocrx_word' id='word_1_817' title='bbox 2794 4102 2999 4159; x_wconf 86' lang='lat' dir='ltr'><strong>omnes</strong></span> <span class='ocrx_word' id='word_1_818' title='bbox 3032 4086 3253 4142; x_wconf 90' lang='lat' dir='ltr'><strong>faciunt</strong></span> <span class='ocrx_word' id='word_1_819' title='bbox 3276 4086 3520 4141; x_wconf 89' lang='lat' dir='ltr'><strong>verbum</strong></span> <span class='ocrx_word' id='word_1_820' title='bbox 3551 4083 3677 4159; x_wconf 91' lang='lat' dir='ltr'><strong>Dei,</strong></span> 
     </span>
    </p>
   </div>
   <div class='ocr_carea' id='block_1_104' title="bbox 2030 4174 3681 4248">
    <p class='ocr_par' dir='ltr' id='par_1_104' title="bbox 2030 4174 3681 4248">
     <span class='ocr_line' id='line_1_104' title="bbox 2030 4174 3681 4248; baseline -0.001 -15"><span class='ocrx_word' id='word_1_821' title='bbox 2030 4194 2165 4234; x_wconf 90' lang='lat' dir='ltr'><strong>cum</strong></span> <span class='ocrx_word' id='word_1_822' title='bbox 2197 4177 2445 4232; x_wconf 90' lang='lat' dir='ltr'><strong>redeunt</strong></span> <span class='ocrx_word' id='word_1_823' title='bbox 2474 4177 2547 4231; x_wconf 89' lang='lat' dir='ltr'><strong>ad</strong></span> <span class='ocrx_word' id='word_1_824' title='bbox 2578 4176 2755 4231; x_wconf 86' lang='lat' dir='ltr'><strong>ﬁdem</strong></span> <span class='ocrx_word' id='word_1_825' title='bbox 2787 4179 2843 4231; x_wconf 91' lang='lat' dir='ltr'><strong>et</strong></span> <span class='ocrx_word' id='word_1_826' title='bbox 2874 4175 2945 4230; x_wconf 90' lang='lat' dir='ltr'><strong>ad</strong></span> <span class='ocrx_word' id='word_1_827' title='bbox 2977 4174 3165 4248; x_wconf 90' lang='lat' dir='ltr'><strong>legem</strong></span> <span class='ocrx_word' id='word_1_828' title='bbox 3195 4174 3316 4230; x_wconf 91' lang='lat' dir='ltr'><strong>Dei.</strong></span> <span class='ocrx_word' id='word_1_829' title='bbox 3339 4174 3588 4244; x_wconf 88' lang='lat' dir='ltr'><strong>Montes,</strong></span> <span class='ocrx_word' id='word_1_830' title='bbox 3620 4174 3681 4232; x_wconf 89' lang='lat' dir='ltr'><strong>id</strong></span> 
     </span>
    </p>
   </div>
   <div class='ocr_carea' id='block_1_105' title="bbox 2031 4262 3687 4338">
    <p class='ocr_par' dir='ltr' id='par_1_105' title="bbox 2031 4262 3687 4338">
     <span class='ocr_line' id='line_1_105' title="bbox 2031 4262 3687 4338; baseline -0.001 -15"><span class='ocrx_word' id='word_1_831' title='bbox 2031 4270 2121 4323; x_wconf 88' lang='lat' dir='ltr'><strong>est</strong></span> <span class='ocrx_word' id='word_1_832' title='bbox 2149 4265 2419 4338; x_wconf 88' lang='lat' dir='ltr'><strong>superbi;</strong></span> <span class='ocrx_word' id='word_1_833' title='bbox 2454 4268 2512 4319; x_wconf 93' lang='grc'><strong>01</strong></span> <span class='ocrx_word' id='word_1_834' title='bbox 2542 4264 2740 4332; x_wconf 86' lang='grc'>001108,</span> <span class='ocrx_word' id='word_1_835' title='bbox 2774 4264 2833 4318; x_wconf 91' lang='lat' dir='ltr'><strong>id</strong></span> <span class='ocrx_word' id='word_1_836' title='bbox 2864 4267 2954 4320; x_wconf 91' lang='lat' dir='ltr'><strong>est</strong></span> <span class='ocrx_word' id='word_1_837' title='bbox 2984 4263 3185 4319; x_wconf 90' lang='lat' dir='ltr'><strong>minus</strong></span> <span class='ocrx_word' id='word_1_838' title='bbox 3216 4263 3489 4337; x_wconf 90' lang='lat' dir='ltr'><strong>superbi;</strong></span> <span class='ocrx_word' id='word_1_839' title='bbox 3522 4262 3687 4337; x_wconf 84' lang='lat' dir='ltr'><strong>ligna</strong></span> 
     </span>
    </p>
   </div>
   <div class='ocr_carea' id='block_1_106' title="bbox 2033 4352 3689 4423">
    <p class='ocr_par' dir='ltr' id='par_1_106' title="bbox 2033 4352 3689 4423">
     <span class='ocr_line' id='line_1_106' title="bbox 2033 4352 3689 4423; baseline -0.001 -13"><span class='ocrx_word' id='word_1_840' title='bbox 2033 4353 2350 4420; x_wconf 87' lang='lat' dir='ltr'><strong>fructifera,</strong></span> <span class='ocrx_word' id='word_1_841' title='bbox 2375 4354 2433 4408; x_wconf 94' lang='lat' dir='ltr'><strong>id</strong></span> <span class='ocrx_word' id='word_1_842' title='bbox 2465 4356 2553 4409; x_wconf 91' lang='lat' dir='ltr'><strong>est</strong></span> <span class='ocrx_word' id='word_1_843' title='bbox 2581 4353 2839 4408; x_wconf 90' lang='lat' dir='ltr'><strong>fructum</strong></span> <span class='ocrx_word' id='word_1_844' title='bbox 2862 4353 3151 4408; x_wconf 90' lang='lat' dir='ltr'><strong>bonorum</strong></span> <span class='ocrx_word' id='word_1_845' title='bbox 3177 4367 3421 4423; x_wconf 88' lang='lat' dir='ltr'><strong>operum</strong></span> <span class='ocrx_word' id='word_1_846' title='bbox 3446 4352 3689 4421; x_wconf 89' lang='lat' dir='ltr'><strong>redden-</strong></span> 
     </span>
    </p>
   </div>
   <div class='ocr_carea' id='block_1_107' title="bbox 2032 4438 3687 4513">
    <p class='ocr_par' dir='ltr' id='par_1_107' title="bbox 2032 4438 3687 4513">
     <span class='ocr_line' id='line_1_107' title="bbox 2032 4438 3687 4513; baseline -0.003 -13"><span class='ocrx_word' id='word_1_847' title='bbox 2032 4447 2152 4512; x_wconf 87' lang='lat' dir='ltr'><strong>tes;</strong></span> <span class='ocrx_word' id='word_1_848' title='bbox 2187 4442 2363 4511; x_wconf 89' lang='lat' dir='ltr'><strong>cedri,</strong></span> <span class='ocrx_word' id='word_1_849' title='bbox 2397 4442 2455 4497; x_wconf 93' lang='lat' dir='ltr'><strong>id</strong></span> <span class='ocrx_word' id='word_1_850' title='bbox 2488 4445 2577 4497; x_wconf 90' lang='lat' dir='ltr'><strong>est</strong></span> <span class='ocrx_word' id='word_1_851' title='bbox 2605 4442 2841 4496; x_wconf 90' lang='lat' dir='ltr'><strong>odorem</strong></span> <span class='ocrx_word' id='word_1_852' title='bbox 2875 4438 3275 4513; x_wconf 89' lang='lat' dir='ltr'><strong>spiritualium</strong></span> <span class='ocrx_word' id='word_1_853' title='bbox 3304 4438 3593 4495; x_wconf 89' lang='lat' dir='ltr'><strong>virtutum</strong></span> <span class='ocrx_word' id='word_1_854' title='bbox 3627 4440 3687 4496; x_wconf 91' lang='lat' dir='ltr'><strong>in</strong></span> 
     </span>
    </p>
   </div>
   <div class='ocr_carea' id='block_1_108' title="bbox 2035 4524 3689 4599">
    <p class='ocr_par' dir='ltr' id='par_1_108' title="bbox 2035 4524 3689 4599">
     <span class='ocr_line' id='line_1_108' title="bbox 2035 4524 3689 4599; baseline -0.002 -12"><span class='ocrx_word' id='word_1_855' title='bbox 2035 4549 2099 4587; x_wconf 90' lang='lat' dir='ltr'><strong>se</strong></span> <span class='ocrx_word' id='word_1_856' title='bbox 2122 4530 2442 4599; x_wconf 87' lang='lat' dir='ltr'><strong>habentes;</strong></span> <span class='ocrx_word' id='word_1_857' title='bbox 2476 4529 2696 4597; x_wconf 82' lang='lat' dir='ltr'><strong>bestiae,</strong></span> <span class='ocrx_word' id='word_1_858' title='bbox 2730 4529 2788 4583; x_wconf 90' lang='lat' dir='ltr'><strong>id</strong></span> <span class='ocrx_word' id='word_1_859' title='bbox 2815 4532 2905 4584; x_wconf 87' lang='lat' dir='ltr'><strong>est</strong></span> <span class='ocrx_word' id='word_1_860' title='bbox 2934 4526 3248 4597; x_wconf 89' lang='lat' dir='ltr'><strong>silvestres,</strong></span> <span class='ocrx_word' id='word_1_861' title='bbox 3267 4525 3493 4583; x_wconf 90' lang='lat' dir='ltr'><strong>scilicet</strong></span> <span class='ocrx_word' id='word_1_862' title='bbox 3513 4524 3689 4599; x_wconf 83' lang='lat' dir='ltr'><strong>rudes</strong></span> 
     </span>
    </p>
   </div>
   <div class='ocr_carea' id='block_1_109' title="bbox 2037 4615 3686 4692">
    <p class='ocr_par' dir='ltr' id='par_1_109' title="bbox 2037 4615 3686 4692">
     <span class='ocr_line' id='line_1_109' title="bbox 2037 4615 3686 4692; baseline -0.003 -16"><span class='ocrx_word' id='word_1_863' title='bbox 2037 4624 2095 4677; x_wconf 89' lang='lat' dir='ltr'><strong>et</strong></span> <span class='ocrx_word' id='word_1_864' title='bbox 2124 4618 2416 4692; x_wconf 90' lang='lat' dir='ltr'><strong>imperiti;</strong></span> <span class='ocrx_word' id='word_1_865' title='bbox 2449 4622 2506 4674; x_wconf 91' lang='lat' dir='ltr'><strong>et</strong></span> <span class='ocrx_word' id='word_1_866' title='bbox 2536 4634 2764 4690; x_wconf 88' lang='lat' dir='ltr'><strong>pecora,</strong></span> <span class='ocrx_word' id='word_1_867' title='bbox 2800 4616 2857 4670; x_wconf 93' lang='lat' dir='ltr'><strong>id</strong></span> <span class='ocrx_word' id='word_1_868' title='bbox 2890 4619 2981 4671; x_wconf 90' lang='lat' dir='ltr'><strong>est</strong></span> <span class='ocrx_word' id='word_1_869' title='bbox 3022 4615 3315 4671; x_wconf 90' lang='lat' dir='ltr'><strong>mansueti</strong></span> <span class='ocrx_word' id='word_1_870' title='bbox 3363 4619 3686 4688; x_wconf 88' lang='lat' dir='ltr'><strong>serpentes,</strong></span> 
     </span>
    </p>
   </div>
   <div class='ocr_carea' id='block_1_110' title="bbox 2040 4702 3687 4774">
    <p class='ocr_par' dir='ltr' id='par_1_110' title="bbox 2040 4702 3687 4774">
     <span class='ocr_line' id='line_1_110' title="bbox 2040 4702 3687 4774; baseline -0.002 -9"><span class='ocrx_word' id='word_1_871' title='bbox 2040 4710 2099 4765; x_wconf 90' lang='lat' dir='ltr'><strong>id</strong></span> <span class='ocrx_word' id='word_1_872' title='bbox 2130 4712 2220 4765; x_wconf 90' lang='lat' dir='ltr'><strong>est</strong></span> <span class='ocrx_word' id='word_1_873' title='bbox 2246 4706 2516 4763; x_wconf 90' lang='lat' dir='ltr'><strong>venenati</strong></span> <span class='ocrx_word' id='word_1_874' title='bbox 2564 4705 2854 4772; x_wconf 91' lang='lat' dir='ltr'><strong>homines,</strong></span> <span class='ocrx_word' id='word_1_875' title='bbox 2886 4707 2951 4759; x_wconf 90' lang='lat' dir='ltr'><strong>ut</strong></span> <span class='ocrx_word' id='word_1_876' title='bbox 2996 4703 3278 4774; x_wconf 77' lang='lat' dir='ltr'><strong>haeretici,</strong></span> <span class='ocrx_word' id='word_1_877' title='bbox 3314 4709 3372 4761; x_wconf 88' lang='lat' dir='ltr'><strong>et</strong></span> <span class='ocrx_word' id='word_1_878' title='bbox 3400 4702 3687 4772; x_wconf 85' lang='lat' dir='ltr'><strong>volucres,</strong></span> 
     </span>
    </p>
   </div>
   <div class='ocr_carea' id='block_1_111' title="bbox 2040 4792 3691 4869">
    <p class='ocr_par' dir='ltr' id='par_1_111' title="bbox 2040 4792 3691 4869">
     <span class='ocr_line' id='line_1_111' title="bbox 2040 4792 3691 4869; baseline -0.003 -16"><span class='ocrx_word' id='word_1_879' title='bbox 2040 4796 2098 4853; x_wconf 94' lang='lat' dir='ltr'><strong>id</strong></span> <span class='ocrx_word' id='word_1_880' title='bbox 2130 4801 2219 4853; x_wconf 88' lang='lat' dir='ltr'><strong>est</strong></span> <span class='ocrx_word' id='word_1_881' title='bbox 2247 4795 2709 4869; x_wconf 88' lang='lat' dir='ltr'><strong>philosophi,qui</strong></span> <span class='ocrx_word' id='word_1_882' title='bbox 2743 4795 2963 4850; x_wconf 89' lang='lat' dir='ltr'><strong>habent</strong></span> <span class='ocrx_word' id='word_1_883' title='bbox 2992 4810 3238 4865; x_wconf 92' lang='lat' dir='ltr'><strong>pennas,</strong></span> <span class='ocrx_word' id='word_1_884' title='bbox 3260 4793 3317 4850; x_wconf 90' lang='lat' dir='ltr'><strong>id</strong></span> <span class='ocrx_word' id='word_1_885' title='bbox 3347 4798 3437 4851; x_wconf 89' lang='lat' dir='ltr'><strong>est</strong></span> <span class='ocrx_word' id='word_1_886' title='bbox 3466 4792 3691 4865; x_wconf 87' lang='lat' dir='ltr'><strong>sapien-</strong></span> 
     </span>
    </p>
   </div>
   <div class='ocr_carea' id='block_1_112' title="bbox 2041 4879 3687 4956">
    <p class='ocr_par' dir='ltr' id='par_1_112' title="bbox 2041 4879 3687 4956">
     <span class='ocr_line' id='line_1_112' title="bbox 2041 4879 3687 4956; baseline -0.004 -14"><span class='ocrx_word' id='word_1_887' title='bbox 2041 4882 2153 4943; x_wconf 85' lang='lat' dir='ltr'><strong>tias</strong></span> <span class='ocrx_word' id='word_1_888' title='bbox 2176 4886 2538 4941; x_wconf 88' lang='lat' dir='ltr'><strong>diversorum</strong></span> <span class='ocrx_word' id='word_1_889' title='bbox 2560 4883 2868 4955; x_wconf 88' lang='lat' dir='ltr'><strong>librorum,</strong></span> <span class='ocrx_word' id='word_1_890' title='bbox 2886 4900 2990 4956; x_wconf 92' lang='lat' dir='ltr'><strong>per</strong></span> <span class='ocrx_word' id='word_1_891' title='bbox 3006 4900 3154 4955; x_wconf 90' lang='lat' dir='ltr'><strong>quas</strong></span> <span class='ocrx_word' id='word_1_892' title='bbox 3177 4882 3454 4939; x_wconf 89' lang='lat' dir='ltr'><strong>dicuntur</strong></span> <span class='ocrx_word' id='word_1_893' title='bbox 3473 4879 3687 4950; x_wconf 90' lang='lat' dir='ltr'><strong>volare,</strong></span> 
     </span>
    </p>
   </div>
   <div class='ocr_carea' id='block_1_113' title="bbox 2042 4968 3690 5030">
    <p class='ocr_par' dir='ltr' id='par_1_113' title="bbox 2042 4968 3690 5030">
     <span class='ocr_line' id='line_1_113' title="bbox 2042 4968 3690 5030; baseline -0.003 -1"><span class='ocrx_word' id='word_1_894' title='bbox 2042 4975 2098 5029; x_wconf 92' lang='lat' dir='ltr'><strong>id</strong></span> <span class='ocrx_word' id='word_1_895' title='bbox 2130 4979 2219 5030; x_wconf 89' lang='lat' dir='ltr'><strong>est</strong></span> <span class='ocrx_word' id='word_1_896' title='bbox 2248 4972 2686 5029; x_wconf 85' lang='lat' dir='ltr'><strong>excellentiores</strong></span> <span class='ocrx_word' id='word_1_897' title='bbox 2709 4972 2841 5029; x_wconf 91' lang='lat' dir='ltr'><strong>aliis</strong></span> <span class='ocrx_word' id='word_1_898' title='bbox 2862 4989 2991 5030; x_wconf 88' lang='lat' dir='ltr'><strong>esse</strong></span> <span class='ocrx_word' id='word_1_899' title='bbox 3016 4990 3028 5028; x_wconf 92' lang='lat'><strong>:</strong></span> <span class='ocrx_word' id='word_1_900' title='bbox 3053 4972 3151 5028; x_wconf 89' lang='lat' dir='ltr'><strong>isti</strong></span> <span class='ocrx_word' id='word_1_901' title='bbox 3173 4988 3377 5028; x_wconf 88' lang='lat' dir='ltr'><strong>omnes</strong></span> <span class='ocrx_word' id='word_1_902' title='bbox 3397 4968 3535 5026; x_wconf 81' lang='lat' dir='ltr'><strong>mali</strong></span> <span class='ocrx_word' id='word_1_903' title='bbox 3558 4986 3690 5025; x_wconf 87' lang='lat' dir='ltr'><strong>con-</strong></span> 
     </span>
    </p>
   </div>
   <div class='ocr_carea' id='block_1_114' title="bbox 1998 5057 3693 5141">
    <p class='ocr_par' dir='ltr' id='par_1_114' title="bbox 1998 5057 3693 5141">
     <span class='ocr_line' id='line_1_114' title="bbox 1998 5057 3693 5141; baseline -0.002 -22"><span class='ocrx_word' id='word_1_904' title='bbox 1998 5138 2005 5141; x_wconf 20' lang='grc' dir='ltr'>λ</span> <span class='ocrx_word' id='word_1_905' title='bbox 2039 5062 2189 5119; x_wconf 91' lang='lat' dir='ltr'><strong>versi</strong></span> <span class='ocrx_word' id='word_1_906' title='bbox 2221 5062 2464 5118; x_wconf 88' lang='lat' dir='ltr'><strong>laudant</strong></span> <span class='ocrx_word' id='word_1_907' title='bbox 2494 5062 2831 5131; x_wconf 90' lang='lat' dir='ltr'><strong>Dominum,</strong></span> <span class='ocrx_word' id='word_1_908' title='bbox 2856 5062 2915 5117; x_wconf 90' lang='lat' dir='ltr'><strong>id</strong></span> <span class='ocrx_word' id='word_1_909' title='bbox 2937 5066 3027 5118; x_wconf 90' lang='lat' dir='ltr'><strong>est</strong></span> <span class='ocrx_word' id='word_1_910' title='bbox 3058 5063 3129 5117; x_wconf 90' lang='lat' dir='ltr'><strong>de</strong></span> <span class='ocrx_word' id='word_1_911' title='bbox 3157 5061 3252 5115; x_wconf 88' lang='lat' dir='ltr'><strong>his</strong></span> <span class='ocrx_word' id='word_1_912' title='bbox 3282 5059 3558 5116; x_wconf 89' lang='lat' dir='ltr'><strong>omnibus</strong></span> <span class='ocrx_word' id='word_1_913' title='bbox 3582 5057 3693 5115; x_wconf 85' lang='lat' dir='ltr'><strong>ele-</strong></span> 
     </span>
    </p>
   </div>
   <div class='ocr_carea' id='block_1_115' title="bbox 2044 5145 3692 5224">
    <p class='ocr_par' dir='ltr' id='par_1_115' title="bbox 2044 5145 3692 5224">
     <span class='ocr_line' id='line_1_115' title="bbox 2044 5145 3692 5224; baseline -0.002 -19"><span class='ocrx_word' id='word_1_914' title='bbox 2044 5151 2129 5224; x_wconf 88' lang='lat' dir='ltr'><strong>git</strong></span> <span class='ocrx_word' id='word_1_915' title='bbox 2158 5151 2269 5207; x_wconf 91' lang='lat' dir='ltr'><strong>sibi</strong></span> <span class='ocrx_word' id='word_1_916' title='bbox 2300 5152 2585 5208; x_wconf 90' lang='lat' dir='ltr'><strong>Dominus</strong></span> <span class='ocrx_word' id='word_1_917' title='bbox 2606 5151 2833 5224; x_wconf 90' lang='lat' dir='ltr'><strong>aliquos</strong></span> <span class='ocrx_word' id='word_1_918' title='bbox 2854 5151 2954 5223; x_wconf 88' lang='lat' dir='ltr'><strong>qui</strong></span> <span class='ocrx_word' id='word_1_919' title='bbox 2978 5152 3037 5205; x_wconf 93' lang='lat' dir='ltr'><strong>in</strong></span> <span class='ocrx_word' id='word_1_920' title='bbox 3060 5151 3257 5205; x_wconf 90' lang='lat' dir='ltr'><strong>futura</strong></span> <span class='ocrx_word' id='word_1_921' title='bbox 3277 5148 3394 5204; x_wconf 88' lang='lat' dir='ltr'><strong>vita</strong></span> <span class='ocrx_word' id='word_1_922' title='bbox 3414 5147 3481 5202; x_wconf 91' lang='lat' dir='ltr'><strong>in-</strong></span> <span class='ocrx_word' id='word_1_923' title='bbox 3498 5145 3692 5219; x_wconf 87' lang='lat' dir='ltr'><strong>quiete</strong></span> 
     </span>
    </p>
   </div>
   <div class='ocr_carea' id='block_1_116' title="bbox 2047 5240 3039 5297">
    <p class='ocr_par' dir='ltr' id='par_1_116' title="bbox 2047 5240 3039 5297">
     <span class='ocr_line' id='line_1_116' title="bbox 2047 5240 3039 5297; baseline -0.003 -1"><span class='ocrx_word' id='word_1_924' title='bbox 2047 5240 2313 5297; x_wconf 88' lang='lat' dir='ltr'><strong>collocati</strong></span> <span class='ocrx_word' id='word_1_925' title='bbox 2346 5241 2673 5297; x_wconf 90' lang='lat' dir='ltr'><strong>laudabunt</strong></span> <span class='ocrx_word' id='word_1_926' title='bbox 2702 5240 3039 5295; x_wconf 89' lang='lat' dir='ltr'><strong>Dominum.</strong></span> 
     </span>
    </p>
   </div>
   <div class='ocr_carea' id='block_1_117' title="bbox 2121 5324 3696 5402">
    <p class='ocr_par' dir='ltr' id='par_1_117' title="bbox 2121 5324 3696 5402">
     <span class='ocr_line' id='line_1_117' title="bbox 2121 5324 3696 5402; baseline -0.003 -15"><span class='ocrx_word' id='word_1_927' title='bbox 2121 5353 2148 5380; x_wconf 87' lang='lat'><strong>«</strong></span> <span class='ocrx_word' id='word_1_928' title='bbox 2183 5331 2368 5402; x_wconf 83' lang='lat' dir='ltr'><strong>Reges</strong></span> <span class='ocrx_word' id='word_1_929' title='bbox 2398 5333 2560 5384; x_wconf 81' lang='lat' dir='ltr'><strong>terrae</strong></span> <span class='ocrx_word' id='word_1_930' title='bbox 2591 5333 2649 5384; x_wconf 91' lang='lat' dir='ltr'><strong>et</strong></span> <span class='ocrx_word' id='word_1_931' title='bbox 2677 5345 2879 5383; x_wconf 90' lang='lat' dir='ltr'><strong>omnes</strong></span> <span class='ocrx_word' id='word_1_932' title='bbox 2910 5326 3131 5400; x_wconf 90' lang='lat' dir='ltr'><strong>populi,</strong></span> <span class='ocrx_word' id='word_1_933' title='bbox 3168 5349 3194 5374; x_wconf 88' lang='grc'><strong>››</strong></span> <span class='ocrx_word' id='word_1_934' title='bbox 3222 5325 3376 5381; x_wconf 87' lang='lat' dir='ltr'><strong>sicut</strong></span> <span class='ocrx_word' id='word_1_935' title='bbox 3403 5324 3696 5399; x_wconf 86' lang='lat' dir='ltr'><strong>consules,</strong></span> 
     </span>
    </p>
   </div>
   <div class='ocr_carea' id='block_1_118' title="bbox 2053 5416 3272 5491">
    <p class='ocr_par' dir='ltr' id='par_1_118' title="bbox 2053 5416 3272 5491">
     <span class='ocr_line' id='line_1_118' title="bbox 2053 5416 3272 5491; baseline -0.001 -20"><span class='ocrx_word' id='word_1_936' title='bbox 2053 5442 2082 5471; x_wconf 83' lang='grc'><strong>‹‹</strong></span> <span class='ocrx_word' id='word_1_937' title='bbox 2116 5417 2409 5491; x_wconf 89' lang='lat' dir='ltr'><strong>principes</strong></span> <span class='ocrx_word' id='word_1_938' title='bbox 2440 5420 2497 5471; x_wconf 92' lang='lat' dir='ltr'><strong>et</strong></span> <span class='ocrx_word' id='word_1_939' title='bbox 2529 5432 2731 5471; x_wconf 90' lang='lat' dir='ltr'><strong>omnes</strong></span> <span class='ocrx_word' id='word_1_940' title='bbox 2753 5416 2987 5487; x_wconf 90' lang='lat' dir='ltr'><strong>judices</strong></span> <span class='ocrx_word' id='word_1_941' title='bbox 3016 5420 3204 5472; x_wconf 85' lang='lat' dir='ltr'><strong>terrae.</strong></span> <span class='ocrx_word' id='word_1_942' title='bbox 3242 5438 3272 5465; x_wconf 82' lang='lat'><strong><em>»</em></strong></span> 
     </span>
    </p>
   </div>
   <div class='ocr_carea' id='block_1_119' title="bbox 2128 5502 3699 5575">
    <p class='ocr_par' dir='ltr' id='par_1_119' title="bbox 2128 5502 3699 5575">
     <span class='ocr_line' id='line_1_119' title="bbox 2128 5502 3699 5575; baseline 0 -13"><span class='ocrx_word' id='word_1_943' title='bbox 2128 5531 2154 5557; x_wconf 87' lang='grc'><strong>‹‹</strong></span> <span class='ocrx_word' id='word_1_944' title='bbox 2188 5507 2439 5563; x_wconf 87' lang='lat' dir='ltr'><strong>Juvenes</strong></span> <span class='ocrx_word' id='word_1_945' title='bbox 2463 5507 2519 5558; x_wconf 90' lang='lat' dir='ltr'><strong>et</strong></span> <span class='ocrx_word' id='word_1_946' title='bbox 2542 5502 2820 5575; x_wconf 88' lang='lat' dir='ltr'><strong>virgines,</strong></span> <span class='ocrx_word' id='word_1_947' title='bbox 2846 5526 2872 5552; x_wconf 89' lang='grc'><strong>››</strong></span> <span class='ocrx_word' id='word_1_948' title='bbox 2896 5503 2954 5559; x_wconf 92' lang='lat' dir='ltr'><strong>id</strong></span> <span class='ocrx_word' id='word_1_949' title='bbox 2987 5508 3076 5561; x_wconf 90' lang='lat' dir='ltr'><strong>est</strong></span> <span class='ocrx_word' id='word_1_950' title='bbox 3092 5503 3303 5561; x_wconf 90' lang='lat' dir='ltr'><strong>diversi</strong></span> <span class='ocrx_word' id='word_1_951' title='bbox 3325 5521 3526 5574; x_wconf 84' lang='lat' dir='ltr'><strong>sexus;</strong></span> <span class='ocrx_word' id='word_1_952' title='bbox 3554 5527 3583 5555; x_wconf 84' lang='lat'>«</span> <span class='ocrx_word' id='word_1_953' title='bbox 3609 5522 3699 5562; x_wconf 84' lang='lat' dir='ltr'><strong>se-</strong></span> 
     </span>
    </p>
   </div>
   <div class='ocr_carea' id='block_1_120' title="bbox 2057 5591 3701 5667">
    <p class='ocr_par' dir='ltr' id='par_1_120' title="bbox 2057 5591 3701 5667">
     <span class='ocr_line' id='line_1_120' title="bbox 2057 5591 3701 5667; baseline -0.001 -13"><span class='ocrx_word' id='word_1_954' title='bbox 2057 5614 2161 5655; x_wconf 88' lang='lat' dir='ltr'><strong>nes</strong></span> <span class='ocrx_word' id='word_1_955' title='bbox 2178 5612 2312 5653; x_wconf 90' lang='lat' dir='ltr'><strong>cum</strong></span> <span class='ocrx_word' id='word_1_956' title='bbox 2326 5591 2722 5667; x_wconf 77' lang='lat' dir='ltr'><strong>junioribus,»</strong></span> <span class='ocrx_word' id='word_1_957' title='bbox 2745 5593 2803 5649; x_wconf 87' lang='lat' dir='ltr'><strong>id</strong></span> <span class='ocrx_word' id='word_1_958' title='bbox 2821 5597 2908 5650; x_wconf 90' lang='lat' dir='ltr'><strong>est</strong></span> <span class='ocrx_word' id='word_1_959' title='bbox 2925 5594 3161 5652; x_wconf 83' lang='lat' dir='ltr'><strong>diversae</strong></span> <span class='ocrx_word' id='word_1_960' title='bbox 3181 5597 3435 5667; x_wconf 84' lang='lat' dir='ltr'><strong>aetates,«</strong></span> <span class='ocrx_word' id='word_1_961' title='bbox 3461 5594 3701 5653; x_wconf 89' lang='lat' dir='ltr'><strong>laudent</strong></span> 
     </span>
    </p>
   </div>
  </div>
