4018 6176
461 365 574 428 691

863 365 1267 431 HAYMONIS
1309 363 1842 426 HALBERSTAT.
1877 361 2127 424 EPISC.
2152 362 2321 424 OPP.
2354 363 2582 424 PARS.
2617 364 2664 424 Ι.
2697 398 2774 407 -—
2804 363 3210 425 COMMENT.
3251 363 3452 425 BlBL.

3729 367 3820 429 699.

390 567 395 574 .
464 515 678 556 nomen
729 497 976 568 Domini,
1027 496 1164 570 quia
1219 495 1536 552 exaltatum
1583 500 1672 552 est
1717 514 1926 553 nomen
1976 497 2104 568 ejus
2132 493 2480 564 Actorum;
2518 519 2538 544 ι
2576 513 2758 569 spem,
2811 513 2944 552 cum
3005 495 3145 552 dicit
3178 513 3191 552 :
3224 520 3252 546 ‹‹
3287 497 3538 554 Laetetur
3587 497 3823 568 Israel;»

465 586 668 654 solius,
707 609 732 635 »
761 587 913 642 sicut
937 585 1019 640 ait
1046 585 1359 658 Apostolus
1392 603 1406 640 :
1443 609 1470 636 «
1501 586 1744 642 Donavit
1773 585 1858 642 illi
1891 603 2101 641 nomen

463 677 615 748 quod
648 679 736 731 est
764 691 942 747 super
969 691 1142 730 omne
1173 693 1387 732 nomen
1417 677 1586 744 (Phil.
1621 679 1709 746 ιι.)
1744 699 1770 725 ››

531 764 677 832 Quid
707 779 810 836 per
835 763 1110 836 singula?
1145 787 1174 816 ‹‹
1203 765 1498 821 Confessio
1529 767 1678 838 ejus,
1710 788 1738 815 ν»
1777 768 1892 838 Dei,
1927 767 1983 823 id
2017 772 2106 824 est

459 851 589 908 laus
622 851 816 910 debita
842 851 956 926 ipsi
987 854 1125 922 Deo,
1161 860 1251 911 est
1273 878 1300 905 «
1327 872 1497 926 saper
1522 855 1730 911 coelum
1753 859 1809 911 et
1830 860 2102 928 terram,»

458 940 599 1014 quia
627 957 734 998 nec
768 941 1056 1010 caelestes,
1089 959 1194 999 nec
1240 947 1481 1000 terrenae
1530 949 1808 1000 creaturae
1859 951 2110 1017 possunt

457 1045 593 1085 eum
624 1031 986 1087 sufﬁcienter
1004 1031 1264 1089 laudare.
1290 1057 1318 1082 «
1347 1034 1418 1088 Et
1443 1055 1470 1083 ››
1495 1033 1590 1088 ille
1613 1034 1766 1088 Deus
1791 1055 1810 1082 α
1835 1035 2108 1090 exaltavit

457 1136 640 1176 cornu
671 1119 871 1193 populi
903 1120 1017 1189 sui,
1045 1145 1072 1171 n
1095 1121 1153 1176 id
1177 1125 1266 1178 est
1295 1121 1666 1178 altitudinem
1690 1139 1702 1177 :
1729 1123 1868 1194 quia
1886 1123 2022 1179 licet
2049 1123 2106 1178 in

458 1207 570 1264 hac
598 1208 718 1264 vita
746 1208 1118 1265 altitudinem
1167 1211 1426 1281 aliquam
1476 1211 1708 1277 habeat,
1741 1215 1937 1267 tamen
1980 1213 2108 1285 ipsa

461 1297 710 1353 altitudo
731 1314 836 1370 per
853 1297 1071 1354 multas
1104 1299 1483 1356 adversitates
1513 1301 1896 1372 deprimitur:
1920 1303 2022 1358 sed
2046 1303 2105 1359 in

461 1385 578 1443 alia
602 1386 722 1443 vita
744 1387 829 1444 ita
855 1387 1108 1444 exaltata
1135 1390 1266 1455 erit,
1289 1391 1442 1462 quod
1466 1389 1626 1445 nulla
1647 1391 1992 1446 adversitate
2013 1410 2108 1464 po-

459 1475 595 1531 terit
623 1475 894 1548 deprimi.
918 1477 988 1534 Et
1021 1499 1051 1527 «
1080 1477 1356 1533 omnibus
1387 1478 1608 1534 sanctis
1639 1479 1788 1550 ejus,
1811 1503 1838 1528 »
1857 1479 1941 1536 sic
1960 1481 2109 1537 exal-

459 1565 619 1632 tatis,
650 1568 741 1620 est
769 1588 798 1616 «
831 1565 1110 1638 hymnus,
1145 1589 1174 1616 »
1204 1565 1262 1620 id
1293 1570 1384 1622 est
1413 1566 1544 1622 laus
1575 1584 1708 1622 cum
1741 1567 2107 1642 cantico,qui

459 1653 586 1710 sine
615 1653 1050 1710 intermissione
1070 1655 1316 1712 laudant
1335 1657 1650 1712 Dominum
1675 1674 1688 1712 :
1714 1657 1933 1714 sanctis
1955 1659 2106 1728 dico,

458 1740 680 1798 scilicet
702 1765 731 1792 «
759 1741 895 1798 filiis
927 1743 1102 1811 Israel
1131 1761 1142 1799 :
1169 1766 1196 1793 ››
1225 1747 1284 1799 et
1305 1761 1418 1799 non
1443 1745 1572 1801 dico
1597 1746 1930 1802 carnalibus
1949 1747 2105 1816 liliis,

459 1831 566 1929 sed
596 1852 624 1880 «
655 1832 880 1929 popqu
925 1831 1418 1929 appropinquanti
1468 1835 1602 1903 sibi,
1639 1858 1668 1884 ››
1700 1835 1816 1892 Deo
1863 1836 2104 1906 scilicet,
2137 1864 2186 1929 B

458 1917 694 1976 facienti
723 1937 784 1977 se
817 1919 1072 1978 similem
1103 1919 1214 1994 ipsi
1247 1921 1380 1978 Deo.

913 2080 986 2136 IN
1027 2081 1374 2136 PSALMUM
1422 2081 1652 2136 CXLIX.

984 2224 1240 2278 Trruws
1274 2239 1286 2277 :
1320 2223 1577 2279 Alleluia.

526 2366 770 2422 Cantate
789 2360 1037 2420 Domino
1059 2363 1351 2420 canticum
1375 2383 1642 2421 novum.»
1661 2367 1763 2422 llic
1785 2372 1872 2422 est
1895 2369 2103 2424 iterum

457 2454 706 2512 materia
734 2453 867 2510 laus
883 2453 1004 2509 Dei.
1027 2453 1088 2508 In
1108 2453 1298 2525 prima
1318 2458 1484 2526 parte
1507 2460 1706 2511 monet
1731 2461 1964 2512 sanctos
1976 2458 2104 2528 jam

456 2544 519 2600 in
547 2547 764 2599 esterno.
793 2541 988 2614 quiete
1017 2541 1352 2599 habitantes
1394 2542 1632 2600 laudare
1681 2545 1886 2600 Deum.
1921 2545 1985 2600 In
2015 2564 2102 2600 se-

454 2632 668 2702 cunda,
703 2647 830 2704 qua;
856 2629 1099 2704 incipit:
1137 2652 1166 2682 «
1195 2632 1588 2688 Exsultabunt
1617 2633 1824 2702 sancti,
1845 2656 1872 2685 ››
1897 2633 2109 2690 descri-

455 2721 544 2778 bit
571 2718 858 2794 gaudium
888 2721 946 2777 et
973 2721 1290 2792 potestates
1317 2737 1465 2794 quas
1503 2720 1616 2794 ipsi
1662 2722 1846 2778 sancti
1899 2721 1958 2778 in
1991 2723 2105 2780 alia

456 2810 578 2867 vita
595 2809 901 2866 habebunt
920 2827 932 2866 :
959 2813 1016 2866 et
1035 2809 1242 2866 invitat
1263 2828 1370 2866 nos
1391 2813 1462 2867 ad
1485 2811 1836 2882 laudem,sic
1859 2813 2062 2870 dicens
2084 2831 2098 2869 :

450 2899 570 2956 Vos
599 2897 798 2968 Israel,
822 2897 950 2971 jam
981 2898 1246 2955 videntes
1265 2899 1451 2955 Deum
1473 2899 1532 2955 in
1555 2900 1656 2956 illa
1675 2904 1888 2957 aeterna
1908 2901 2105 2958 llieru-

452 2987 660 3060 salem,
693 3010 721 3038 «
755 2991 986 3044 cantate
1019 3011 1048 3038 ››
1079 2986 1164 3042 illi
1201 3008 1228 3040 ι
1256 2988 1497 3044 Domino
1523 3011 1549 3038 »
1571 2990 1643 3045 de
1665 2990 1954 3047 creatione
1973 2991 2102 3047 omli

451 3081 510 3134 et
538 3081 726 3144 terrae,
757 3078 892 3144 etc.,
930 3097 956 3128 «ι
988 3075 1282 3132 canticum
1331 3093 1565 3146 novum,
1602 3100 1630 3126 »
1662 3077 1882 3132 scilicet
1911 3079 1981 3134 de
2015 3097 2100 3135 re-

451 3165 752 3240 paratione
781 3180 958 3238 quam
986 3163 1122 3221 fecit
1153 3165 1309 3220 Deus
1338 3180 1442 3236 per
1478 3163 1938 3223 incarnationem
1971 3168 2098 3223 Filii

2213 584 2580 653 charitatem,
2615 603 2746 641 cum
2781 586 2924 641 dicit
2956 605 2969 642 :
3009 610 3036 636 «
3070 586 3335 642 Laudent
3377 605 3594 644 nomen
3643 587 3759 660 ejus
3783 591 3825 646 in

2213 673 2408 730 choro.
2449 697 2470 726 ι
2855 725 2872 742 ,

2285 763 2688 818 Continuatio:
2717 764 2851 818 ideo
2884 762 3139 836 psallite,
3171 769 3306 831 etc.,
3346 787 3368 814 α
3399 764 3542 838 quia
3589 765 3827 839 benepla-

2214 851 2395 906 citum
2427 856 2516 907 est
2545 852 2812 919 Domino,
2841 876 2868 902 ››
2901 854 2958 908 in
2989 853 3348 911 habitatione
3375 854 3500 922 illa,
3521 878 3544 904 ι
3571 857 3634 912 in
3656 857 3828 930 populo

2215 957 2342 1006 suo,
2363 963 2386 987 η
2401 941 2540 1012 quia
2561 940 2708 996 nihil
2732 941 2952 996 invenit
2973 942 3028 996 in
3052 959 3118 998 eo
3143 944 3296 999 unde
3321 944 3687 1012 otl'endatur;
3710 971 3737 996 ιι
3757 953 3828 1002 et»

2215 1034 2452 1102 propter
2481 1029 2590 1084 hoc
2619 1031 2818 1099 etiam,
2852 1030 3126 1102 psallant,
3161 1033 3301 1104 quia
3330 1057 3358 1082 «
3391 1031 3678 1089 exaltabit
3709 1052 3831 1091 man-

2217 1123 2414 1174 suetos
2442 1118 2502 1173 in
2535 1118 2782 1174 salutem
2810 1143 2836 1169 ››
2868 1124 3166 1176 (sternam.

2287 1231 2314 1256 «
2352 1207 2758 1264 Exsultabunt.
2793 1231 2820 1258 »
2877 1209 3015 1265 Pars
3063 1210 3342 1265 secunda.
3377 1211 3518 1266 Item
3559 1233 3580 1262 σ
3618 1214 3830 1268 sancti»

2216 1295 2296 1350 illi
2324 1296 2407 1351 sic
2436 1295 2670 1352 cxaltati
2703 1320 2728 1346 «
2759 1295 3138 1354 exsultabunt
3168 1299 3224 1354 in
3273 1299 3460 1372 gloria
3495 1323 3518 1350 ι
3553 1306 3615 1356 et
3649 1325 3670 1350 ο
3703 1301 3830 1358 laeta-

2216 1384 2438 1438 buntur
2470 1410 2492 1436 ι
2532 1402 2647 1440 non
2691 1385 2957 1441 exteriori
3005 1404 3236 1460 canore,
3266 1389 3366 1445 sed
3401 1412 3423 1438 ι
3460 1390 3519 1444 in
3571 1391 3832 1449 cubilibus

2217 1473 2360 1540 suis,
2398 1496 2424 1523 ι)
2459 1473 2516 1530 id
2547 1478 2638 1530 est
2668 1474 2728 1530 in
2759 1475 3156 1533 conscientiis.

2288 1564 2356 1616 Et
2387 1580 2498 1616 non
2534 1566 2762 1618 tantum
2807 1563 3053 1621 interius
3103 1565 3500 1634 exsultabant,
3535 1569 3639 1624 sed
3688 1569 3832 1625 etiam

2217 1651 2492 1721 exterius,
2522 1656 2576 1706 et
2606 1652 2716 1707 hoc
2749 1653 2888 1708 dicit
2920 1671 2932 1709 :
2970 1677 2997 1704 ‹‹
3031 1653 3448 1711 exsultationes
3481 1655 3601 1728 Dei,
3630 1680 3660 1706 »
3689 1657 3746 1714 id
3772 1663 3835 1714 est

2217 1738 2420 1795 laudes
2452 1738 2550 1794 Dei
2585 1757 2718 1796 cum
2749 1741 3137 1798 exsultatione
3170 1743 3352 1811 factae,
3386 1748 3562 1800 erunt
3595 1767 3617 1792 σ
3655 1745 3713 1802 in
3741 1751 3836 1821 gut-

2219 1831 2344 1882 ture
2370 1845 2592 1896 eorum,
2627 1851 2648 1878 η
2685 1829 2738 1884 id
2775 1834 2864 1885 est
2889 1829 2947 1885 in
2979 1847 3218 1904 corpore
3261 1835 3320 1888 et
3351 1849 3468 1899 ore,
3500 1856 3530 1883 «
3563 1837 3624 1890 et
3653 1835 3712 1891 in
3741 1853 3834 1892 ma-

2219 1917 2414 1984 nibus,
2452 1941 2478 1968 »
2523 1917 2580 1972 id
2631 1923 2718 1973 est
2765 1919 2826 1974 in
2877 1919 3264 1991 potestatibus
3318 1943 3339 1970 ι
3372 1938 3600 1978 eorum.
3638 1947 3662 1976 ι
3696 1930 3836 1980 erunt

2219 2030 2247 2056 ‹‹
2281 2005 2458 2079 gladii
2501 2007 2805 2079 ancipites,
2839 2031 2866 2058 »
2897 2007 2957 2062 id
3002 2013 3090 2064 est
3134 2009 3378 2066 verbum
3429 2011 3554 2078 Dei,
3589 2029 3704 2085 quo
3749 2014 3833 2087 ipsi

2214 2095 2494 2161 incident,
2527 2099 2584 2152 et
2633 2097 2989 2169 separabunt
3037 2098 3222 2154 bonos
3253 2115 3288 2154 a
3317 2097 3489 2156 malis
3525 2100 3730 2174 (Halm.
3758 2121 3833 2159 xm

2213 2191 2265 2239 et
2299 2188 2476 2251 xxv):
2515 2185 2614 2256 qui
2663 2184 2839 2258 gladii
2889 2189 3031 2241 sunt
3074 2186 3378 2260 ancipites,
3429 2188 3570 2262 quia
3620 2195 3835 2264 utraque

2215 2277 2374 2344 parte
2405 2273 2691 2342 incidunt,
2714 2273 2903 2330 Veteri
2933 2275 3155 2332 scilicet
3176 2280 3232 2332 et
3257 2277 3412 2333 Novo
3445 2279 3831 2337 Testamento:

2211 2362 2298 2416 vel
2331 2363 2468 2434 quia
2499 2364 2557 2418 in
2589 2364 2698 2418 hac
2729 2365 2846 2420 vita
2865 2369 3138 2436 separant
3160 2365 3302 2422 vitia
3319 2371 3378 2422 et
3395 2384 3430 2423 a
3451 2384 3690 2442 corpore
3709 2375 3760 2426 et
3778 2371 3832 2425 ab

2213 2451 2428 2508 anima.
2468 2473 2496 2506 α
2524 2452 2710 2508 Gladii
2747 2476 2774 2502 ››
2806 2453 3115 2525 pluraliter
3134 2453 3294 2522 dicit,
3315 2455 3456 2528 quia
3475 2456 3718 2532 singulae
3735 2476 3834 2532 per-

2213 2558 2367 2595 senm
2400 2545 2640 2596 utentur
2667 2541 2862 2614 gladio
2892 2541 3010 2598 illo.

2281 2631 2365 2684 Ad
2391 2630 2531 2702 quid
2559 2635 2734 2687 erunt
2759 2630 2937 2704 gladii
2957 2631 3016 2687 in
3041 2631 3352 2689 manibus?
3378 2657 3400 2684 ι
3423 2635 3510 2690 Ad
3533 2635 3829 2692 faciendam

2211 2719 2528 2774 vindictam
2559 2718 2618 2774 in
2650 2719 3010 2792 nationibus,
3042 2744 3068 2771 »
3090 2721 3147 2776 id
3180 2725 3270 2778 est
3295 2722 3358 2802 in
3387 2721 3508 2780 illis
3539 2723 3640 2797 qui
3667 2724 3828 2798 legem

2213 2825 2328 2863 non
2353 2807 2688 2864 habuerunt
2720 2827 2734 2864 :
2767 2813 2824 2866 et
2854 2809 2926 2864 ad
2960 2809 3256 2866 faciendas
3292 2831 3314 2859 σ
3347 2810 3764 2884 increpationes
3783 2813 3826 2869 in

2213 2896 2466 2970 populis,
2499 2917 2526 2949 ω
2561 2897 2662 2970 qui
2696 2897 2848 2953 male
2878 2897 2969 2954 usi
3000 2903 3158 2954 sunt.

2282 2985 2350 3038 Et
2384 3007 2404 3033 α
2443 2985 2511 3039 ad
2536 2983 2863 3057 alligandos
2885 3001 3048 3059 reges
3069 3002 3293 3052 eorum,
3311 3009 3340 3036 »
3363 2988 3756 3059 populorum,«
3779 2992 3825 3045 iu

2212 3072 2612 3144 compedibus,
2647 3097 2668 3124 ι
2707 3073 2764 3128 id
2797 3077 2885 3128 est
2915 3073 2970 3128 in
3005 3075 3236 3129 aeternis
3281 3075 3491 3147 pwnis,
3524 3095 3596 3133 ex
3640 3077 3825 3150 quibus

2213 3160 2374 3229 nullo
2405 3163 2576 3216 modo
2609 3166 2882 3234 poterunt
2901 3178 2963 3216 se
2991 3162 3284 3218 exsolvere
3317 3181 3332 3218 ε
3372 3185 3394 3214 α
3432 3170 3488 3220 et
3515 3167 3730 3223 nobiles
3747 3185 3824 3221 eo-

451 3228 546 3314 sui
579 3272 592 3310 :
626 3271 732 3311 nec
763 3228 968 3309 moneo
999 3269 1204 3309 omnes
1235 3253 1307 3307 ad
1337 3228 1566 3308 laudem
1591 3253 1740 3324 ejus,
1767 3254 1907 3326 quia
1929 3278 1955 3306 ‹‹
1982 3274 2097 3312 non
2129 3228 2173 3296 (ἶ
2212 3267 2366 3319 rum,
2405 3273 2424 3300 ι
2463 3250 2519 3304 id
2549 3254 2639 3306 est
2670 3249 2980 3306 nobiliores
3011 3251 3082 3306 de
3127 3253 3426 3320 omnibus,
3458 3276 3480 3305 ι
3517 3255 3577 3310 in
3611 3255 3825 3311 manicis

452 3347 544 3402 est
587 3341 852 3416 speciosa
895 3340 1026 3396 laus
1077 3340 1136 3396 in
1184 3357 1282 3396 ore
1331 3341 1651 3413 peccatoris
1699 3343 1888 3412 (Eccli.
1921 3346 2038 3414 xv,)
2070 3366 2098 3394 »
2208 3337 2432 3404 ferreis,
2462 3361 2482 3387 ι»
2519 3339 2656 3411 quia
2685 3339 3003 3410 punientur
3031 3341 3308 3398 manibus
3330 3359 3535 3399 eorum
3559 3344 3822 3416 quibusin

453 3431 556 3488 sed
605 3430 672 3485 ﬁt
717 3452 745 3478 ‹‹
777 3427 909 3484 laus
966 3429 1095 3499 ejus
1143 3429 1200 3483 in
1253 3428 1529 3498 Ecclesia,
1563 3451 1590 3480 »
1643 3430 1701 3486 in
1761 3430 2100 3490 collectione
2209 3427 2475 3499 prmsenti
2509 3427 2628 3482 vita
2657 3426 2876 3482 malum
2909 3432 2965 3482 et
2993 3427 3241 3500 injurias
3271 3429 3620 3489 intulerunt.

448 3543 478 3571 «
511 3521 872 3575 sanctorum.
909 3538 938 3568 η
983 3517 1110 3572 Non
1161 3519 1391 3572 tantum
1443 3534 1652 3574 monca
1701 3524 1955 3588 cantare,
1995 3523 2096 3578 sed
2279 3514 2422 3580 Ουίά
2458 3513 2689 3585 singula
2719 3517 3102 3572 enumerem?
3131 3517 3215 3572 Ad
3249 3517 3358 3574 hoc
3389 3519 3650 3592 gladium
3680 3521 3823 3576 hahe-

446 3607 627 3664 etiam
655 3625 678 3654 ι
697 3603 928 3660 Ιωιθιυι*
947 3605 1183 3671 Israel,»
1199 3605 1255 3660 id
1269 3609 1358 3661 est
1379 3605 1808 3678 perfectiores,«
1826 3607 1884 3662 in
1908 3625 1974 3664 eo
1997 3611 2095 3682 qui
2207 3603 2355 3657 bunt
2385 3601 2440 3656 in
2475 3603 2749 3657 “mnibus
2783 3626 2804 3651 α
2833 3607 2898 3658 ut
2919 3603 3134 3658 faciant
3157 3604 3216 3659 in
3240 3605 3346 3674 eis,
3372 3629 3394 3654 ι
3423 3607 3659 3682 regibus
3677 3615 3726 3665 et
3745 3625 3822 3683 po-

444 3694 584 3754 fecit
613 3710 748 3752 eum
783 3715 810 3743 ››
843 3693 982 3768 quia
1001 3695 1129 3767 jam
1155 3711 1221 3750 eo
1250 3698 1532 3766 praesente
1563 3695 1809 3763 fruitur;
1849 3719 1871 3746 α
1907 3702 1964 3752 et
1997 3697 2094 3754 ﬁlii

443 3785 606 3852 Sion,
643 3807 670 3835 ››
702 3783 760 3840 id
792 3787 882 3840 est
911 3781 1357 3857 fragiliores,illi
1377 3785 1434 3839 et
1453 3782 1730 3852 minores,
1755 3808 1782 3834 «
1807 3785 2097 3843 exsultent

441 3871 501 3928 in
533 3889 668 3946 rege
697 3887 826 3941 suo,
864 3893 892 3923 »
925 3887 1100 3944 quem
1134 3874 1481 3944 praesentem
1517 3871 1736 3929 habent
1755 3877 1812 3930 et
1835 3891 1948 3946 quo
1972 3877 2096 3932 reli-

441 3960 697 4016 ciuntur.
717 3959 822 4015 Vel
851 3981 872 4012 ι
903 3959 1030 4014 lilia:
1063 3981 1090 4010 ι)
1125 3961 1269 4016 dicit
1289 3964 1355 4016 ut
1375 3965 1692 4033 utrumque
1712 3978 1912 4018 sexum
1939 3981 2092 4020 com-

441 4047 800 4118 prehendat:
821 4050 1022 4102 contra
1042 4047 1175 4104 illos
1197 4047 1298 4120 qui
1321 4048 1526 4104 dicunt
1545 4050 1862 4106 femineum
1887 4069 2088 4108 sexum

443 4151 561 4190 non
591 4148 719 4190 esse
749 4134 1140 4206 redemptum.

513 4244 541 4272 «
573 4221 841 4278 Laudent
869 4243 890 4269 υ
928 4221 1102 4277 etiam
1141 4245 1161 4272 ι
1188 4239 1400 4279 nomen
1422 4225 1551 4296 ejus
1570 4226 1629 4282 in
1651 4227 1846 4296 choro,
1871 4250 1897 4276 ››
1919 4229 1978 4282 id
1999 4234 2089 4285 est

441 4309 502 4366 in
533 4309 862 4378 concordia,
895 4313 954 4366 et
985 4332 1014 4362 ‹‹
1044 4309 1300 4383 psallant
1329 4313 1380 4368 ei
1423 4313 1482 4368 in
1531 4319 1808 4388 tympano
1839 4320 1897 4372 et
1925 4317 2086 4388 psal-

438 4398 607 4476 terio,
630 4420 658 4448 ››
677 4415 790 4454 non
815 4398 954 4472 quia
976 4399 1035 4454 in
1057 4416 1312 4472 superna
1331 4403 1521 4473 patria
1552 4402 1645 4458 his
1675 4403 2086 4462 instrumentis

437 4491 700 4557 utantur,
721 4488 820 4544 sed
842 4489 1184 4562 gaudebunt
1205 4491 1277 4546 de
1297 4492 1766 4548 remuneratione
1787 4509 1962 4564 quam
1985 4493 2086 4549 ha-

435 4575 660 4633 bebunt
689 4577 759 4632 de
789 4593 879 4645 eo,
911 4578 1064 4650 quod
1099 4577 1194 4634 hic
1227 4579 1465 4634 fuerunt
1495 4583 1839 4650 tympanum
1863 4584 1920 4634 ct
1939 4581 2088 4652 psal-
2117 4595 2164 4659 Ι)

432 4663 784 4720 terium.Per
795 4664 1137 4736 psalterium
1155 4666 1568 4738 intelliguntur
1583 4664 1664 4720 illi
1681 4667 1777 4738 qui
1793 4667 2082 4740 spirituali

431 4749 766 4825 operatione
795 4751 911 4808 Deo
943 4753 1222 4818 serviunt,
1257 4755 1412 4808 sicut
1441 4754 1951 4826 contemplatores.
1977 4759 2084 4816 Per

427 4841 963 4914 tympanum,quod
985 4841 1051 4896 fit
1075 4857 1176 4912 per
1205 4841 1428 4896 corium
1461 4839 2082 4916 mortui'animalisﬁn-

425 4927 774 5003 telliguntur
791 4925 874 4982 illi
893 4928 994 4999 qui
1013 4929 1238 5001 seipsos
1256 4929 1429 4984 morti
1448 4931 1688 4987 tradunt
1699 4949 1802 5006 pro
1819 4935 2079 4992 veritatis

424 5016 786 5086 testimonio,
819 5015 972 5073 sicut
1003 5015 1188 5072 sancti
1221 5019 1683 5089 martyres.Nota
1703 5021 1842 5092 quia
1863 5023 2078 5081 chorus

422 5110 512 5163 est
543 5105 836 5164 variarum
856 5123 1064 5162 vocum
1087 5105 1323 5178 placens
1345 5107 1674 5179 concordia,
1690 5125 1816 5180 quae
1841 5128 2074 5168 concor-

426 5195 584 5251 diam
599 5193 906 5251 charitatis
919 5194 1233 5268 signiﬁcat,
1247 5194 1306 5248 in
1321 5194 1782 5267 qualaudandus
1794 5202 1881 5252 est
1905 5204 2072 5267 Deus,

428 5287 496 5339 ut
522 5284 610 5341 ait
638 5283 954 5355 Apostolus
987 5303 1005 5339 :
1029 5307 1056 5335 ‹‹
1081 5285 1292 5341 Omnia
1316 5288 1508 5341 vestra
1536 5285 1596 5340 in
1627 5284 1908 5341 charitate
1935 5289 2079 5344 fiant

425 5369 474 5440 (Ι
501 5371 618 5428 Cor.
654 5373 795 5440 XVI.)
829 5394 857 5420 »
889 5371 990 5427 Vel
1023 5372 1238 5429 chorus
1270 5377 1360 5428 est
1391 5373 1684 5429 musicum
1714 5373 2076 5430 instrumen-

426 5460 574 5522 tum,
608 5458 778 5528 cujus
808 5459 1036 5516 chordze
1069 5478 1372 5534 compares
1399 5479 1590 5530 voces,
1623 5479 1726 5517 nec
1778 5463 2076 5519 discordes

425 5545 678 5600 reddunt
711 5561 723 5597 :
757 5550 815 5600 et
845 5565 1162 5618 possumus
1191 5550 1284 5606 hic
1319 5555 1516 5607 notare
1565 5550 1916 5624 principales
1955 5553 2073 5607 vir-

425 5635 602 5698 tutes,
637 5629 814 5696 idem,
849 5651 984 5690 cum
1035 5636 1173 5691 dicit
1209 5655 1220 5690 :
1261 5661 1281 5686 ι
1322 5639 1474 5694 Laus
1526 5639 1583 5694 in
1635 5640 1892 5696 Ecclesia
1940 5658 2073 5697 san-

2206 3690 2382 3762 pulis,
2411 3710 2433 3738 ι
2459 3689 2750 3760 judicium
2783 3692 3206 3764 conscriptum,
3232 3716 3258 3742 ››
3281 3694 3338 3749 id
3365 3697 3820 3767 estjudicenteos

2205 3779 2530 3835 secundum
2561 3779 2671 3835 hoc
2701 3781 2851 3852 quod
2889 3781 2948 3834 in
2978 3781 3278 3854 prophetis
3298 3787 3356 3838 et
3373 3781 3508 3839 aliis
3529 3785 3693 3842 libris
3710 3786 3822 3842 scri-

2204 3873 2368 3940 ptum
2402 3873 2521 3937 est;
2552 3868 2726 3924 veluti
2763 3885 2895 3924 cum
2929 3869 3164 3925 dicent:
3199 3890 3220 3918 α
3244 3870 3542 3928 Discedite
3563 3891 3822 3939 ame,ma-

2202 3956 2418 4028 ledicti,
2447 3957 2506 4011 in
2550 3957 2746 4029 ignem
2798 3963 3078 4014 internum
3128 3960 3334 4029 (Matth.
3365 3966 3504 4029 xxv)
3537 3979 3551 4018 :
3589 3986 3610 4013 ι
3645 3969 3700 4020 et
3724 3963 3819 4018 haec

2201 4067 2230 4095 «
2263 4045 2448 4118 gloria
2481 4068 2506 4093 ››
2539 4063 2654 4100 non
2678 4050 2768 4102 est
2787 4051 3019 4102 tantum
3042 4047 3262 4104 sanctis
3283 4049 3568 4121 apostolis
3585 4051 3673 4108 vel
3694 4067 3822 4107 sum-

2200 4135 2314 4190 mis
2343 4134 2583 4202 sanctis,
2604 4135 2705 4190 sed
2739 4158 2765 4183 α
2797 4135 3073 4190 omnibus
3104 4137 3321 4192 sanctis
3351 4139 3481 4209 ejus
3508 4162 3531 4188 ι
3555 4139 3816 4213 erit,un

2197 4224 2497 4280 habebunt
2526 4223 2676 4280 hanc
2707 4228 3075 4296 potestatem,
3111 4227 3487 4282 consentiunt
3515 4229 3670 4285 enim
3699 4227 3816 4284 divi-

2199 4329 2285 4367 nze
2325 4312 2646 4378 sententiae,
2679 4317 2744 4366 ut
2786 4311 3044 4384 quotidie
3091 4314 3158 4368 ﬁt
3206 4313 3264 4368 in
3315 4321 3521 4372 sancta
3568 4317 3814 4374 Ecclesia.

2196 4401 2674 4456 Excommuuicat
2712 4401 2949 4472 quidem
3001 4401 3329 4474 episcopus,
3363 4408 3430 4460 ut
3458 4422 3526 4462 os
3555 4405 3814 4468 Ecclesia,

2195 4489 2286 4544 cui
2319 4488 2608 4544 consentit
2636 4488 2894 4544 Ecclesia
2923 4493 3066 4559 tota,
3099 4490 3301 4546 dicens
3328 4509 3342 4547 :
3367 4494 3572 4549 Amen.

2711 4612 2782 4668 IN
2823 4613 3171 4670 PSALMUM
3211 4615 3318 4670 CL.

2725 4729 2978 4785 Trrucus
3016 4747 3028 4784 :
3063 4731 3319 4788 Alleluia.

2265 4865 2285 4890 α
2319 4843 2574 4898 Laudate
2607 4841 2916 4898 Dominum
2950 4844 3008 4898 in
3039 4845 3279 4902 sanctis.
3309 4868 3329 4894 ι
3368 4847 3472 4903 llic
3504 4848 3706 4904 iterum
3740 4847 3812 4899 in-

2187 4930 2332 4985 vitat
2360 4931 2642 5002 Propheta
2674 4933 2744 4986 ad
2777 4933 3133 4988 cantandum
3183 4933 3442 5004 alleluia,
3478 4955 3590 4992 non
3639 4935 3811 4992 adhuc

2185 5020 2490 5074 tendentes
2519 5021 2590 5074 ad
2624 5019 2895 5092 patriam,
2930 5021 3030 5078 sed
3053 5023 3180 5094 jam
3231 5025 3452 5096 positos
3483 5027 3542 5081 in
3572 5025 3811 5082 thalamo

2189 5108 2360 5178 regis,
2383 5109 2508 5178 jam
2535 5110 2858 5180 gaudentes
2877 5111 3120 5183 nuptiis,
3133 5113 3258 5184 jam
3281 5115 3669 5170 conformatos
3689 5112 3812 5165 ima-

2185 5197 2305 5268 gini
2341 5196 2456 5263 Dei,
2491 5198 2558 5251 ad
2595 5198 2746 5270 quod
2777 5199 3164 5255 admenuerat
3185 5217 3220 5256 a
3241 5201 3527 5274 principio
3557 5199 3816 5268 libri,Ma-

2185 5285 2330 5340 teria
2361 5291 2449 5340 est
2479 5285 2608 5340 laus
2639 5285 2756 5353 Dei,
2783 5287 2912 5357 jam
2942 5287 3180 5360 quidem
3215 5290 3520 5362 nuptialis.

2255 5377 2324 5430 Et
2353 5375 2606 5430 ostendit
2640 5377 2790 5431 unde
2823 5377 3074 5432 debeant
3121 5377 3363 5436 laudare
3411 5380 3731 5440 Dominum,
3760 5375 3809 5427 et

2185 5463 2498 5536 quomodo,
2531 5463 2731 5518 dicens
2761 5481 2772 5518 :
2811 5488 2838 5513 ‹‹
2875 5466 3130 5521 Laudate
3175 5467 3486 5524 Dominum
3518 5468 3571 5522 in
3602 5461 3808 5520 sanctis

2185 5553 2331 5623 ejus,
2361 5577 2380 5603 υ
2407 5551 2466 5606 id
2489 5555 2576 5606 est.
2597 5552 2654 5606 in
2678 5552 3142 5610 consideratione
3172 5560 3670 5628 sanctorum,quos
3692 5551 3806 5622 ipse

2185 5640 2638 5696 misericorditer
2659 5642 3024 5712 justiﬁcavit,
3048 5648 3105 5700 et
3127 5644 3472 5704 mirabiliter
3491 5655 3806 5702 remunera-
