4060 6180
373 340 491 402 695

742 333 1153 395 HAYMONIS
1200 327 1740 391 HALBERSTAT.
1790 324 2029 385 EPISC.
2078 324 2250 384 UPP.
2297 321 2501 382 PAltS
2549 321 2597 379 Ι.
2645 352 2723 363 -
2765 316 3176 377 CUMMENT.
3221 314 3416 374 BlBL.

3665 314 3779 374 696

354 472 439 527 κει
469 468 764 527 alleviabit
791 481 928 522 cum
958 462 1265 530 Dominus,
1299 466 1356 518 et
1386 461 1435 516 si
1466 461 1525 515 in
1558 458 1812 533 peccatis
1844 457 2029 528 sit,di-
2056 458 2113 525 Α
2139 460 2267 511 tum
2302 469 2642 526 possumus,
2674 448 3091 505 intercessione
3141 448 3427 503 bonarum
3476 445 3782 521 cogitatio-

358 556 689 614 jmittentur
706 554 754 611 ci
785 552 990 625 (Ibid.),
1028 574 1056 602 »
1089 551 1227 624 quia
1259 548 1637 622 supervacuis
1669 544 2032 619 cogitationi-

382 647 495 701 bus
526 645 598 701 ad
624 644 919 716 integrum
942 658 1138 698 carere
1162 658 1277 697 non
1307 638 1719 696 valemusllas
1751 637 1808 691 in
1844 652 2029 707 quan-

2139 561 2305 611 num,
2338 547 2394 597 et
2423 542 2674 596 maxime
2719 537 3005 610 frequenti
3058 536 3493 609 Scripturarum
3539 534 3783 590 medita-

2140 633 2297 688 tione
2320 632 2613 702 fugemus,

382 755 3789 796 ________________________________

1542 857 2591 990 HAYMONIS

1563 1057 2248 1117 HALBERSTATENSIS
2285 1056 2601 1112 EPlSCOPI

907 1175 1793 1290 COMMENTARIA
1891 1138 2029 1285 1N
2104 1170 2631 1284 GAN’l‘lCIt
2718 1165 3259 1292 ALIQUOT

1173 1348 1409 1421 Quibus
1435 1348 1712 1410 Ecclesia
1742 1346 2003 1429 perinde
2034 1350 2225 1424 atque
2253 1343 2518 1404 Psalmis
2551 1341 2749 1403 David
2784 1341 3003 1402 utitur.

1876 1460 2301 1476 _______.___

675 1580 1043 1638 CANTICUM
1086 1579 1293 1636 ISAL’E
1333 1508 1749 1637 PROPHETtE.

463 1708 747 1780 Conﬁteor.
781 1706 884 1762 llic
914 1704 1229 1762 ascribitur
1260 1705 1488 1775 titulus,
1524 1707 1829 1763 Canticum
1877 1708 2038 1763 lsaize

390 1798 708 1872 prophetae,
743 1795 882 1868 quia
929 1793 1111 1850 Isaias
1141 1795 1201 1849 in
1233 1796 1694 1867 praecedentibus
1742 1815 1860 1852 suae
1908 1815 2038 1869 pro-

350 1932 355 1935 .
392 1886 600 1961 phctiae
632 1884 823 1941 verbis
854 1901 1055 1940 casum
1089 1884 1367 1951 hominis,
1400 1889 1457 1939 et
1487 1884 1632 1940 iram
1667 1886 1764 1941 Dei
1804 1885 2041 1957 mitiga-

393 1979 538 2044 tam,
570 1976 628 2030 et
652 1973 952 2029 hominem
1004 1973 1075 2028 ad
1123 1972 1435 2044 pristinam
1488 1974 1833 2044 dignitatem
1884 1992 2042 2047 repa-

393 2066 591 2121 ratum
620 2079 721 2135 per
752 2060 963 2117 Filium
1012 2060 1380 2116 incarnatum
1432 2062 1760 2134 prophetat.
1803 2064 2042 2120 Materia

370 2156 486 2209 .est
542 2149 759 2207 Christi
818 2151 1127 2206 adventus.
1160 2150 1391 2219 Modus,
1426 2153 1579 2223 quod
1636 2152 1890 2207 ostendit
1917 2170 2043 2225 qua:

395 2242 552 2298 bona
599 2256 669 2296 ex
718 2239 818 2295 illo
870 2240 1122 2295 adventu
1172 2238 1513 2295 hominibus
1558 2241 1915 2313 proveniant.
1952 2242 2042 2296 ln-

356 2331 580 2395 _tentio
638 2332 746 2399 est,
805 2327 1025 2384 hortari
1090 2328 1162 2383 ad
1205 2326 1437 2383 laudem
1496 2346 1600 2400 pro
1649 2330 2046 2386 incarnatione

366 2460 370 2473 ,
402 2419 553 2478 Filii.

470 2508 594 2564 Vox
648 2506 753 2563 lilii
822 2505 1226 2579 prophetantis
1276 2523 1288 2560 :
1343 2506 1642 2578 Conﬁtebor
1687 2509 1807 2577 tibi,
1857 2511 2045 2566 Domi-

401 2595 491 2665 ne,
522 2597 580 2654 id
613 2598 723 2667 est,
763 2595 1014 2652 laudabo
1062 2599 1138 2663 te,
1189 2598 1448 2667 quoniam
1496 2599 1670 2654 iratus
1701 2615 1754 2654 es
1794 2600 1956 2667 mihi,
1989 2600 2047 2655 id

401 2691 513 2757 est,
545 2686 654 2745 toti
706 2685 968 2744 humano
1011 2684 1230 2759 generi,
1281 2684 1455 2759 culpa
1500 2687 1778 2759 parentis,
1828 2692 1886 2745 et
1931 2707 2051 2746 con-

401 2790 588 2837 versus
618 2780 697 2833 est
734 2774 900 2851 furor
946 2782 1094 2842 tuus,
1143 2774 1199 2830 id
1251 2779 1361 2844 est,
1419 2775 1506 2831 ira
1551 2779 1655 2832 tua
1700 2777 2049 2836 dimittendo

354 2910 365 2915 -
403 2868 665 2941 peccata,
696 2864 1002 2923 consolatus
1031 2881 1087 2921 cs
1114 2881 1200 2921 me
1230 2881 1333 2937 spe
1364 2867 1590 2921 azternae
1622 2867 2001 2925 beatitudinis
2034 2886 2047 2925 :

403 2972 521 3012 non
570 2953 699 3010 ideo
747 2954 1077 3019 confitetur,
1130 2955 1283 3025 quod
1332 2954 1548 3010 iratum
1598 2954 1781 3011 fuisse
1836 2955 2052 3012 intelli-

403 3044 508 3117 git,
543 3042 645 3098 sed
678 3042 817 3114 quia
863 3042 934 3097 de
983 3040 1072 3096 ira
1123 3042 1195 3096 ad
1246 3042 1712 3099 misericordiam
1741 3060 2053 3101 conversus

405 3131 504 3188 sit.

475 3219 606 3273 Ecce
664 3216 747 3272 ita
790 3216 1129 3273 consolatus
1185 3234 1247 3271 es
1292 3233 1404 3287 me,
1457 3220 1609 3290 quod
1669 3221 1811 3275 Deus
1868 3220 2054 3278 iratus

360 3318 370 3369 ζ
406 3304 595 3378 prius.
628 3305 801 3360 modo
834 3305 1023 3362 factus
1068 3322 1131 3359 es
1177 3305 1427 3361 Salvator
1471 3323 1624 3363 meus
1673 3309 1745 3363 ab
1796 3309 2053 3383 origina-

406 3394 449 3452 li
495 3395 730 3466 pecoato
777 3394 1094 3461 mundana,
1146 3393 1275 3450 ideo
1326 3394 1601 3467 deinceps
1650 3414 1828 3467 agam,
1855 3398 1910 3453 id
1944 3404 2051 3469 est,

360 3512 367 3521 ο
407 3483 791 3558 promovebor
818 3481 877 3538 in
907 3481 1226 3539 virtutibus
1254 3483 1606 3555 ﬁducialitor,
1640 3485 1698 3542 id
1747 3492 1854 3555 est,
1889 3506 2053 3544 secu-

404 3589 508 3633 rus
556 3588 688 3629 sum
736 3572 809 3628 do
858 3571 1115 3644 praemio,
1168 3572 1215 3626 si
1265 3572 1404 3645 quid
1456 3574 1591 3629 boni
1640 3592 1899 3647 gessero,
1945 3596 2053 3633 non

366 3662 602 3721 ,εὐηθὸο
649 3661 973 3730 diabolum,
1023 3660 1110 3717 vel
1162 3666 1467 3733 peceatum
1518 3665 1673 3735 quod
1723 3664 1948 3721 habitat
1994 3667 2053 3721 in

405 3750 640 3809 mortali
706 3767 966 3824 corpore,
1046 3751 1184 3823 quia
1250 3750 1359 3807 iste
1424 3751 1687 3809 Salvator
1742 3756 2058 3812 refrenabit

362 3853 367 3859 '
408 3843 754 3913 utrumque.

480 3929 616 3984 Ideo
648 3943 763 3983 non
794 3928 1033 3995 timebo,
1064 3929 1195 3999 quia
1238 3929 1502 3986 Dominus
1530 3931 1792 4001 fortitudo
1831 3949 1954 3989 mea
1981 3943 2060 3990 est

356 4058 373 4064 -
410 4018 613 4075 contra
640 4013 759 4081 illa,
792 4023 843 4071 et
864 4023 943 4071 est
974 4017 1092 4071 laus
1122 4033 1260 4083 mea,
1295 4016 1351 4072 id
1384 4023 1494 4086 est,
1526 4019 1701 4075 faciet
1731 4037 1824 4075 me
1853 4020 2053 4077 lauda-

408 4100 585 4180 bilem
616 4100 677 4162 in
710 4105 927 4158 interna
952 4102 1074 4158 vita
1094 4111 1173 4159 :et
1201 4104 1321 4159 haec
1353 4106 1551 4161 omnia
1573 4107 1700 4163 ideo
1725 4113 1865 4164 sunt
1887 4110 2054 4179 mihi,

406 4188 547 4263 quia
576 4192 803 4247 creator
829 4191 1005 4261 factus
1022 4199 1102 4246 est
1120 4190 1320 4248 valens
1352 4198 1629 4251 creatura:
1647 4196 1791 4252 mihi
1815 4197 1875 4252 in
1899 4203 2058 4254 mter-

409 4294 549 4339 nam
577 4276 829 4337 salutem.

358 4428 363 4429 7
477 4365 776 4425 Hanrietis.
835 4366 1131 4423 Convertit
1185 4384 1249 4422 se
1303 4369 1376 4423 ad
1432 4368 1584 4439 illos,
1644 4373 1745 4442 qui
1819 4378 1945 4429 erat
1998 4376 2058 4430 in

408 4458 670 4529 tempore
724 4455 1147 4513 incarnationis
1211 4474 1222 4513 :
1292 4457 1461 4529 quasi
1522 4458 1678 4515 dicat
1746 4478 1758 4515 :
1821 4462 1940 4535 Ege
1998 4463 2058 4517 in

374 4544 719 4617 .aanigmate
778 4544 1114 4617 prophetico
1168 4544 1378 4619 spiritu
1432 4545 1779 4603 salvandum
1830 4567 1924 4607 me
1974 4553 2058 4608 vi-

348 4690 359 4713 ,
407 4633 537 4701 deo,
566 4650 669 4691 vos
700 4637 896 4689 autem
929 4638 1125 4706 aperte
1157 4635 1424 4691 haurietis
1466 4652 1638 4708 aquas
1683 4637 1958 4710 doctrina:
2003 4646 2061 4697 et

408 4720 784 4793 baptismatis
830 4724 890 4778 in
935 4723 1133 4794 gaudio
1184 4723 1495 4795 spirituali,
1559 4726 1625 4783 dc
1680 4729 1941 4797 fontibus,
1999 4730 2057 4785 id

406 4811 516 4878 est,
549 4809 623 4866 de
666 4808 981 4882 multiplici
1040 4812 1403 4868 abundantia
1445 4813 1765 4884 Salvatoris,
1811 4821 1869 4873 et
1914 4818 2060 4875 alter

410 4896 580 4954 alteri
625 4897 815 4955 dicetis
854 4902 915 4953 et
958 4899 1349 4956 admonebitis
1401 4900 1548 4957 alios
1578 4904 1639 4958 in
1671 4904 1769 4959 illa
1814 4904 1921 4978 die,
1971 4908 2057 4965 in-

342 5036 345 5039 .
410 4986 786 5050 carnationis.
849 4986 1193 5059 Conﬁtemini
1245 4990 1492 5058 Domino,
1551 5000 1603 5046 et
1652 4993 1893 5051 invocato
1953 5014 2056 5053 no-

382 5090 535 5141 ,pmen
562 5076 698 5148 ejus,
732 5075 789 5131 id
816 5080 929 5144 est,
960 5081 1277 5148 praeparate
1307 5096 1409 5134 vos
1440 5078 1650 5151 dignos
1677 5082 1749 5137 ad
1783 5082 2054 5141 invocan-

411 5163 575 5221 dum.

479 5251 616 5308 Nota
642 5254 825 5323 facile.
860 5254 978 5309 Hoc
1027 5254 1203 5309 etiam
1252 5254 1460 5311 dicetis
1514 5273 1526 5309 :
1581 5257 1741 5313 Notas
1788 5261 1951 5329 facite
1998 5265 2056 5317 in

407 5341 627 5410 populis
657 5340 1025 5412 praedicando
1055 5343 1464 5401 adinventiones
1495 5346 1644 5417 ejus,
1669 5347 1725 5401 id
1755 5352 1844 5403 est
1870 5350 2054 5407 salva-

411 5424 717 5496 tionem,et
744 5447 979 5486 omnem
1006 5431 1159 5487 viam
1184 5432 1480 5504 sapientia:
1511 5439 1568 5490 et
1597 5433 2055 5510 scientiw,quam

413 5512 637 5569 invenit
663 5520 720 5571 et
750 5519 1006 5573 ostendit
1034 5520 1307 5576 fidelibus
1339 5522 1462 5578 suis
1499 5540 1510 5578 :
1545 5529 1601 5578 et
1630 5542 1702 5579 ne
1732 5524 1918 5582 velitis
1948 5546 2055 5584 no-

412 5617 546 5658 men
574 5601 675 5659 Dei
708 5621 991 5676 usurpare
1021 5607 1321 5663 vobiscum
1352 5609 1502 5665 sicut
1550 5610 1733 5667 Adam
1768 5613 1919 5683 fecit,
1955 5619 2055 5674 sed

2065 1536 2121 1602 Α
2152 1548 2385 1604 semper
2415 1537 2728 1586 mementote
2756 1528 3017 1600 quoniam
3045 1526 3318 1581 excelsum
3342 1531 3421 1580 est
3448 1539 3643 1579 nomen
3687 1525 3806 1595 ejus

2148 1625 2205 1677 ct
2230 1620 2400 1692 punit
2430 1619 2738 1691 superbos.

2221 1711 2337 1764 lloc
2359 1708 2533 1763 etiam
2560 1705 2766 1763 dicetis
2802 1724 2814 1761 :
2851 1706 3069 1761 Cantatc
3090 1702 3186 1758 isti
3207 1701 3806 1774 Domino,quoniamin

2150 1798 2241 1853 his
2272 1798 2559 1869 magniﬁco
2583 1798 2711 1867 [erit
2743 1800 2799 1851 et
2829 1795 3044 1867 dignus
3085 1798 3173 1849 est
3218 1792 3392 1848 laude
3441 1808 3454 1846 :
3508 1794 3567 1847 et
3596 1791 3809 1846 dicetis

2151 1889 2376 1942 etiam:
2421 1887 2746 1942 annuntiato
2795 1886 2912 1951 hoc,
2959 1883 3018 1938 id
3068 1887 3157 1938 est
3198 1882 3349 1937 hanc
3396 1879 3808 1946 salvationem,

2153 1979 2213 2033 in
2244 1980 2501 2032 universa
2532 1983 2677 2030 tcrra
2709 1974 2928 2046 ubique
2954 1970 3363 2045 ‘gcntium,ista
3382 1968 3580 2025 salvus
3601 1986 3811 2025 omnes

2155 2066 2399 2137 colligit,

2224 2156 2473 2211 Exsulta
2509 2153 2683 2219 Quasi
2710 2150 3052 2207 hominibus
3075 2151 3202 2222 jam
3234 2153 3324 2203 est
3373 2148 3814 2215 annuntianda,

2155 2246 2252 2300 sed
2288 2252 2372 2315 tu,
2405 2261 2437 2298 o
2468 2243 2729 2298 habitatio
2760 2243 2911 2307 Sion,
2943 2240 3001 2294 id
3034 2243 3140 2306 est,
3175 2256 3207 2294 ο
3252 2254 3353 2293 vos
3403 2235 3596 2294 Judaei
3646 2236 3813 2309 prin-

2155 2333 2449 2406 cipaliter,
2518 2333 2733 2387 exsulta
2797 2339 2848 2386 ct
2910 2328 3075 2384 lauda
3140 2328 3303 2395 ideo,
3380 2327 3516 2399 quia
3587 2336 3816 2382 sanctus

2155 2424 2343 2487 Israel,
2380 2422 2433 2476 id
2468 2425 2574 2491 est,
2608 2419 2705 2475 ille
2737 2420 2834 2492 qui
2869 2417 3199 2474 sanctificat
3228 2415 3425 2483 Israel,
3458 2420 3549 2471 est
3572 2433 3817 2487 magnus

2157 2514 2217 2566 in
2264 2511 2441 2567 medio
2489 2512 2574 2565 tui
2618 2510 2688 2565 de
2732 2507 2896 2563 vobis
2945 2510 3138 2573 natus,
3173 2505 3328 2561 inter
3355 2521 3458 2561 vos
3500 2521 3814 2561 conversa-

2156 2603 2274 2656 tus.

2372 2739 2741 2797 CANTICUM
2781 2737 3098 2795 EZECHUE
3138 2726 3590 2794 REGIS‘JUDA.

2231 2878 2337 2947 Ego
2366 2874 2507 2931 dixi.
2568 2872 2875 2929 Canticum
2922 2872 3080 2926 istud
3136 2875 3226 2927 est
3282 2871 3357 2926 ab
3417 2870 3599 2927 Isaias
3637 2870 3821 2943 scrip-

2161 2970 2309 3035 tum,
2343 2968 2539 3020 tamen
2574 2980 2689 3018 non
2722 2961 2957 3017 nomine
2989 2960 3117 3031 ejus
3150 2959 3508 3030 intitulatur,
3554 2961 3662 3016 sed
3721 2978 3818 3015 no-

2163 3053 2321 3110 mine
2373 3052 2651 3120 Ezeehize,
2710 3050 2811 3123 qui
2862 3050 2933 3106 ab
2994 3048 3144 3104 Isaia
3185 3048 3433 3121 loquens
3492 3049 3820 3105 inducitur.

2163 3142 2437 3198 Ezechias
2491 3157 2625 3196 cum
2678 3140 2737 3194 in
2786 3137 2990 3194 multis
3037 3137 3154 3193 Deo
3207 3137 3546 3206 deserviret,
3600 3138 3666 3194 in
3720 3134 3821 3194 hnc

2164 3230 2440 3303 peccavit,
2476 3229 2632 3302 quod
2676 3227 2904 3284 excelsa
2951 3243 3066 3282 non
3119 3226 3383 3294 abstulit,
3436 3228 3596 3284 unde
3640 3246 3679 3284 a
3710 3229 3822 3284 Deo

2164 3320 2322 3393 gravi
2354 3319 2692 3374 inﬁrmitate
2739 3334 3074 3390 percussus,
3126 3317 3198 3371 ab
3250 3315 3400 3372 Isaia
3448 3317 3675 3372 meruit
3724 3334 3822 3372 au-

2162 3409 2286 3463 dire
2337 3425 2351 3463 ε
2407 3407 2655 3479 Dispone
2703 3405 2903 3462 domui
2952 3409 3089 3473 tute,
3143 3405 3286 3476 quia
3334 3403 3609 3461 morieris
3638 3398 3747 3471 tu,
3768 3411 3826 3462 et

2164 3515 2279 3552 non
2311 3496 2487 3551 vives.
2523 3495 2623 3551 Ille
2651 3512 2786 3568 ergo
2818 3494 2975 3567 gravi
3009 3493 3456 3566 compunctione
3497 3510 3823 3550 conversus

2165 3586 2237 3640 ad
2270 3585 2571 3656 parietem,
2606 3588 2844 3656 peccata
2872 3581 3120 3648 deflevit,
3154 3586 3211 3637 et
3241 3598 3476 3637 rursum
3507 3582 3584 3639 ab
3612 3583 3823 3640 eodem

2166 3673 2318 3729 Isaia
2347 3672 2550 3728 audire
2590 3672 2825 3738 meruit,
2876 3671 3031 3744 quod
3082 3671 3235 3726 Deus
3266 3669 3613 3743 paenitentia
3666 3672 3824 3728 illius

2164 3761 2452 3833 placatus,
2528 3759 2863 3831 quindecim
2931 3775 3117 3815 annos
3180 3758 3309 3814 vitae
3378 3760 3820 3835 superinduxit.

2165 3851 2479 3923 Postquam
2509 3849 2689 3922 igitur
2710 3847 2986 3904 Ezechias
3016 3848 3088 3903 de
3119 3846 3460 3911 infirmitate
3495 3850 3821 3917 convaluit,

2165 3940 2274 3996 hoc
2315 3940 2431 3995 Deo
2480 3938 2777 3994 canticum
2826 3937 3123 3993 liberatori
3171 3954 3278 3993 suo
3327 3937 3559 4007 cecinit,
3590 3938 3677 3994 in,
3710 3956 3821 4013 quo

2164 4033 2222 4084 et
2252 4028 2472 4095 peccati
2504 4027 2595 4082 sui
2625 4032 2683 4083 et
2712 4026 3077 4082 inﬁrmitatis
3105 4015 3414 4094 meminit,
3442 4031 3509 4082 ut
3535 4043 3608 4084 ex
3640 4045 3821 4102 Oppo-

2167 4117 2279 4172 sito
2312 4115 2706 4171 tribulationis
2740 4115 2959 4185 gratior
3010 4120 3289 4187 appareat
3335 4115 3548 4172 modus
3598 4116 3851 4174 libera-'

2164 4203 2363 4261 t‘onis.
2414 4204 2657 4260 Materia
2703 4206 2792 4258 est
2846 4203 2972 4274 ipse
3021 4203 3294 4263 Ezechias
3355 4204 3416 4259 in
3470 4202 3822 4261 inﬁrmitate

2088 4273 2130 4340 C
2169 4291 2416 4364 positus,
2466 4296 2523 4346 et
2572 4291 2645 4348 ab
2696 4273 3039 4347 infirmitate
3089 4290 3411 4349 liberatus.‘
3448 4292 3667 4351 Modus
3713 4298 3820 4361 est,

2170 4381 2327 4453 quod
2357 4380 2616 4437 ostendit
2644 4397 2826 4453 quare
2857 4379 2918 4435 in
2957 4378 3120 4437 illam
3159 4379 3564 4437 infirmitatem
3592 4399 3823 4441 ‘corue-

2167 4469 2259 4537 rit,
2294 4474 2529 4541 propter
2558 4473 2797 4541 peccata
2826 4485 2953 4536 sua,
2986 4472 3045 4525 et
3074 4468 3327 4540 qualiter
3369 4468 3430 4524 in
3472 4469 3824 4526 infirmitate

2166 4575 2230 4612 se
2259 4557 2550 4625 habuerit,
2585 4556 2823 4623 scilicet,
2858 4574 3045 4638 quam.
3083 4558 3335 4631 graviter
3361 4558 3731 4631 pcenituerit,
3770 4564 3827 4614 et

2167 4646 2418 4718 qualiter
2448 4664 2551 4718 per
2580 4645 2983 4717 pwnitentiam
3016 4650 3262 4719 purgato
3302 4651 3559 4719 peccato,
3606 4663 3822 4704 conva-

2166 4735 2359 4789 luerit.
2396 4732 2644 4789 lntentio
2674 4738 2764 4788 est
2792 4733 3009 4789 hortari
3042 4735 3114 4789 ad
3148 4736 3571 4807 paenitentiam.
3596 4737 3822 4793 Notan—

2167 4826 2306 4879 dum
2330 4827 2437 4891 est,
2460 4822 2670 4878 Isaiam
2705 4823 2763 4877 in
2794 4822 2969 4878 verbo
3000 4823 3230 4880 Domini
3262 4824 3622 4896 loquentem,
3654 4829 3717 4881 et
3746 4826 3825 4879 vi-

2167 4914 2358 4969 cinam
2403 4917 2651 4968 mortem
2702 4912 3173 4981 annuntiantem,
3218 4914 3473 4971 Ezechias
3521 4931 3641 4969 non
3689 4932 3823 4971 esse

2168 5001 2501 5066 mentitum,
2538 5000 2806 5072 quamvis
2828 5000 2926 5056 ille
2958 5000 3273 5057 convaluit.
3325 5001 3609 5061 Dominus
3656 5002 3820 5058 enim

2164 5090 2274 5145 sub
2303 5087 2633 5144 conditione
2663 5088 2808 5145 solet
2830 5088 3013 5161 loqui,
3047 5089 3184 5161 quia
3205 5090 3347 5146 dicit
3375 5108 3389 5146 :
3425 5090 3712 5158 Morierit,
3739 5090 3824 5145 ni-

2163 5179 2213 5234 si
2245 5177 2653 5249 poenitueritis.
3594 5184 3619 5193 “

2234 5266 2423 5321 Verba
2454 5265 2727 5337 Ezechiae,
2757 5266 3065 5324 recolentis
3096 5267 3349 5340 qualiter
3377 5268 3437 5324 in
3468 5268 3821 5324 inﬁrmitate

2167 5373 2229 5412 se
2262 5353 2530 5409 habuerit
2561 5371 2574 5409 ε
2608 5356 2712 5425 Ego
2743 5355 2883 5410 dum
2918 5356 3250 5412 infirmarer
3278 5357 3419 5424 dixi,
3455 5358 3513 5414 id
3539 5361 3647 5423 cst,
3672 5356 3820 5411 deli-

2166 5444 2386 5501 beravit
2418 5461 2431 5498 :
2470 5443 2669 5500 Vadam
2696 5443 2766 5498 ad
2791 5452 2975 5515 portas
3006 5447 3177 5516 inferi
3225 5447 3285 5501 in
3335 5446 3566 5502 dimidio
3592 5445 3821 5500 dierum

2164 5531 2572 5603 "(communia
2596 5532 2722 5587 dies
2751 5550 2912 5589 meos
2939 5551 3050 5589 non
3086 5534 3489 5590 consummavi
3514 5535 3571 5589 in
3594 5533 3820 5589 studiis

2165 5623 2452 5678 bonorum
2484 5637 2747 5692 operum.
