4060 6180
475 305 596 371 699

837 307 1244 372 HAYMONIS
1290 307 1824 372 HALBERSTAT.
1870 306 2112 369 EPISC.
2161 307 2330 370 OPP.
2379 308 2600 374 PARS.
2647 313 2696 374 l.
2743 347 2820 358 —
2864 311 3267 377 COMMENT.
3314 315 3516 378 BIBL.

3751 317 3862 379 700

478 443 566 500 tui
605 444 864 499 futuram
911 459 1027 498 non
1085 441 1466 515 intelligerem
1529 441 1674 498 mihi
1731 443 2118 514 profuturam.
2147 440 2206 508 Α
2235 441 2531 511 solebatis,
2559 445 2836 518 proferre,
2857 447 3112 506 recedant
3138 448 3314 506 deore
3339 456 3543 520 vestro,-
3566 449 3694 509 ideo
3715 465 3861 508 rece-

551 535 761 590 Vivens.
795 531 883 588 Illi
916 547 1031 586 non
1067 531 1522 602 conﬁtebuntur,
1547 531 1649 586 sed
1689 533 1894 600 vivens,
1927 531 1985 586 id
2017 534 2125 599 est,

480 621 640 680 solus
674 623 732 676 in
761 621 1078 677 virtutibus
1109 622 1294 677 vivens
1338 621 1396 676 in
1438 619 1733 692 praesenti,
1765 623 1822 675 et
1854 620 1908 673 in
1944 618 2126 674 beati-

477 711 684 767 tudine
714 715 848 783 post
879 714 1153 779 mortem,
1186 713 1300 783 ipse
1329 709 1490 765 solus
1521 709 1861 782 conﬁtebitur
1889 709 1992 765 tibi
2021 727 2040 764 :
2072 711 2130 764 et

479 801 607 856 ideo
639 817 732 856 me
759 799 1088 866 viviﬁcasti,
1125 803 1190 855 ut
1217 798 1322 854 tibi
1345 799 1672 854 conﬁterer.

546 889 930 946 Conﬁtebitur
954 888 1058 943 tibi
1093 889 1244 952 dico,
1279 892 1336 943 et
1367 887 1580 959 aliquis
1611 888 1844 943 illorum
1874 887 2126 943 viviﬁca-

472 985 666 1036 torum
702 981 890 1035 factus
920 987 1074 1052 pater
1101 983 1153 1034 ct
1187 979 1389 1033 doctor
1419 977 1570 1045 aliis,
1603 979 1768 1048 faciet
1790 979 1946 1049 ﬁliis,
1980 995 2128 1050 quos

472 1072 640 1126 docet
696 1079 880 1126 notam
931 1070 1211 1124 veritatem
1243 1076 1414 1133 tuam,
1445 1068 1500 1122 id
1561 1071 1650 1122 est
1708 1068 2128 1139 promissiones

471 1166 627 1230 tuas,
652 1163 810 1234 quod
833 1177 946 1215 non
969 1161 1058 1214 vis
1080 1162 1326 1214 mortem
1351 1157 1692 1229 peccatoris,
1716 1159 1814 1212 sed
1849 1158 2043 1230 potius
2064 1161 2130 1213 ut

471 1255 866 1318 convertatur,
890 1253 948 1304 et
975 1248 1127 1302 vivat
1148 1247 1360 1318 (Encch.
1383 1248 1578 1314 xvm):
1601 1248 1741 1302 sicut
1771 1253 1821 1302 et
1849 1263 1942 1317 ego
1971 1245 2130 1302 hodie

469 1341 706 1397 notiﬁco
739 1357 842 1412 per
873 1335 1272 1393 inﬁrmitatem
1307 1339 1364 1392 et
1393 1336 1758 1390 sanationem
1800 1351 2014 1390 meam.

539 1434 612 1488 Et
661 1433 725 1485 ut
782 1427 1005 1501 possim
1063 1426 1360 1492 conﬁtere,
1385 1425 1630 1492 Domine,
1665 1423 1818 1479 sicut
1875 1424 2121 1496 cmpisti,

469 1521 744 1591 deinceps
783 1519 994 1574 salvum
1045 1531 1130 1570 me
1175 1517 1266 1586 fac
1311 1517 1368 1570 et
1417 1512 1582 1582 alios,
1638 1521 1690 1570 et
1735 1511 2128 1570 communiter

464 1611 706 1684 psalmos
734 1615 946 1668 nostros
966 1605 1306 1661 cantabimus
1331 1606 1540 1660 cunctis
1560 1603 1748 1658 diebus
1777 1605 1907 1660 vitae
1924 1609 2128 1658 nostra?

469 1703 531 1758 in
561 1701 718 1756 domo
761 1698 1005 1762 Domini,
1039 1712 1152 1751 non
1214 1694 1272 1749 in
1323 1691 1588 1764 excelsis,
1615 1692 1766 1748 sicut
1818 1691 2128 1763 hucusque

473 1786 821 1864 promisisti.

970 1872 1343 1929 CANTICUM
1384 1872 1620 1927 ΑΝΝᾹέ.

465 2057 656 2114 litatis
686 2057 758 2112 ab
791 2053 1003 2110 aemula
1035 2069 1143 2108 sua
1175 2052 1447 2106 Fenenna
1469 2053 1524 2105 et
1544 2047 1682 2104 ﬁliis
1713 2049 1862 2119 ejus,
1886 2049 2122 2104 tandem

468 2146 804 2214 fecundata,
837 2146 895 2199 et
923 2140 1194 2198 Samuele
1225 2139 1342 2195 ﬁlio
1383 2155 1510 2205 suo,
1545 2137 1698 2194 sicut
1727 2155 1855 2192 mos
1886 2140 2032 2202 erat,
2061 2135 2122 2192 in

467 2233 688 2305 templo
711 2231 985 2296 adducto,
1007 2227 1172 2300 quasi
1199 2244 1302 2299 pro
1323 2226 1645 2298 gratiarum
1667 2225 1892 2281 actione
1913 2224 2128 2280 cecinit

474 2319 908 2380 hocicanticum
934 2317 1203 2386 Domino,
1223 2316 1278 2370 in
1303 2332 1416 2387 quo
1439 2314 1612 2370 etiam
1637 2313 1946 2386 prophetat
1967 2312 2123 2368 salu-

474 2417 616 2478 tem,
643 2425 820 2482 quam
851 2405 1136 2463 Dominus
1183 2408 1444 2476 tempore
1489 2403 1678 2474 ipsius
1725 2401 2036 2470 Samuelis,
2069 2405 2128 2457 ct

473 2518 578 2574 per
601 2500 798 2574 ipsum
815 2493 1148 2554 Samuelem
1167 2494 1430 2550 facturus
1447 2496 1601 2548 esset
1619 2491 1932 2548 Israelitico
1951 2509 2129 2564 popu-

466 2589 544 2646 lo.
581 2589 689 2644 Per
725 2586 952 2641 Annam
986 2582 1150 2655 prius
1182 2579 1461 2647 sterilem,
1485 2584 1689 2652 postea
1726 2579 2121 2648 fecundatam,

473 2678 843 2753 signiﬁcatur
863 2671 1182 2748 gentilitas,
1199 2688 1326 2743 quae
1348 2669 1514 2743 prius
1536 2671 1809 2742 despecta
1831 2686 1862 2725 a
1882 2668 2123 2738 Judaeis,

476 2771 680 2842 postea
700 2781 996 2830 conversa,
1019 2760 1238 2818 Judaeis
1262 2763 1352 2816 est
1371 2759 1642 2832 praelata:
1669 2775 1772 2832 per
1793 2761 2125 2816 Fenennam

476 2857 760 2916 Judaicus
793 2852 1067 2928 populus,
1092 2849 1191 2924 qui
1225 2853 1360 2906 ante
1391 2867 1424 2905 a
1451 2849 1568 2905 Deo
1607 2853 1900 2922 acceptus,
1925 2852 2129 2920 postea

471 2949 562 3006 est
577 2944 922 3018 repudiatus
941 2958 954 2997 :
976 2957 1080 3014 per
1093 2938 1450 3008 Samuelem,
1465 2937 1756 3006 Christus,
1771 2937 1871 3010 qui
1893 2938 2128 2993 futurus

473 3039 601 3092 erat
631 3033 792 3091 salus
823 3029 1052 3088 Judaici
1099 3027 1322 3102 populi,
1355 3028 1415 3082 id
1455 3030 1545 3083 est
1583 3025 1776 3082 omnis
1813 3025 2124 3081 credentis.

473 3122 717 3180 Materia
763 3123 853 3175 est
898 3118 1058 3174 ﬁlius
1109 3119 1288 3172 Anna:
1331 3133 1364 3170 a
1403 3116 1518 3170 Deo
1552 3115 1744 3169 datus.
1779 3114 1987 3168 Modus
2015 3117 2122 3180 est,

2153 1813 2203 1878 B

541 1967 872 2024 Exsultavit.
895 1966 1062 2019 Anna
1094 1963 1195 2018 diu
1227 1977 1506 2034 perpessa
1544 1959 1922 2032 opprobrium
1955 1959 2124 2014 steri-
2189 1973 2208 1990 ·

2238 529 2399 599 dant,
2420 535 2550 605 quia
2576 535 2720 591 Deus
2747 537 2946 592 omnia
2983 537 3324 609 praevidens,
3361 556 3494 595 cum
3525 556 3627 594 vos
3660 539 3863 597 exitum

2237 619 2314 674 rei
2350 638 2465 676 non
2511 622 2872 698 intelligetis,
2895 627 3194 698 jactantiaa
3223 631 3426 684 vestrae
3466 645 3697 700 pmnam
3737 645 3866 701 pras-

2237 710 2500 779 parabit:
2526 712 2635 768 hoc
2667 715 2844 771 dicit:
2873 717 3015 788 quia
3059 717 3199 773 Deus
3229 719 3585 774 scientiarum
3621 719 3868 776 Dominus

2234 804 2334 864 est,
2365 807 2418 854 et
2445 801 2554 872 ipsi
2577 813 2988 876 prwparantur,
3020 806 3078 860 id
3116 810 3208 862 est
3243 811 3560 880 antequam
3591 807 3756 873 ﬁant,
3788 823 3867 864 co-

2235 894 2600 959 gnoscuntur
2627 894 2977 964 cogitationes
3007 895 3336 952 hominum.

2308 978 2377 1032 Et
2407 979 2548 1050 quia
2576 983 2734 1037 novit
2781 983 3172 1042 conscientias
3219 989 3444 1042 vestras
3492 987 3796 1060 superbas,
3824 989 3872 1043 et

2238 1082 2425 1122 meam
2451 1068 2868 1140 humilitatem,
2891 1073 3020 1129 ideo
3038 1091 3139 1130 vos
3165 1075 3455 1146 depOsuit,
3470 1079 3528 1132 et
3549 1093 3656 1132 nos
3677 1074 3873 1132 exalta-

2233 1155 2316 1209 vit
2341 1173 2354 1211 :
2379 1156 2486 1212 hoc
2508 1159 2649 1214 dicit
2672 1177 2684 1215 :
2709 1178 2892 1228 arcus,
2917 1162 2974 1218 id
3007 1167 3098 1218 est
3141 1167 3422 1236 potestas,
3443 1165 3692 1236 fortium,
3717 1164 3780 1220 id
3798 1169 3873 1229 est

2235 1245 2456 1300 aemula:
2489 1251 2546 1302 et
2577 1249 2852 1321 ﬁliorum,
2899 1255 2955 1306 et
3004 1251 3470 1320 Philistinorum,
3493 1262 3784 1326 superatus
3811 1263 3875 1310 est

2234 1349 2338 1404 per
2359 1353 2548 1392 meam
2571 1339 3009 1406 fecunditatem,
3031 1345 3087 1395 et
3113 1358 3214 1412 per
3235 1341 3639 1398 fortitudinem
3658 1343 3874 1402 Judm

2236 1441 2388 1492 rum,
2413 1433 2464 1482 et
2493 1429 2707 1499 inﬁrmi
2729 1445 2836 1502 ego
2869 1434 2926 1485 ct
2955 1431 3090 1496 mei,
3113 1431 3198 1486 vel
3232 1430 3408 1486 etiam
3441 1432 3684 1500 Hebrazi,
3711 1433 3872 1489 modo

2235 1530 2339 1586 per
2369 1515 2545 1571 istun
2579 1517 2766 1573 ﬁlium
2797 1527 2928 1574 sunt
2952 1522 3183 1576 accincti
3209 1521 3417 1576 robore.

2305 1605 2374 1659 Et
2403 1604 2507 1673 illi,
2533 1607 2632 1678 qui
2659 1609 2819 1680 prius
2851 1609 3043 1680 repleti
3071 1609 3303 1664 fuerant
3348 1613 3634 1682 potestate
3653 1614 3708 1666 et
3737 1611 3871 1666 divi-

2234 1693 2332 1764 tis,
2355 1695 2528 1750 modo
2557 1713 2656 1768 pro
2683 1698 2920 1768 panibus
2951 1697 3167 1769 quibus
3193 1699 3640 1768 'saturarentur,
3659 1716 3720 1756 se
3751 1700 3872 1757 loca-

2234 1792 2430 1840 verunt
2453 1789 2510 1840 et
2541 1785 2791 1840 servient
2824 1791 2886 1841 ut
2915 1786 3280 1854 mercenarii,
3307 1795 3360 1844 et
3403 1788 3566 1862 prius
3609 1790 3868 1860 famelici,

2235 1874 2302 1926 ut
2330 1887 2435 1945 ego
2466 1873 2595 1945 ipsa
2620 1875 2706 1930 vel
2737 1874 2944 1941 Judaei,
2971 1878 3208 1932 saturati
3232 1885 3380 1934 sunt.

2305 1961 2518 2018 Donec.
2551 1965 2669 2036 Ego
2701 1963 2982 2036 paulatim
3015 1969 3244 2020 tantum
3280 1967 3452 2032 crevi,
3485 1971 3543 2023 et
3567 1968 3872 2027 adversarii

2237 2049 2636 2119 decreverunt,
2669 2054 2852 2108 donec
2885 2055 2953 2109 ad
2985 2054 3302 2112 maximam
3330 2055 3615 2112 vilitatem
3645 2058 3874 2114 devene-

2235 2143 2409 2195 runt:
2435 2141 2544 2196 hoc
2575 2141 2751 2198 dicit:
2777 2143 2944 2198 donec
2977 2145 3204 2211 sterilis,
3227 2143 3285 2199 id
3315 2147 3404 2200 est
3432 2161 3538 2217 ego
3567 2143 3656 2200 vel
3687 2145 3876 2202 Judaa

2233 2227 2449 2298 potius,
2475 2231 2766 2302 impotens
2799 2233 3068 2288 resistere
3112 2232 3428 2306 allophilis,
3459 2236 3674 2308 peperit
3705 2235 3874 2307 pluri-

2189 2354 2192 2358 ι
2231 2334 2366 2384 mos,
2391 2327 2445 2374 et
2474 2319 2573 2376 illa
2605 2321 2817 2376 aemula
2846 2337 2972 2394 quis
2991 2323 3191 2378 multos
3223 2322 3415 2379 habuit
3438 2323 3606 2394 ﬁlios,
3637 2322 3723 2379 vel
3758 2323 3879 2378 allo-

2233 2406 2400 2478 phili,
2435 2409 2533 2480 qui
2569 2409 2790 2465 multos
2810 2411 3108 2467 habebant
3129 2411 3458 2480 bellicosos,
3481 2413 3766 2485 inﬁrmata
3793 2419 3874 2469 est.

2305 2497 2376 2551 Et
2403 2497 2513 2554 hoc
2539 2499 2694 2570 quod
2727 2516 2832 2573 ego
2866 2517 2998 2556 sum
3033 2504 3316 2572 saturata,
3349 2503 3408 2556 et
3447 2500 3532 2556 illi
3583 2501 3875 2567 inﬁrmati,

2234 2581 2343 2638 hoc
2360 2587 2450 2638 est
2469 2601 2572 2655 per
2593 2587 2906 2653 Dominum,
2921 2587 3020 2660 qui
3041 2605 3188 2660 quos
3203 2587 3328 2644 vult
3345 2590 3654 2661 mortiﬁcat,
3672 2598 3725 2646 et
3743 2607 3878 2662 quos

2233 2672 2359 2727 vult
2387 2675 2628 2746 viviﬁcat
2647 2678 2702 2730 et
2734 2677 3118 2734 mortiﬁcatos
3145 2677 3364 2734 deducit
3377 2679 3448 2734 ad
3474 2679 3700 2750 inferos,
3723 2684 3794 2734 ut
3809 2679 3874 2734 ibi

2234 2765 2513 2834 perpetuo
2546 2767 2974 2834 remaneant,et
3002 2766 3288 2838 quosdam
3319 2767 3548 2830 reducit.
3571 2767 3710 2840 quia
3741 2785 3874 2840 pre-

2213 2849 2467 2906 -videbat
2490 2851 2689 2923 justos
2711 2852 2769 2908 in
2801 2853 3016 2910 Christi
3047 2855 3469 2912 resurrectione
3500 2857 3872 2913 reducendos.

2305 2940 2566 3016 Dominus
2595 2941 2770 2997 etiam
2799 2959 3096 3016 pauperem
3135 2945 3273 3015 facit
3293 2952 3346 3000 et
3369 2943 3508 3002 ditat
3543 2945 3604 3001 in
3637 2933 3872 3014 divitiis,

2234 3027 2495 3085 humiliat
2521 3039 2574 3086 et
2593 3031 2836 3088 sublevat
2861 3031 2921 3087 in
2953 3033 3364 3104 potestatibus.

2307 3117 2436 3188 Ipse
2465 3119 2594 3174 dico
2623 3122 2893 3176 suscitans
2921 3121 2986 3177 de
3010 3123 3255 3194 pulvere,
3287 3122 3346 3178 id
3385 3127 3479 3179 est
3511 3123 3584 3179 de
3623 3121 3874 3179 inferiori

469 3178 624 3283 quod
649 3207 908 3264 ostendit
927 3204 1178 3277 qualiter
1208 3204 1336 3274 ipsa
1363 3204 1531 3256 Anna
1563 3219 1665 3273 pro
1697 3200 1816 3256 ﬁlio
1850 3201 1959 3256 sibi
1987 3178 2196 3258 datoc
2231 3178 2416 3277 gradu
2448 3225 2676 3278 egenum
2707 3209 2861 3265 sicut
2899 3178 3125 3278 me,‘vel
3169 3178 3368 3266 meum
3407 3211 3876 3285 populum,etde

473 3315 535 3354 se
564 3295 858 3362 habuerit,
892 3293 1134 3357 scilicet,
1169 3291 1324 3362 quod
1357 3291 1474 3346 Deo
1505 3290 1691 3346 datori
1723 3289 1942 3361 gratias
1972 3293 2123 3346 retu-

469 3387 562 3453 lit,
585 3389 643 3440 et
673 3383 814 3456 quid
849 3398 950 3454 per
989 3380 1186 3452 ipsum
1225 3377 1556 3435 Samuelem
1589 3378 1853 3452 contigit,
1878 3379 2120 3446 scilicet,

471 3473 637 3531 salus
687 3469 910 3544 populi,
941 3473 999 3524 et
1029 3467 1346 3523 destructio
1394 3467 1676 3523 hostium.
1713 3469 1962 3524 Intentio
2009 3471 2118 3535 est,

469 3562 688 3620 hortari
724 3561 796 3616 ad
844 3558 1078 3615 laudern
1119 3557 1240 3626 Dei,
1275 3575 1376 3628 pro
1410 3556 1820 3629 impctratione
1869 3557 2122 3630 alicujus

469 3650 758 3710 beneﬁcii.

537 3740 662 3796 Vox
684 3740 884 3810 Anum,
901 3738 974 3793 de
993 3739 1228 3807 accepto
1251 3733 1371 3789 ﬁlio
1393 3734 1860 3806 congratulantis
1884 3753 1896 3790 :
1921 3735 2119 3791 Exsul-

469 3833 603 3890 tavit
625 3847 716 3887 cor
743 3829 934 3885 meum'
948 3829 1010 3883 in
1037 3827 1264 3882 Domino
1287 3823 1440 3896 quod
1473 3823 1636 3879 dedit
1661 3823 1804 3879 mihi
1831 3823 2050 3892 ﬁlium;
2071 3832 2126 3880 et

467 3937 642 3978 cornu
667 3935 869 3983 meum,
893 3915 951 3971 id
985 3918 1093 3984 est,
1132 3911 1392 3970 defensio
1421 3929 1552 3968 mea
1591 3917 1792 3968 contra
1824 3913 2120 3986 imprope-

469 4008 622 4064 rium
655 4003 1001 4071 sterilitatis,
1033 4004 1334 4059 exaltatum
1374 4009 1455 4058 est
1502 4002 1559 4056 in
1610 4002 1716 4056 Deo
1742 4017 1880 4070 meo,
1911 4018 2024 4056 non
2059 4001 2118 4056 in

469 4113 564 4152 me
596 4091 913 4166 superbivi,
947 4092 1048 4148 sed
1092 4092 1148 4145 in
1187 4091 1462 4146 omnibus
1494 4106 1588 4145 me
1625 4093 1852 4162 gratam
1883 4089 2121 4146 exhibui

471 4184 610 4239 Deo.

541 4271 614 4326 Et
644 4270 838 4342 ipsum
873 4266 1080 4334 ﬁlium,
1104 4283 1162 4322 os
1182 4284 1364 4323 meum
1383 4269 1536 4338 quod
1559 4267 1702 4322 mihi
1727 4268 1892 4338 prius
1911 4267 2124 4338 impro-

475 4357 820 4432 perantibus
846 4356 1198 4428 respondero
1228 4373 1342 4410 non
1363 4355 1636 4422 audebat,
1661 4356 1833 4411 modo
1863 4364 1940 4411 est
1977 4355 2122 4411 dila-

473 4456 646 4508 tatum
675 4461 840 4518 super
869 4445 1122 4500 inimicos
1149 4459 1314 4508 meos,
1339 4442 1477 4514 quia
1506 4441 1690 4497 habeo
1711 4443 1848 4514 quid
1884 4460 2120 4514 respon-

2227 3301 2476 3363 storcore,
2511 3297 2566 3352 id
2600 3302 2710 3369 est,
2742 3299 2814 3354 de
2857 3315 3071 3372 magno
3103 3298 3416 3372 opprobrio
3457 3305 3516 3356 et
3562 3300 3876 3372 abjectione

2226 3402 2521 3457 pauperem
2549 3388 2764 3458 erigens
2795 3387 2852 3442 in
2888 3404 3166 3461 magnam
3199 3387 3566 3461 dignitatem.

2299 3475 2384 3530 Ad
2414 3475 2523 3531 hoc
2561 3475 2812 3547 erigens,
2847 3484 2908 3533 ut
2952 3477 3134 3533 sedeat
3172 3494 3296 3533 cum
3333 3478 3700 3550 principibus,
3725 3485 3782 3534 et
3805 3494 3875 3534 so-

2229 3557 2368 3618 lium
2394 3565 2592 3634 gloria:
2621 3571 2798 3621 teneat
2824 3565 2977 3620 sicut
3005 3565 3342 3638 imperator.

2300 3653 2370 3707 Et
2399 3653 2525 3724 ipse
2553 3657 2766 3724 potest,
2799 3654 3021 3710 Domini
3047 3656 3196 3710 enim
3232 3662 3364 3710 sunt
3402 3655 3655 3711 cardines
3695 3662 3870 3722 terra',

2229 3741 2338 3797 hoc
2366 3744 2475 3812 est,
2499 3741 2692 3797 ultimi
2725 3741 2874 3798 ﬁnes
2902 3746 3068 3797 terra:
3097 3751 3152 3799 et
3180 3745 3365 3816 posuit
3391 3743 3600 3814 orbem,
3630 3741 3739 3798 hoc
3768 3745 3870 3811 est,

2229 3833 2286 3885 te
2318 3830 2756 3886 ﬁrmamentum
2786 3846 2952 3903 super
2978 3847 3068 3886 eos
3097 3831 3388 3888 cardines.

2302 3917 2588 3973 Dominus
2609 3918 2784 3974 etiam
2809 3919 2935 3991 ipse
2957 3923 3268 3992 postquam
3290 3919 3502 3976 exaltat
3524 3923 3761 3976 sanctos
3773 3935 3873 3976 ser-

2227 4007 2377 4063 vabit
2397 4024 2468 4062 ne
2491 4011 2730 4080 peccent
2750 4007 2914 4080 pedes
2932 4016 3245 4065 sanctorum
3273 4025 3520 4077 suorum,
3543 4009 3605 4065 id
3627 4011 3718 4064 est
3741 4009 3872 4064 ﬁnes

2227 4095 2514 4168 ipsorum,
2543 4096 2682 4168 quia
2704 4097 2776 4152 ad
2799 4097 3020 4153 bonum
3045 4097 3221 4154 ﬁnem
3253 4099 3536 4170 perducet
3563 4115 3686 4166 eos,
3707 4106 3762 4154 et
3784 4113 3869 4153 ex-

2231 4183 2440 4256 posito,
2473 4186 2636 4263 impii
2664 4187 3016 4242 conticescent
3046 4203 3162 4242 non
3193 4187 3478 4244 audentes
3509 4187 3747 4256 mutire,
3779 4201 3869 4242 nec

2230 4273 2515 4330 habentes
2545 4273 2767 4330 bonum
2799 4275 2954 4346 quod
2999 4275 3316 4347 proferant,
3343 4274 3516 4348 positi
3550 4277 3613 4330 in
3649 4273 3870 4331 tenebris

2230 4362 2464 4429 inferni,
2499 4363 2616 4434 iam
2653 4362 3049 4418 conticescent
3080 4379 3094 4418 :
3131 4367 3190 4419 et
3229 4366 3362 4436 quia
3387 4363 3488 4420 ille
3519 4360 3868 4434 tantumqui

2230 4453 2320 4506 vir
2345 4455 2454 4522 est,
2487 4451 2834 4508 roborabitur
2861 4451 2919 4507 in
2953 4452 3170 4521 futuro,
3203 4457 3260 4508 et
3289 4452 3398 4508 hoc
3427 4453 3611 4509 robur
3636 4451 3746 4508 erit
3768 4465 3872 4506 non

471 4538 640 4593 deam
673 4534 897 4590 aemulae
927 4537 986 4589 et
1017 4532 1154 4588 ﬁliis
1183 4531 1348 4602 ejus:
1373 4529 1504 4586 ideo
1535 4528 1784 4617 exaltata
1814 4547 1967 4598 sum,
1992 4533 2124 4603 quia
2149 4547 2202 4617 Β
2232 4541 2293 4595 in
2322 4556 2421 4595 sua
2449 4539 2791 4611 fortitudine,
2824 4540 2925 4596 sed
2959 4539 3082 4596 Dei.

387 4628 396 4636 ’
471 4627 659 4683 laetata
687 4640 810 4680 sum
837 4623 898 4678 in
925 4622 1162 4678 salutari
1192 4627 1303 4688 tuo,
1326 4617 1382 4675 id
1416 4623 1526 4688 est,
1548 4617 1609 4673 in
1633 4615 1772 4686 ﬁlio,
1796 4635 1971 4690 quem
1998 4637 2126 4692 pro-

470 4712 637 4768 video
668 4711 986 4766 salutarem
1017 4707 1217 4781 populi
1248 4707 1358 4774 tui,
1389 4724 1493 4779 per
1519 4710 1577 4762 te
1607 4705 1764 4762 dato.

545 4800 669 4856 Non
692 4803 781 4854 est
801 4801 1062 4855 sanctus.
1082 4798 1152 4852 Et
1172 4795 1312 4868 quia
1333 4795 1495 4851 dedit
1515 4795 1854 4858 salutarem,
1879 4813 1982 4867 per
2011 4797 2121 4853 hoc

477 4891 738 4962 apparet,
755 4887 910 4959 quod
929 4903 1036 4942 non
1071 4893 1152 4942 est
1177 4883 1392 4956 aliquis
1421 4891 1640 4939 sanctus
1667 4891 1730 4940 ut
1755 4893 1834 4940 est
1861 4886 2122 4942 Dominus

473 4978 573 5051 qui
606 4975 975 5032 tantumdem
1005 4973 1212 5030 valeat.
1235 4972 1382 5029 Vere
1423 4990 1538 5028 non
1569 4975 1660 5028 cst
1700 4989 1864 5044 atque
1907 4973 2122 5047 aliquis

474 5069 936 5136 sanctus,neque
980 5063 1128 5118 enim
1173 5069 1252 5118 est
1305 5061 1451 5116 alius
1494 5068 1651 5116 extra
1694 5067 1761 5116 te.
1796 5060 2006 5118 Nullus
2035 5067 2126 5118 est

475 5158 738 5220 sanctus,
765 5151 874 5207 nisi
908 5167 1012 5223 per
1041 5157 1107 5217 te,
1139 5157 1191 5205 et
1218 5167 1324 5205 non
1357 5157 1436 5205 est
1461 5147 1676 5221 aliquis
1703 5151 1862 5219 fortis
1889 5150 1948 5205 in
1979 5151 2120 5205 dan-

477 5242 571 5298 dis
601 5240 922 5304 bencﬁciis,
956 5241 1166 5312 potens
1193 5240 1335 5294 sicut
1364 5243 1508 5294 Deus
1537 5245 1736 5292 noster.

547 5329 696 5400 Ergo
723 5329 910 5396 nolite,
935 5331 997 5382 tu
1045 5327 1255 5382 aemula
1285 5330 1342 5380 et
1373 5325 1498 5381 Filii
1535 5323 1836 5392 Philistzci,
1858 5343 2006 5397 quos
2036 5328 2123 5382 in-

475 5415 674 5486 telligo
696 5416 1085 5472 devincendos
1117 5416 1174 5469 in
1207 5411 1524 5469 sacerdotis
1555 5410 1660 5465 ﬁlii
1693 5411 1829 5478 mei,
1863 5418 2128 5488 multipli-

476 5519 600 5558 care
625 5504 866 5575 loquitur
882 5503 1143 5558 sublimia
1163 5502 1315 5558 sicut
1330 5516 1517 5573 usque
1537 5499 1654 5554 huc
1671 5499 1986 5571 gloriantes.
2001 5506 2124 5561 Non

479 5593 711 5644 tantum
735 5607 882 5647 nova
902 5607 1015 5646 non
1040 5588 1464 5662 multiplicatis,
1488 5589 1586 5644 sed
1607 5587 1785 5644 etiam
1809 5599 1983 5648 uetcra
2001 5613 2126 5668 quae

2301 4629 2406 4684 Vir
2434 4627 2672 4700 quidem
2702 4627 2870 4685 tortis
2911 4629 3234 4703 apparebit,
3268 4630 3367 4686 sed
3417 4629 3725 4686 adversarii
3761 4627 3870 4700 ejus

2229 4721 2495 4790 expertes
2525 4716 2733 4773 divina
2780 4715 3141 4774 fortitudinis
3177 4717 3573 4790 formidabant,
3603 4721 3661 4773 et
3689 4711 3869 4772 timidi

2231 4805 2600 4878 apparebunt
2629 4809 2766 4862 ante
2792 4806 3104 4874 Dominum,
3125 4806 3318 4880 etipse
3349 4806 3606 4862 existens
3626 4807 3685 4860 in
3710 4803 3866 4870 aclis,

2230 4895 2438 4950 tonabit
2466 4911 2570 4966 per
2589 4894 2794 4949 tubam
2815 4894 3150 4968 archangeli
3171 4894 3528 4951 horribiliter
3545 4909 3709 4968 super
3737 4895 3871 4966 ipsa:

2230 4983 2432 5039 dicens
2455 4999 2468 5036 ε
2493 4986 2588 5050 Ite,
2612 4981 2906 5049 maledicti,
2931 4985 2988 5038 in
3012 4985 3192 5055 ignem
3210 4990 3482 5040 aeternum
3503 4981 3704 5056 (Matth.
3724 4979 3866 5051 xxv).

2229 5071 2330 5127 Vel
2361 5074 2676 5143 antequam
2705 5071 2899 5127 veniat
2923 5071 2993 5126 ad
3017 5071 3164 5128 illud
3182 5070 3496 5144 judicium,
3523 5069 3583 5126 in
3604 5071 3713 5126 hoc
3732 5083 3870 5141 pra-

2233 5179 2330 5217 sen
2341 5161 2382 5215 ti
2415 5159 2704 5216 intonabit
2731 5159 2788 5214 in
2813 5159 2993 5230 cmlis,
3015 5161 3073 5216 id
3097 5164 3187 5217 est
3215 5177 3318 5232 per
3335 5159 3652 5233 apostolos,
3673 5157 3766 5231 qui
3785 5155 3867 5210 eis

2231 5248 2599 5322 praedicando
2630 5247 3068 5304 annuntiabunt
3095 5249 3352 5304 futuram
3386 5248 3708 5305 miseriam.

2305 5339 2374 5392 Et
2410 5354 2526 5392 non
2566 5337 2785 5392 mirum
2834 5335 2884 5392 si
2943 5336 3404 5405 formidaverint,
3425 5335 3568 5410 quia
3621 5335 3866 5391 Dominus

2234 5425 2292 5484 in
2327 5425 2426 5482 illo
2473 5424 2696 5497 judicio
2743 5424 3017 5496 judicabit
3061 5441 3246 5482 omnes
3287 5427 3424 5498 ﬁnes
3476 5433 3657 5492 terra,
3689 5422 3743 5477 id
3779 5421 3868 5474 est

2236 5516 2644 5588 cujuscunque
2689 5513 2845 5568 modi
2898 5511 3186 5582 homines,
3218 5519 3276 5570 et
3305 5514 3414 5572 hoc
3446 5531 3551 5588 per
3579 5511 3780 5575 ﬁlium;
3809 5511 3867 5561 et

2237 5603 2346 5660 hoc
2377 5603 2518 5659 dicit
2549 5619 2562 5657 :
2595 5603 2661 5659 Et
2689 5601 2840 5657 dedit
2872 5603 3164 5674 imperium
3194 5605 3309 5676 regi
3335 5619 3435 5660 suo
3463 5601 3710 5672 Christo,
3733 5594 3864 5654 etin
