4018 6176
210 264 342 337 701

1273 276 1674 340 COMMENT.
1721 274 1803 337 IN
1844 272 2184 341 CANTICA
2225 278 2572 357 ALIQUOT

3494 295 3619 362 ’102

205 409 327 465 illo
349 405 570 481 judicio
598 424 790 480 cornu,
826 406 880 463 id
914 410 1002 464 est
1031 406 1423 477 altitudinem,
1459 410 1613 481 quod
1646 410 1703 464 in
1736 409 1863 482 qui-
1892 408 1949 475 Α
1979 411 2132 467 Deus
2164 413 2238 468 ab
2277 415 2551 472 omnibus
2604 417 2660 473 in
2714 417 2807 475 via
2853 419 3276 482 obsistentibus
3326 424 3619 494 liberabit,

203 499 471 556 busdam
519 498 867 570 depressum
907 497 1171 567 videtur;
1201 498 1521 555 sublimabit
1572 503 1637 555 ut
1686 499 1867 571 hujus

201 585 571 645 humanitati
601 585 801 643 omnia
832 587 1244 658 subjiciuntur,
1275 588 1481 644 Christi
1523 591 1633 655 sui,
1668 589 1725 643 id
1775 592 1865 645 est

202 677 370 746 Filii,
401 693 504 749 per
532 674 865 731 Samuelem
898 676 1232 748 significati.

280 765 606 839 Allegorice
637 768 829 838 potest
859 764 1126 838 psalmus
1155 765 1237 821 ita
1264 768 1424 823 totus
1453 766 1723 838 legi.Vox
1752 767 1863 822 Ec-

199 857 404 915 clesiae
431 856 503 911 de
533 854 809 927 gentibus
845 871 857 910 :
892 854 1216 911 Exsultavit
1258 872 1356 909 cor
1404 872 1601 911 meum
1652 856 1709 911 in
1753 856 1860 911 Do-

202 947 396 1013 mino,
433 944 572 1018 quia
603 948 910 1015 assumpta
940 960 1068 999 sum
1103 944 1175 999 ad
1202 945 1377 999 fidem
1414 962 1426 998 :
1456 949 1512 999 et
1544 945 1861 1000 exaltatum

204 1041 301 1093 est
332 1052 434 1091 cer
465 1050 664 1089 meum
698 1032 755 1087 in
780 1033 896 1088 Deo
928 1033 1233 1105 me0,quia
1260 1033 1655 1089 defensionem
1678 1034 1862 1091 habeo

202 1142 317 1182 con
329 1129 433 1179 trao
451 1123 918 1195 improperantcs
947 1120 1199 1177 Judaeos.
1572 1140 1575 1149 ν

279 1214 608 1271 Dilatatum
639 1215 729 1267 est
770 1228 836 1266 os
884 1228 1080 1266 meum
1131 1228 1307 1283 super
1353 1211 1625 1269 inimicos
1676 1230 1860 1282 meos,

205 1303 353 1378 quia
383 1302 573 1356 habeo
606 1299 746 1373 quid
778 1299 864 1354 eis
886 1300 1291 1371 respondeam,
1326 1300 1486 1372 ipsos
1506 1301 1634 1372 jam
1685 1319 1861 1357 excas—

202 1397 375 1449 catos
410 1407 516 1462 per
545 1405 736 1445 meam
771 1388 1283 1456 illuminationem,
1314 1389 1452 1462 quia
1497 1389 1688 1445 laetata
1727 1409 1860 1446 sum

201 1482 265 1536 in
300 1479 553 1536 salutari
589 1482 711 1546 tuo,
745 1477 883 1549 quia
917 1477 1088 1531 ﬁdem
1125 1476 1251 1532 Filii
1284 1478 1368 1533 tui
1402 1478 1709 1535 salvatoris
1732 1498 1861 1536 sus-

201 1569 354 1642 cepi.
393 1568 442 1625 O
475 1565 684 1634 Judaei,
720 1565 896 1622 nolite
927 1583 1103 1639 super
1133 1583 1226 1622 me
1278 1567 1671 1641 multiplicare
1701 1568 1862 1642 loqui

200 1657 496 1715 sublimia
528 1655 867 1729 gloriantes.

1974 501 2157 557 donec
2188 503 2426 560 inducat
2461 506 2517 561 in
2548 510 2763 564 terram
2798 510 3224 581 promissionis.
3247 514 3620 587 Intentioest,

1972 589 2193 645 hortari
2222 593 2295 648 ad
2326 593 2560 650 laudem
2593 595 2713 663 Dei,
2750 601 2985 669 propter
3014 597 3209 670 ipsum
3241 602 3581 659 transitum.

2045 679 2175 735 Mox
2207 681 2387 753 Moysi
2440 684 2510 739 de
2555 683 2896 740 liberatione
2945 686 3397 758 applaudentis:
3436 690 3623 748 Cante-

1970 784 2094 823 mus
2126 772 2379 837 Domino,
2412 772 2646 841 gloriose
2671 775 2816 828 enim
2845 776 3224 845 magniﬁcatus
3272 785 3352 831 est
3389 794 3523 832 eum
3559 779 3617 833 in

1972 857 2213 929 {Egypte
2243 862 2515 930 operatus
2547 861 2622 916 sit
2653 860 2928 929 multa,in
2963 862 3071 918 hac
3101 864 3504 921 submersione
3522 866 3622 922 ho-

1972 945 2154 999 stium
2186 945 2396 1002 clarior
2427 950 2717 1020 apparuit,
2752 950 2891 1021 quia
2934 967 3152 1022 equum,
3190 952 3245 1007 id
3295 958 3402 1022 est,
3435 958 3616 1010 totam

1972 1051 2247 1105 pompam
2276 1039 2332 1089 et
2360 1036 2716 1107 superbiam,
2748 1046 2799 1093 et
2827 1054 3182 1106 ascensorem,
3218 1040 3274 1094 id
3305 1047 3394 1097 est
3422 1042 3619 1114 ipsum

1973 1122 2334 1178 Pharaonem
2368 1129 2425 1179 et
2456 1124 2672 1181 milites
2702 1126 2832 1197 ejus
2860 1126 3051 1185 deiecit
3078 1130 3136 1182 in
3163 1145 3334 1185 mare.

2042 1211 2319 1268 Fortitudo
2347 1230 2488 1268 mea.
2524 1213 2882 1269 Determinat
2931 1214 3062 1286 quis
3117 1216 3195 1269 sit
3242 1216 3357 1285 ille,
3391 1219 3490 1289 qui
3541 1220 3623 1276 ita

1973 1298 2226 1371 gloriose
2261 1302 2673 1375 magnificatus
2703 1306 2812 1369 est,
2845 1303 3069 1358 scilicet
3118 1306 3409 1373 Dominus,
3454 1307 3623 1379 quasi

1974 1387 2069 1443 ille
2101 1390 2201 1460 qui
2238 1390 2316 1444 ita
2346 1391 2759 1462 magnificatus
2788 1395 2895 1458 est,
2930 1396 3021 1448 est
3066 1394 3329 1464 fortitudo
3378 1403 3457 1451 est
3504 1397 3625 1452 laus

1970 1493 2111 1544 mea,
2147 1478 2245 1549 qui
2280 1478 2418 1533 facit
2449 1496 2540 1533 me
2574 1479 2777 1534 fortem
2809 1483 2867 1534 et
2896 1479 3249 1539 laudabilem
3282 1491 3333 1538 et
3364 1483 3486 1555 ipse
3508 1485 3625 1541 fuc-

1972 1570 2070 1620 tus
2100 1570 2190 1621 est
2217 1568 2359 1622 mihi
2388 1569 2445 1623 in
2474 1568 2706 1622 salutem
2736 1568 3062 1624 submersis
3092 1570 3381 1626 hostibus.

2044 1654 2147 1710 Iste
2178 1654 2329 1710 idem
2356 1660 2448 1711 est
2478 1658 2617 1712 Deus
2649 1660 2873 1711 creator
2899 1674 3053 1713 meus
3079 1666 3130 1714 et
3156 1657 3286 1714 ideo
3314 1661 3627 1732 gloriﬁeabo

272 1749 348 1804 Et
380 1747 661 1803 recedant
698 1748 914 1817 vetera,
946 1762 1074 1819 qua:
1124 1745 1521 1818 improperare
1564 1745 1860 1803 solebatis.
1895 1775 1943 1840 Β
1972 1760 2098 1798 eum
2130 1748 2187 1800 et
2218 1762 2333 1799 non
2367 1762 2551 1800 novus
2584 1746 2760 1811 Deus,
2793 1746 2893 1800 sed
2927 1746 3067 1801 Deus
3092 1749 3268 1819 patris
3297 1751 3409 1804 mei
3435 1751 3623 1805 Abra-

201 1838 341 1894 Ideo
378 1836 678 1901 recedant,
713 1833 854 1907 quia
883 1852 1075 1903 arcus,
1110 1835 1167 1890 id
1199 1838 1287 1890 est
1336 1835 1601 1907 potentia
1630 1835 1866 1891 fortium
1896 1832 1939 1840 “’
1978 1832 2117 1888 liam
2168 1836 2225 1889 et
2274 1833 2545 1903 aliorum,
2577 1842 2629 1891 et
2671 1835 2920 1891 exultatio
2966 1852 3091 1891 eum
3120 1840 3177 1892 et
3222 1836 3351 1893 ideo
3381 1842 3469 1894 est
3497 1837 3622 1893 lau-

201 1927 575 1991 Judteorum,
612 1926 703 1979 est
735 1926 1051 1997 supcyatus
1082 1939 1185 1995 per
1215 1939 1343 1990 nos,
1380 1922 1481 1993 qui
1534 1923 1707 1977 modo
1737 1922 1872 1994 plus

205 2013 603 2086 intelligimus
633 2028 810 2083 quam
844 2010 954 2083 ipsi
988 2027 1001 2068 :
1035 2015 1092 2067 et
1119 2011 1362 2077 infirmi,
1397 2012 1453 2065 id
1486 2016 1576 2067 est
1614 2028 1720 2067 nos
1770 2028 1869 2067 ac-

207 2104 350 2161 cinti
386 2118 603 2159 sumus
634 2101 839 2156 robore
866 2099 1135 2156 scientiae.

280 2194 353 2249 Et
385 2190 490 2246 alii
533 2188 719 2246 Judaei
772 2188 935 2262 prius
969 2188 1169 2261 repleti
1204 2189 1511 2262 sapientia.
1546 2190 1718 2245 modo
1768 2206 1871 2261 pro

210 2281 475 2355 panibus
506 2297 568 2335 se
594 2278 1147 2346 locaverunt,etl'ecti
1168 2283 1307 2333 sunt
1323 2278 1520 2333 lumen
1540 2278 1871 2351 gentilium,

212 2375 277 2427 ut
308 2385 534 2443 panem
564 2369 696 2424 vitae
727 2367 1059 2423 intellectus
1105 2369 1434 2440 acciperent
1467 2383 1479 2423 :
1515 2371 1574 2423 ct
1620 2366 1873 2422 famelici

216 2459 499 2535 gentiles,
550 2457 718 2531 prius
776 2458 958 2513 Deum
1017 2456 1373 2530 ignorantes,
1432 2456 1675 2512 saturati
1737 2460 1876 2512 sunt

215 2548 492 2605 scientia.

283 2636 530 2693 Tandiu
563 2634 764 2701 crevit,
796 2635 978 2690 donec
1011 2632 1313 2707 gentilitas
1342 2634 1507 2707 prius
1537 2633 1877 2705 sterilis,pc-

218 2727 371 2801 perit
409 2724 700 2798 plurimos
732 2724 790 2778 in
825 2724 997 2779 fidem
1033 2741 1046 2779 :
1080 2727 1137 2779 et
1165 2723 1264 2779 illa
1299 2724 1521 2791 Judzea,
1555 2740 1680 2795 qua:
1713 2722 1875 2795 prius

218 2815 449 2871 multos
478 2813 731 2869 habebat
762 2811 936 2878 filios,
966 2811 1022 2866 in
1058 2812 1284 2867 cultum
1316 2812 1418 2867 Dei
1449 2809 1878 2877 instructos,in-

219 2906 458 2959 ﬁrmata
490 2906 549 2958 et
572 2904 855 2957 exczecata
883 2904 990 2956 est.
1015 2902 1087 2956 Et
1116 2918 1233 2956 non
1258 2901 1475 2956 mirum
1507 2901 1553 2956 si
1577 2899 1875 2971 gentilitas

218 2993 293 3049 ita
324 2990 535 3059 crevit,
569 2990 707 3063 quia
738 2989 1022 3045 Dominus
1074 2989 1183 3045 hoc
1228 2989 1381 3057 fecit,
1414 2988 1728 3044 mortiﬁcat
1774 3005 1875 3043 ex-

219 3081 498 3137 caecando
528 3084 587 3136 et
619 3078 1005 3135 illuminando
1052 3078 1306 3134 viviﬁrat
1336 3095 1350 3133 :
1384 3078 1623 3134 deducit
1671 3079 1742 3134 ad
1794 3077 1878 3133 in-

219 3171 367 3226 feros
404 3168 807 3236 mortiﬁcatos,
842 3168 1069 3223 reducit
1098 3167 1441 3223 vivificutos.

282 3261 350 3316 Et
384 3258 548 3315 idem
569 3256 856 3313 Dominus
887 3273 1174 3329 pauperes
1194 3255 1333 3311 facit
1359 3256 1614 3323 Judzeos,
1640 3260 1697 3311 et
1722 3255 1872 3310 ditat

215 3347 491 3421 gentiles,
526 3351 583 3401 et
612 3344 887 3400 humiliat
914 3344 1200 3416 superbos
1222 3344 1480 3411 Judmos,
1502 3346 1561 3398 et
1589 3341 1872 3397 sublimat

216 3435 470 3511 gentiles
500 3433 776 3490 humiles.

281 3523 600 3581 Suscitans
628 3523 699 3578 de
730 3521 984 3595 pulvere,
1016 3522 1074 3575 id
1106 3524 1217 3587 est,
1248 3522 1320 3575 de
1369 3520 1703 3592 ignorantia
1733 3536 1867 3593 ege-

217 3631 353 3669 num
412 3610 713 3686 gentilem,
756 3614 813 3667 ct
859 3612 930 3667 de
980 3614 1234 3667 stercore
1282 3608 1620 3665 idololatria:
1674 3610 1869 3681 ipsum

216 3718 538 3776 pauperem
568 3700 819 3773 erigens.

279 3794 363 3847 Ad
424 3790 556 3860 hoc,
588 3794 656 3844 ut
686 3789 885 3845 sedeat
915 3804 1047 3844 cum
1090 3786 1479 3860 principibus,
1512 3786 1568 3841 id
1601 3791 1689 3842 est
1734 3804 1869 3842 cum

215 3879 523 3953 apostolis,
553 3882 612 3934 et
640 3876 855 3933 solium
887 3876 1083 3951 gloriae
1114 3880 1309 3932 teneat
1338 3875 1398 3930 in
1432 3879 1649 3931 {eterna
1693 3875 1869 3931 beati-

214 3970 444 4025 tudine.

280 4054 522 4113 Domini
554 4055 713 4110 enim
743 4057 881 4109 sunt
910 4054 1181 4109 cardines
1210 4055 1376 4108 terrm
1411 4069 1424 4109 :
1460 4053 1615 4108 sicut
1639 4052 1866 4124 exposi-

215 4149 333 4202 tum
361 4147 463 4201 est
492 4159 680 4216 usque
711 4143 769 4198 in
801 4144 1001 4198 ﬁnem.

347 4284 731 4341 CANTICUM
772 4284 997 4340 MOYSI
1034 4284 1128 4339 AD
1172 4282 1399 4363 FILIUS
1440 4283 1718 4340 ISRAEL.

279 4413 575 4468 Cantemus
607 4409 853 4465 Domino.
889 4408 1053 4464 Filiis
1077 4408 1250 4463 Israel
1282 4424 1385 4479 per
1414 4424 1575 4463 mare
1600 4410 1860 4467 Rubrum

1979 1921 2231 1977 dandus.

2051 2012 2334 2066 Dominus.
2368 2012 2439 2066 Et
2469 2013 2657 2083 potuit
2686 2012 2987 2085 projicere,
3011 2018 3068 2069 et
3097 2031 3225 2070 esse
3254 2014 3314 2069 in
3349 2016 3620 2085 salutem,

1981 2103 2039 2153 et
2072 2099 2195 2170 ipse
2226 2101 2489 2156 Dominus
2513 2106 2602 2156 est
2628 2103 2787 2173 quasi
2834 2105 2922 2157 vir
2946 2110 3219 2174 pugnator
3266 2108 3468 2159 contra
3511 2104 3622 2159 ini-

1982 2188 2167 2243 micos
2198 2188 2421 2244 fortiter
2452 2206 2721 2261 pugnans
2755 2207 2768 2246 :
2801 2195 2857 2247 et
2886 2192 2933 2246 si
2969 2191 3206 2247 nescitis
3237 2192 3371 2264 quis
3403 2193 3497 2261 sit,
3518 2211 3624 2265 ego

1982 2276 2112 2331 dico
2142 2276 2325 2345 vobis,
2358 2279 2694 2349 omnipotens
2722 2296 2918 2334 nomen
2955 2281 3069 2353 ejus
3100 2298 3119 2333 :
3150 2296 3346 2336 currus
3399 2281 3494 2336 hic
3527 2283 3623 2337 de-

1982 2366 2261 2421 terminat
2292 2382 2466 2437 quem
2499 2384 2737 2439 equum,
2773 2371 2830 2423 et
2879 2385 3055 2439 quem
3104 2386 3471 2425 ascensorem
3526 2388 3627 2426 su-

1982 2454 2183 2527 perius
2248 2454 2659 2511 intellexerat:
2711 2457 2879 2527 quasi
2930 2456 3192 2513 diceret:
3245 2462 3303 2514 et
3350 2459 3489 2531 quia
3538 2464 3628 2515 est

1982 2547 2276 2614 pugnator
2304 2548 2359 2596 et
2390 2543 2786 2614 omnipotens,
2818 2544 2948 2599 ideo
2978 2546 3223 2617 projecit
3252 2564 3448 2602 currus
3479 2549 3624 2603 Pha-

1981 2634 2169 2688 raonis
2198 2635 2255 2686 et
2284 2630 2478 2702 ipsum
2502 2631 2859 2688 Pharaonem
2890 2650 3025 2688 cum
3044 2634 3319 2706 superbia
3334 2638 3392 2690 et
3413 2653 3629 2709 pompa

1983 2738 2093 2776 sua
2125 2738 2138 2776 :
2173 2724 2230 2774 et
2261 2737 2374 2774 non
2402 2719 2595 2793 ipsum
2626 2724 2877 2787 tantum,
2910 2722 3011 2777 sed
3057 2724 3358 2778 exercitum
3402 2726 3539 2796 ejus,
3568 2724 3624 2779 id

1983 2814 2072 2864 est
2104 2812 2288 2864 totum
2323 2809 2665 2864 comitatum
2698 2810 2845 2880 ejus,
2874 2812 3126 2882 projieirt
3155 2814 3213 2866 in
3238 2828 3409 2867 mare.

2053 2900 2124 2953 Et
2154 2914 2266 2954 non
2301 2901 2527 2953 tantum
2559 2897 2869 2970 quoslibet,
2894 2899 2995 2954 sed
3025 2900 3181 2955 electi
3204 2901 3482 2973 principes
3502 2902 3619 2974 ejus

1981 2988 2251 3044 submersi
2277 2994 2406 3043 sunt
2434 2989 2494 3043 in
2521 3004 2674 3044 mare
2703 2988 2882 3044 Rubro
2897 2991 2953 3043 et
2982 2988 3119 3060 quia
3148 2989 3475 3061 potuissent
3495 2992 3627 3045 sub-

1984 3077 2265 3149 mergi,et
2292 3076 2504 3132 iterum
2538 3093 2851 3149 emergere,
2884 3076 3049 3132 addit
3075 3077 3282 3150 abyssi,
3296 3078 3355 3135 id
3388 3083 3477 3135 est
3500 3097 3627 3151 pro-

1901 3145 1945 3211 C
1983 3145 2304 3221 fund—itates
2334 3182 2620 3238 aquarum
2651 3145 2980 3238 operuerunt
3006 3183 3115 3237 eos,
3148 3145 3541 3225 descenderunt
3568 3170 3627 3224 in

1976 3254 2315 3327 profundum
2345 3256 2504 3326 quasi
2534 3256 2695 3327 lapis,
2724 3254 2779 3309 id
2813 3259 2923 3323 est,
2958 3256 3028 3310 ad
3061 3255 3511 3312 similitudinem
3543 3256 3625 3312 la-

1979 3342 2134 3414 pidis
2166 3342 2237 3395 ad
2274 3341 2548 3397 inferiora
2576 3343 3005 3411 descendentis,
3040 3361 3291 3415 semper.

2052 3431 2279 3485 Dextera
2311 3438 2423 3497 tua,
2452 3431 2924 3503 Domine.lncipit
2947 3432 3335 3487 determinare
3358 3450 3462 3504 per
3477 3433 3620 3505 quid

1981 3519 2447 3575 submersionem
2498 3520 2655 3575 illam
2686 3520 2906 3587 fecerit,
2940 3520 3178 3591 scilicet,
3214 3539 3316 3592 per
3338 3522 3627 3577 fortitudi-

1980 3626 2113 3664 nem
2148 3610 2382 3673 dextrm,
2418 3609 2470 3662 id
2504 3612 2593 3663 est
2621 3609 2977 3680 operationis
3007 3627 3123 3665 suae
3158 3627 3171 3664 :
3206 3609 3314 3664 hoc
3354 3609 3494 3664 dicit
3526 3626 3539 3665 :
3577 3610 3622 3666 Ο

1978 3698 2223 3764 Domine,
2258 3697 2337 3752 ita
2367 3696 2448 3751 illi
2481 3697 2771 3752 submersi
2803 3700 3031 3765 sunt,et
3062 3696 3119 3751 in
3153 3696 3260 3752 hoc
3290 3700 3380 3753 est
3400 3698 3624 3754 dextera

1979 3794 2094 3852 tua,
2126 3785 2235 3839 hoc
2265 3789 2373 3851 est,
2390 3784 2644 3856 Operatio
2676 3787 2797 3852 tua,
2824 3786 3171 3856 magni/irata
3198 3793 3279 3840 est
3308 3787 3362 3840 in
3395 3788 3616 3856 fortitu-

1977 3873 2197 3941 dine,id
2225 3873 2406 3940 est,in
2442 3872 2549 3928 hoc
2582 3872 2711 3927 forti
2743 3889 2934 3944 opere.
2965 3872 3093 3941 Vel,
3128 3873 3501 3946 magnificata
3530 3879 3620 3931 est

1978 3962 2035 4016 in
2063 3960 2603 4031 fortitudine,quasi
2637 3959 3031 4032 recognitaest
3062 3960 3227 4017 fortis
3248 3966 3475 4018 essezct
3489 3981 3619 4019 vere

1977 4050 2211 4105 dextera
2240 4053 2342 4104 tua
2370 4052 2460 4103 est
2493 4047 2830 4119 fortis,quia
2847 4048 3068 4107 dextera
3089 4058 3203 4119 tua,
3222 4050 3279 4106 id
3311 4055 3401 4107 est
3416 4068 3617 4123 opera-

1976 4139 2056 4193 tio
2086 4142 2144 4193 et
2170 4137 2353 4192 virtus
2372 4142 2491 4204 tua,
2512 4154 2625 4192 non
2647 4153 2820 4192 casus
2840 4137 2925 4192 vel
2953 4139 3199 4195 mutatio
3220 4138 3620 4213 elementiper-

1974 4230 2143 4283 cussit
2175 4229 2465 4284 inimicum
2495 4226 2940 4295 Pharaonem,ct
2970 4230 3030 4283 in
3058 4230 3408 4286 multitudine
3425 4232 3622 4302 gloria:

1975 4324 2100 4383 tua’,
2134 4316 2191 4370 id
2222 4318 2329 4382 est,
2364 4316 2424 4370 in
2468 4315 2766 4385 multiplici
2810 4316 2988 4385 gloria
3015 4317 3312 4388 deposuisti
3357 4319 3615 4375 adversa-

1973 4408 2085 4461 rios
2112 4420 2257 4460 meos
2286 4407 2468 4459 totam
2502 4402 2783 4459 familiam
2818 4403 3159 4459 Pharaonis.

215 4499 463 4570 eductis,
479 4498 646 4570 quasi
682 4514 785 4569 pro
816 4497 1139 4571 gratiarum
1172 4496 1398 4551 actione
1428 4498 1681 4553 cantavit
1713 4499 1865 4572 Moy-
1895 4509 1945 4575 Β
2045 4494 2240 4549 Misisti
2272 4495 2414 4548 iram
2442 4491 2828 4547 tuam.Adhuc
2859 4492 3116 4547 ostendit
3136 4491 3388 4564 qualiter
3410 4510 3613 4564 opera-

214 4604 302 4643 ses
352 4586 634 4645 Domino.
684 4585 824 4656 quia
878 4584 1148 4639 inimicos
1207 4600 1409 4639 eorum
1468 4586 1866 4644 submerserat

213 4677 406 4745 (Exod.
438 4672 686 4741 xv),hoc
715 4673 1009 4728 canticum
1042 4671 1328 4739 laudis,et
1359 4671 1511 4727 ﬁlios
1544 4674 1717 4729 Israel
1734 4692 1864 4731 can-

217 4768 332 4821 tare
361 4762 588 4831 docuit,
624 4762 806 4818 Maria
838 4777 1034 4817 sorore
1063 4777 1171 4815 sua
1203 4765 1497 4833 praeeunte
1527 4766 1586 4817 et
1624 4763 1861 4819 cithari-

213 4858 398 4920 xante,
430 4852 491 4907 in
525 4868 641 4923 quo
672 4850 1064 4924 prmﬁguravit
1092 4848 1349 4905 lzetitiam
1382 4854 1740 4922 sanctorum,
1760 4854 1860 4925 qui

213 4956 312 5013 per
338 4941 705 5013 baptismum
739 4938 1064 4996 submersis
1094 4938 1271 5006 vitiis,
1298 4945 1630 5012 evaserunt,
1662 4946 1720 4996 et
1749 4946 1860 4998 Deo

214 5030 431 5101 gratias
455 5030 733 5084 referunt.
751 5028 995 5082 Materia
1011 5025 1397 5083 esttransitus
1410 5028 1665 5084 filiorum
1684 5031 1858 5085 Israel

216 5133 314 5189 per
340 5120 504 5175 mare
521 5118 808 5184 Rubrum,
830 5120 885 5171 et
903 5115 1232 5172 submersio
1248 5115 1861 5177 inimicorum.Medus

212 5208 319 5277 est,
338 5207 496 5280 quod
526 5204 782 5262 ostendit
803 5222 864 5260 se
898 5221 1000 5277 pro
1030 5203 1495 5260 sualiberatione
1523 5209 1577 5261 et
1600 5207 1858 5263 hostium

214 5295 615 5352 submersione
646 5294 763 5349 Deo
785 5293 1004 5367 gratias
1026 5293 1284 5358 reddere,
1297 5297 1354 5348 et
1377 5310 1478 5364 per
1498 5296 1651 5365 quod
1674 5298 1859 5352 trans-

214 5380 329 5439 itus
358 5383 468 5440 iste
496 5382 825 5456 contigerit,
859 5380 1080 5436 scilicet
1121 5398 1225 5452 per
1255 5381 1552 5437 dexteram
1586 5388 1642 5438 et
1697 5385 1854 5440 forti-

1974 4586 2071 4640 tus
2101 4583 2196 4651 sit,
2232 4587 2296 4638 tu
2326 4583 2531 4636 misisti
2558 4582 2702 4635 iram
2731 4587 2882 4634 tuam
2906 4597 3083 4652 super
3110 4597 3207 4635 eos
3239 4596 3364 4653 qua:
3392 4580 3613 4637 devora-

1970 4675 2048 4728 vit
2075 4689 2162 4728 eos
2193 4672 2248 4726 in
2281 4688 2454 4743 aqua,
2488 4672 2607 4723 tam
2639 4668 2751 4723 cito
2782 4669 2926 4724 sicut
2955 4668 3107 4741 ignis
3136 4673 3299 4725 vorat
3331 4672 3610 4743 stipulam,

1967 4770 2021 4818 et
2051 4764 2110 4817 in
2138 4762 2339 4833 spiritu
2364 4759 2574 4829 furoris
2603 4760 2687 4813 tui
2718 4757 2773 4811 in
2806 4758 3040 4813 turbine
3065 4758 3241 4828 venti,
3275 4777 3448 4831 quem
3501 4760 3611 4815 ira-

1970 4855 2068 4906 tus
2100 4847 2422 4915 immisisti,
2450 4855 2786 4918 congregatae
2816 4855 2945 4903 sunt
2971 4863 3133 4921 aqua:
3163 4865 3340 4921 super
3367 4866 3485 4904 eos.

2042 4939 2151 4993 Sed
2187 4936 2529 5008 priusquam
2562 4936 2644 4990 illi
2680 4937 3139 5009 ingrederentur,
3171 4939 3316 4993 stetit
3352 4937 3517 5004 unda,
3551 4935 3608 4992 id

1968 5030 2078 5093 est,
2108 5025 2295 5082 divisa
2324 5029 2415 5080 est
2446 5042 2616 5097 aqua,
2645 5026 2799 5097 quod
2831 5030 2920 5081 est
2951 5026 3190 5093 mirum,
3211 5025 3351 5097 quia
3380 5025 3505 5097 ipsa
3524 5029 3613 5080 est

1968 5116 2029 5171 in
2060 5132 2168 5170 sua
2199 5119 2411 5170 natura
2440 5115 2617 5185 ﬂuens
2647 5133 2665 5168 :
2693 5118 2749 5168 et
2780 5132 2894 5169 non
2938 5117 3163 5169 tantum
3208 5114 3376 5183 juxta
3423 5115 3609 5185 ripam

1968 5204 2196 5259 diversa
2224 5206 2311 5257 est
2341 5201 2630 5273 aqua,sed
2663 5200 2837 5256 etiam
2855 5203 2930 5256 im
2945 5198 3122 5255 media
3137 5202 3283 5255 mari
3304 5204 3611 5273 congregati

1964 5301 2095 5350 sunt
2123 5292 2308 5363 abyssi
2336 5289 2501 5361 quasi
2559 5306 2764 5343 murus
2797 5307 2831 5344 a
2878 5288 3096 5344 dextris
3144 5292 3201 5344 et
3234 5308 3267 5345 a
3300 5289 3555 5345 sinistris
3589 5307 3603 5345 :

1965 5379 2183 5455 abyssi,
2214 5379 2269 5432 id
2303 5382 2411 5445 est,
2434 5377 2857 5448 profunditates
2884 5394 3201 5450 aquarum;
3235 5383 3292 5433 et
3320 5378 3449 5434 ideo
3470 5378 3610 5450 quia

214 5470 474 5528 tudinem
505 5471 607 5528 Dei
632 5490 645 5527 :
670 5475 729 5527 et
751 5469 1057 5543 prophetat
1072 5468 1246 5524 etiam
1271 5468 1484 5540 quidin
1512 5470 1634 5542 ipso
1653 5472 1855 5531 itinere
1962 5471 2108 5527 vidit
2156 5483 2367 5538 aquam
2402 5467 2675 5532 stantem,
2705 5465 2850 5520 dixit
2888 5468 3147 5522 inimicus
3180 5486 3197 5521 :
3228 5469 3533 5541 Persequar
3560 5478 3610 5526 et

215 5564 344 5628 post
372 5562 685 5618 transitum
719 5563 1061 5615 eventurum
1095 5557 1190 5626 sit,
1223 5557 1463 5627 scilicet,
1487 5560 1737 5632 qualiter
1756 5580 1854 5620 eos
1964 5554 2433 5631 comprehendam,
2464 5552 2708 5608 dividam
2737 5556 2910 5626 spolia
2956 5555 3101 5611 meis
3135 5556 3444 5626 militibus,
3479 5575 3605 5631 qua:
