4060 6180
441 350 580 416 ςπω

879 352 1288 414 IIAYMONIS
1319 348 1864 412 HALBERSTA'I‘.
1898 344 2348 410 EPISJAOPP.
2383 348 2584 414 ΡΛΒὸ
2615 349 2664 410 l.
2695 348 3208 414 —-,.COMMENT.
3243 349 3439 411 BlBL.

3727 350 3845 412 ³104

463 491 576 565 ipsi
606 489 927 562 rapuerunt
955 485 1029 542 ab
1057 483 1361 557 Egyptiis,
1395 482 1711 555 implebitur
1753 480 1944 536 anima
1981 497 2104 536 mea
2127 479 2188 548 Α
2215 482 2434 541 Pharao
2487 501 2613 541 cum
2641 483 2896 541 curribus
2943 491 2996 540 et
3038 483 3313 557 equitibus
3353 483 3469 555 ejus
3518 483 3579 538 in
3607 498 3773 552 mre,
3797 492 3848 542 et

458 579 581 638 illis
612 577 837 652 spoliis,
869 579 1068 630 votum
1097 591 1293 630 meum
1325 571 1568 628 satiabo.

532 673 604 727 Et
650 683 826 740 super
873 666 1033 738 ipsos
1084 663 1400 735 evaginabo,
1433 677 1549 716 non
1580 659 1872 716 retraham
1914 659 1985 714 ab
2015 676 2104 716 oc—

462 759 681 816 cisione
731 755 976 829 gladium
1031 769 1213 810 meum
1243 771 1261 808 :
1319 759 1370 808 et
1425 751 1712 822 interﬁciat
1765 765 1854 805 eos
1905 765 2103 804 manus

459 865 596 906 mea.

533 939 662 1011 Ipse
691 936 776 992 ita
805 934 1174 1007 disponebat,
1206 932 1306 987 sed
1337 931 1565 1002 spiritus
1596 937 1721 984 tuus
1766 927 1854 983 vel
1906 927 2097 994 turbo,

458 1030 614 1100 ﬂavit
641 1023 968 1085 immissus.
995 1030 1047 1078 et
1080 1022 1294 1094 operuit
1319 1036 1406 1076 eos
1455 1035 1629 1086 mare,
1659 1017 1928 1073 submersi
1973 1023 2104 1072 sunt

460 1118 620 1192 quasi
644 1114 930 1189 plumbum
959 1113 1020 1166 in
1047 1113 1206 1182 aquis
1235 1107 1654 1165 vehementibus.

529 1209 602 1262 Et
630 1204 770 1277 quia
801 1202 883 1257 ita
909 1200 1132 1256 fortiter
1161 1197 1354 1270 egisti,
1385 1215 1418 1253 0
1447 1197 1692 1259 Domine,
1726 1198 1849 1268 quis
1896 1197 2100 1251 similis

461 1297 542 1354 tui
574 1297 635 1351 in
651 1293 904 1366 fortibus,
934 1290 990 1344 id
1023 1293 1132 1355 est,
1165 1287 1317 1342 inter
1343 1285 1566 1342 fortes?
1595 1288 1652 1340 et
1683 1287 1888 1356 praeter
1936 1284 2100 1340 forti-

459 1385 746 1450 tudinem,
763 1382 884 1454 quis
908 1379 1230 1450 magniﬁcus
1261 1379 1350 1430 est
1376 1375 1579 1430 similis
1596 1375 1679 1430 tui
1708 1377 1767 1429 in
1785 1375 2103 1430 sanctitate?

460 1479 518 1531 et
547 1473 680 1546 quis
711 1472 792 1526 ita
819 1471 908 1526 est
936 1467 1201 1524 terribilis
1252 1473 1412 1538 atque
1442 1463 1763 1531 laudabilis,
1795 1471 1848 1518 et
1891 1464 2100 1534 faciens

427 1563 744 1621 'mirabitia
775 1559 926 1615 sicut
955 1561 1019 1612 tu
1041 1557 1070 1612 ‘l’

529 1655 600 1710 Et
629 1652 687 1706 in
715 1649 816 1705 illa
845 1645 1249 1704 submersione
1274 1643 1584 1707 extendisti,
1605 1641 1664 1696 id
1695 1645 1804 1710 est,
1839 1641 2103 1714 magniﬁ-

460 1743 602 1800 casti
637 1755 865 1796 manum
912 1744 1082 1804 tuam,
1117 1735 1174 1790 id
1225 1739 1334 1800 est,
1387 1731 1778 1804 operationem
1828 1734 2014 1799 tuam,
2043 1734 2103 1786 et

2212 573 2438 630 reduxit
2461 591 2626 647 super
2651 590 2740 630 eos
2767 575 3030 630 Dominus
3058 589 3231 646 aquas
3259 573 3452 628 maris.

2285 663 2411 719 Filii
2443 667 2638 720 autem
2673 663 2850 720 Israel
2880 662 3330 720 ambulaverunt
3374 679 3480 736 per
3525 661 3744 720 siccum
3787 660 3842 717 in

2211 753 2403 809 medio
2433 753 2581 824 ejus.
3772 787 3792 835 χ

2279 842 2601 916 Allegorice
2631 845 2822 915 potest
2849 841 2984 916 legi.
3014 842 3137 898 Vox
3167 841 3427 898 ﬁdelium
3460 841 3522 896 in
3562 841 3843 914 baptismo

2210 932 2674 1005 puriﬁcatorum,
2707 935 2766 988 et
2795 932 2866 988 de
2894 929 3146 1003 diabolo,
3178 935 3236 988 et
3263 930 3540 987 vitiorum
3587 929 3844 987 destruc-

2210 1022 2367 1078 tione
2399 1023 2584 1078 Deum
2613 1021 3072 1095 gloriﬁcantium
3105 1037 3118 1076 :
3148 1021 3266 1077 Nos
3295 1019 3606 1093 purgatiin
3635 1019 3843 1092 haptis~

2209 1116 2365 1168 mate
2394 1115 2698 1167 cantemus
2729 1111 2998 1180 Domino,
3023 1109 3274 1183 gloriose
3303 1109 3458 1165 enim
3507 1108 3845 1183 magniﬁca-

2208 1207 2304 1258 tus
2334 1201 2499 1258 estin
2515 1200 2624 1256 hac
2643 1204 2844 1256 nostra
2863 1199 3236 1266 recreatione,
3251 1197 3384 1272 plus
3401 1215 3580 1271 quam
3592 1197 3847 1270 inprima

2207 1290 2497 1348 creatione
2531 1307 2543 1346 :
2579 1290 2708 1345 ideo
2739 1293 3064 1357 cantemus,
3097 1288 3238 1361 quia
3259 1304 3500 1361 equum,
3530 1287 3590 1343 id
3621 1291 3734 1355 est,
3765 1292 3846 1344 to-

2206 1385 2327 1437 tam
2362 1379 2696 1452 superbiam
2729 1377 2968 1446 diaboli,
3001 1381 3059 1434 et
3087 1377 3284 1450 ipsum
3315 1376 3620 1434 diabolum
3651 1393 3848 1434 ascen-

2208 1487 2400 1527 sorem
2431 1469 2613 1541 hujus
2641 1468 2800 1541 equi,
2832 1467 3046 1540 dejecit
3082 1467 3142 1522 in
3197 1483 3376 1534 mare,
3413 1466 3551 1538 quia
3597 1469 3848 1538 potesta-

2207 1563 2323 1617 tem
2356 1575 2534 1631 quam
2565 1557 2867 1614 exercebat
2893 1573 3071 1628 super
3090 1559 3278 1612 totum
3295 1555 3624 1614 humanum
3641 1571 3848 1628 genus,

2207 1649 2268 1705 in
2297 1647 2606 1721 baptizatis
2637 1645 2912 1719 perdidit.

2279 1737 2578 1795 Fortitudo
2609 1752 2740 1791 mea
2766 1738 2824 1790 et
2850 1735 2981 1791 laus
3011 1750 3142 1792 mea
3172 1733 3650 1802 Dominus,sicut
3687 1751 3849 1808 expo-

459 1830 754 1889 devoravit
785 1847 883 1886 ens
917 1831 1092 1893 terra,
1121 1825 1182 1881 id
1213 1828 1320 1893 est,
1356 1839 1490 1895 spes
1537 1825 1724 1890 terrae,
1759 1820 1898 1892 quia
1940 1821 2098 1876 vidc-
2129 1855 2180 1920 Β
2209 1828 2390 1883 situm
2419 1828 2510 1882 est
2540 1841 2554 1879 :
2587 1828 2645 1880 et
2670 1823 2796 1896 ipse
2826 1839 2962 1880 cum
2993 1823 3074 1879 sit
3101 1827 3328 1882 creator
3354 1821 3644 1890 omnium,
3669 1823 3850 1880 factus

456 1923 602 1980 bant
632 1925 844 1977 terram
875 1917 1116 1973 nudam.

528 2011 656 2067 Dux
687 2007 869 2063 fuisti.
905 2005 1006 2060 llic
1037 2003 1244 2074 incipit
1275 2002 1580 2057 ostendere
1610 1999 2009 2072 prophetando
2035 2017 2104 2054 ex

458 2102 644 2171 parte,
677 2094 931 2167 qualiter
959 2109 1059 2146 eos
1077 2095 1194 2161 'per
1223 2091 1517 2144 desertum
1547 2088 1806 2143 traduxit
1835 2103 2022 2159 usque
2043 2087 2100 2141 in

455 2190 672 2241 terram
729 2179 1136 2254 promissionis
1181 2193 1194 2232 :
1256 2180 1314 2232 et
1370 2175 1584 2248 populo
1641 2176 1927 2241 traducto,
1987 2175 2104 2230 dua:

457 2275 548 2346 fui
554 2275 626 2329 sti
654 2274 714 2327 in
741 2268 1122 2324 misericordia
1150 2274 1242 2322 tua
1265 2265 1464 2338 populo
1493 2281 1651 2336 quem
1679 2263 1973 2320 redemisti.

530 2363 595 2418 Et
619 2359 851 2433 portasti
880 2373 1006 2412 eum
1055 2357 1115 2412 in
1143 2354 1465 2425 fortitudine
1491 2360 1586 2408 tua
1613 2353 1683 2408 ad
1729 2353 2103 2420 habitaculum

457 2457 705 2508 sanetum
733 2455 907 2514 tuum,
942 2445 999 2500 id
1029 2447 1139 2512 est,
1170 2444 1229 2498 in
1271 2442 1652 2508 Hierusalem,
1687 2443 1786 2498 ubi
1837 2444 2100 2498 sanctifi-

457 2540 628 2597 caris.

528 2629 600 2685 Et
627 2625 860 2683 interim
893 2625 1034 2680 dum
1061 2621 1378 2678 transirent
1407 2637 1510 2692 per
1525 2620 1842 2686 desertum,
1856 2619 2104 2675 ascende-

459 2725 592 2776 runt
633 2716 828 2790 populi
873 2713 935 2770 in
981 2727 1313 2776 occursum,
1345 2712 1402 2764 et
1449 2711 1865 2764 nocumentum
1917 2709 2021 2776 eis,
2053 2717 2107 2766 et

456 2809 592 2866 irati
609 2813 740 2863 sunt
769 2805 922 2877 quod
955 2801 1272 2858 transirent
1300 2799 1448 2854 ﬁnes
1477 2814 1679 2853 eorum
1704 2815 1716 2852 :
1750 2802 1808 2854 et
1836 2797 2102 2854 determi-

459 2901 562 2954 nat
594 2895 694 2970 qui
727 2892 949 2968 populi,
983 2889 1222 2958 scilicet,
1255 2889 1464 2946 dolores
1495 2889 1846 2944 obtinuerunt
1883 2888 2102 2944 habita-

461 2995 598 3046 tores
628 2985 954 3042 Philistiim.

526 3078 592 3132 Et
644 3083 772 3131 tunc
815 3071 1124 3128 conturbati
1167 3076 1296 3124 sunt
1330 3069 1608 3140 principes
1653 3065 1841 3134 Edam,
1883 3065 1942 3120 id
1992 3068 2102 3134 est,

2211 1921 2300 1974 est
2329 1919 2616 1982 creatura,
2647 1911 2849 1970 valens
2880 1911 3026 1968 mihi
3056 1911 3118 1968 in
3147 1916 3422 1969 aeternam
3455 1911 3738 1969 salutem.

2284 2009 2398 2064 Iste
2427 2006 2582 2062 Deus
2611 2020 2800 2070 meus,
2832 2005 2890 2058 et
2917 2001 3256 2074 gloriﬁcabo
3285 2018 3443 2069 eum,
3475 2001 3634 2058 Deus
3674 2002 3854 2074 patris

2211 2095 2327 2151 mei
2353 2093 2598 2150 Abrahae
2627 2095 2686 2148 et
2713 2091 2960 2148 aliorum
2995 2109 3008 2146 :
3041 2088 3131 2146 vel
3161 2093 3338 2162 caput
3365 2089 3604 2159 Christi,
3638 2090 3750 2163 qui
3775 2093 3854 2146 est

2210 2188 2374 2258 pater
2401 2181 2825 2255 baptizatorum
2859 2196 2872 2236 :
2903 2181 3060 2236 unde
3105 2179 3248 2234 dicit
3289 2178 3608 2251 Apostolus
3639 2196 3654 2234 :
3689 2180 3858 2254 Caput

2213 2273 2416 2330 Christi
2441 2273 2582 2327 Deus
2613 2271 2658 2342 (ι
2689 2269 2810 2326 Cor.
2841 2271 2943 2340 x1).
2977 2267 3261 2325 Dominus
3293 2267 3464 2340 quasi
3509 2268 3601 2324 vir
3639 2285 3854 2344 pugna-

2169 2400 2182 2416 .
2210 2367 2303 2419 tor
2330 2359 2701 2432 omnipotens
2741 2375 2954 2415 nomen
3001 2356 3108 2427 eis,
3139 2373 3348 2414 currus
3396 2355 3622 2414 scilicet
3670 2357 3855 2414 deter-

2210 2449 2455 2508 minatio
2483 2453 2593 2513 est,
2627 2447 2764 2520 quis
2795 2447 2872 2502 sit
2901 2463 3178 2503 ascensor
3219 2463 3448 2514 currus,
3480 2444 3540 2502 id
3583 2450 3694 2513 est,
3734 2446 3857 2516 illos

2211 2539 2420 2608 malos,
2453 2537 2554 2610 qui
2587 2535 2758 2592 multi
2787 2539 3220 2610 congregantur
3255 2535 3316 2590 in
3363 2535 3573 2592 eadem
3620 2534 3854 2604 militia,

2211 2630 2282 2685 ad
2317 2626 2670 2701 portandum
2703 2624 3086 2692 Pharaonem,
3121 2624 3179 2679 id
3210 2627 3318 2692 est,
3351 2622 3674 2688 Beelzebub
3695 2623 3854 2695 prin-

2159 2743 2179 2748 -
2210 2717 2397 2790 cipem
2429 2713 2874 2781 daemoniorum,
2905 2716 2964 2769 et
2992 2729 3226 2769 omnem
3267 2711 3585 2769 exercitum
3617 2713 3776 2784 ejus,
3804 2713 3856 2767 id

2210 2810 2321 2874 est,
2351 2805 2606 2860 minores
2637 2802 2921 2873 diabolos,
2954 2801 3198 2875 projecit
3223 2801 3282 2856 in
3331 2818 3514 2870 mare,
3549 2801 3694 2875 quia
3735 2803 3852 2874 jam

2211 2913 2327 2952 non
2359 2893 2578 2950 habent
2605 2895 2832 2948 tantam
2863 2889 3185 2948 efﬁcaciam
3217 2891 3462 2952 nocendi
3492 2889 3554 2946 in
3601 2891 3856 2964 baptiza-

2137 3032 2150 3046 .
2213 2985 2314 3042 tis.

2282 3072 2463 3130 Electi
2493 3070 2788 3144 principes
2818 3071 2948 3143 ejus
2979 3068 3268 3126 submersi
3303 3072 3444 3125 sunt
3472 3068 3534 3124 in
3565 3067 3714 3124 mari
3751 3068 3857 3124 Ru-

465 3166 878 3228 Idumzeorum,
913 3159 1012 3230 qui
1047 3159 1117 3213 de
1147 3159 1298 3212 Esau
1339 3157 1768 3212 descenderunt
1800 3171 1811 3209 :
1863 3154 2104 3211 robustos
2141 3186 2175 3234 _-
2216 3163 2340 3230 bro,
2373 3161 2434 3216 in
2465 3160 2754 3234 sanguine
2781 3159 3019 3216 Christi.

462 3252 612 3308 Moab
641 3225 878 3306 obtinuit
905 3225 1106 3303 tremor
1133 3244 1251 3300 illis
1271 3243 2108 3316 transeuntibus,obriguerunt
2133 3225 2176 3292 CI
2285 3225 2532 3308 Dextram.
2569 3225 2746 3316 ὁυοεί
2789 3248 3050 3304 diceret:
3102 3247 3208 3304 Per
3255 3245 3467 3304 Filium
3515 3251 3688 3304 tuum
3747 3245 3860 3302 hac

459 3341 668 3396 timore
696 3354 880 3394 omnes
911 3335 1236 3390 habitatores
1265 3333 1549 3390 Chanaan.

527 3430 715 3484 Irruat
730 3441 896 3498 super
921 3441 1028 3480 eos.
1063 3422 1468 3494 Prophetando
1498 3419 1662 3488 dicit,
1677 3421 1842 3492 quasi
1863 3420 2099 3476 diceret:

460 3515 576 3591 Ipsi
610 3515 902 3572 timebunt
930 3516 987 3567 et
1010 3511 1120 3566 hoc
1152 3509 1423 3576 concedo,
1459 3511 1638 3565 irruat
1671 3525 1836 3580 super
1873 3525 1960 3564 eos
1989 3511 2103 3580 for-

457 3605 606 3663 mido
636 3603 874 3670 mentis,
904 3609 955 3658 et
980 3617 1150 3674 pavor
1179 3597 1437 3670 corporis
1468 3599 1544 3654 im
1573 3597 1952 3668 magnitudine
1979 3598 2102 3653 br‘a-

459 3696 574 3752 chii
603 3696 686 3751 tui
714 3694 774 3748 in
807 3708 1023 3765 magna
1055 3688 1414 3745 fortitudine.

529 3785 600 3841 Et
624 3800 725 3840 oro
757 3785 823 3837 ut
853 3784 1058 3837 contra
1086 3777 1263 3835 Israel
1301 3779 1438 3849 ﬁant
1481 3775 1784 3832 immobiles
1833 3777 1994 3848 quasi
2022 3776 2102 3832 la-

457 3875 570 3948 pis,
595 3874 762 3930 donec
785 3876 1146 3944 pertranseat,
1181 3868 1238 3922 id
1270 3871 1380 3938 est,
1412 3883 1515 3938 per
1541 3865 1667 3921 loca
1713 3883 1914 3921 eorum
1945 3869 2104 3920 tran-

463 3967 587 4020 seat
613 3961 848 4034 populus
880 3967 1024 4027 tuus,
1060 3957 1308 4024 Domine,
1339 3959 1397 4011 et
1425 3971 1542 4010 non
1571 3957 1801 4009 tantum
1847 3971 1950 4026 per
1980 3952 2109 4009 loca

463 4051 753 4123 quaedam,
795 4049 897 4103 sed
953 4047 1121 4102 donec
1173 4045 1413 4100 omnino
1479 4050 1820 4116 pertranseat
1873 4043 2107 4116 populus

463 4149 590 4197 tuus
619 4141 720 4194 iste
749 4153 908 4208 quem
948 4135 1238 4207 possedisti
1267 4149 1453 4205 usque
1499 4133 1559 4188 in
1593 4135 1808 4188 terram
1857 4130 2106 4204 promis-

465 4225 667 4284 sionis.
1806 4217 1809 4219 ’

536 4316 606 4372 Et
633 4313 786 4370 sicut
816 4328 939 4378 oro,
971 4311 1055 4366 ita
1079 4312 1199 4379 ﬁet,
1217 4309 1358 4382 quia
1387 4313 1450 4365 tu
1481 4309 1789 4365 introducas
1808 4325 1895 4364 eos
1918 4307 1976 4362 in
2003 4310 2110 4363 ter-

467 4423 590 4462 ram
623 4400 1032 4476 promissionis
1061 4407 1114 4456 et
1142 4398 1388 4454 ﬁrmiter
1411 4397 1687 4470 plantabis
1707 4399 1768 4454 in
1794 4405 1974 4452 monte
2001 4396 2113 4453 hae

467 4494 713 4553 reditatis
741 4499 872 4559 luat,
905 4508 1033 4564 quas
1063 4491 1343 4544 montana
1387 4487 1600 4543 Judaeaa
1631 4485 1872 4554 scilicet,
1905 4484 1964 4539 in
2011 4486 2107 4557 ﬁr-

2211 3340 2411 3397 omnia
2438 3343 2713 3412 operatus
2739 3355 2802 3393 es
2837 3355 2849 3392 :
2893 3338 3132 3394 dextera
3173 3339 3278 3393 tua
3320 3335 3634 3409 percussit.
3659 3334 3857 3390 inimi-

2210 3446 2368 3498 cum,
2399 3428 2458 3483 id
2485 3433 2595 3493 est,
2629 3425 2928 3483 diabolum
2961 3443 2976 3482 :
3023 3429 3081 3482 et
3124 3424 3184 3480 in
3233 3424 3616 3484 multitudine
3662 3423 3859 3496 gloria

2211 3523 2348 3586 tuas,
2379 3517 2438 3572 id
2469 3520 2581 3584 est,
2615 3515 2674 3570 in
2708 3514 3014 3588 multiplici
3049 3513 3235 3587 gloria
3264 3512 3608 3580 nativitatis,
3637 3512 3858 3586 passio-

2213 3606 2326 3673 nis,
2377 3603 2839 3672 resurrectionis,
2895 3602 3218 3676 deposuisti
3267 3601 3634 3660 adversarios
3688 3617 3854 3658 meos

2213 3695 2504 3768 malignos
2533 3693 2798 3766 spiritus.
3197 3753 3217 3759 ,

2283 3781 2716 3840 Misistihdhuc
2746 3780 3002 3838 ostendit
3029 3780 3321 3854 quomodo
3351 3779 3626 3852 deposuit
3648 3782 3708 3836 et
3729 3779 3862 3838 sub-

2213 3870 2421 3928 mersit
2453 3888 2466 3926 :
2496 3869 2709 3926 misisti
2737 3869 2886 3925 iram
2915 3873 3102 3936 tuam,
3135 3885 3264 3940 quae
3307 3867 3606 3927 devoravit
3651 3885 3755 3926 eos
3781 3867 3861 3924 si-

2213 3965 2314 4017 cut
2342 3958 2623 4031 stipulam
2656 3974 2670 4013 :
2705 3961 2765 4013 et
2794 3957 2856 4012 in
2887 3955 3109 4029 Spiritu
3139 3961 3347 4014 sancto
3387 3955 3858 4017 ministrare-tui

2215 4048 2453 4116 furoris,
2486 4047 2640 4103 sicut
2665 4049 2755 4102 est
2786 4045 3055 4102 minister
3083 4045 3432 4119 gratiarum,
3460 4047 3676 4117 praeter
3704 4043 3859 4102 abla-

2213 4143 2336 4194 tam
2368 4139 2715 4210 potestatem
2746 4135 2806 4190 in
2836 4133 3152 4208 baptismo,
3185 4137 3550 4207 congregata:
3579 4150 3766 4206 super
3789 4133 3865 4204 ip-

2216 4245 2314 4284 sos
2345 4225 2634 4298 malignos
2662 4222 2906 4296 spiritus
2934 4226 2993 4280 et
3021 4221 3421 4296 multiplicate
3447 4233 3592 4282 sunt.
3609 4219 3860 4296 .aqucgid

2216 4319 2324 4384 est,
2359 4312 2788 4380 tribulationes,
2820 4312 2976 4384 quod
3009 4311 3120 4368 erit
3149 4311 3209 4366 in
3241 4311 3462 4382 futuro,
3493 4311 3734 4384 quando
3755 4314 3866 4366 tor-

2217 4404 2557 4478 quebuntur
2585 4401 2646 4457 in
2677 4400 2924 4458 inferno.

2287 4492 2400 4548 Sed
2432 4489 2668 4547 interim
2699 4493 2834 4546 ante
2862 4489 3020 4545 diem
3040 4490 3065 4561 j
3075 4488 3251 4545 udicii
3262 4487 3433 4546 stetit
3460 4487 3641 4556 unda,
3665 4491 3732 4550 et
3745 4501 3867 4560 pro-

465 4586 712 4641 missimo
763 4581 1072 4637 habitacula
1115 4587 1225 4645 tuo,
1259 4575 1400 4650 quod
1446 4581 1726 4648 operantes
1753 4591 1828 4644 es,
1861 4575 2113 4644 Domine,
2139 4598 2186 4662 D
2215 4581 2450 4654 longata
2477 4581 2587 4648 est,
2621 4578 2781 4634 unda
2810 4577 3021 4646 ﬂuens,
3040 4577 3100 4634 id
3130 4581 3240 4646 est,
3273 4592 3515 4650 pcenam
3543 4575 3863 4640 inundans,

469 4673 624 4746 quod
655 4676 718 4727 tu
747 4669 866 4726 illis
895 4665 1256 4742 praeparasti.

542 4763 606 4816 Et
629 4760 773 4816 illud
803 4758 1177 4814 habitaculum
1225 4755 1364 4828 quod
1393 4763 1453 4811 tu
1492 4755 1610 4810 illis
1637 4753 1853 4819 dedisti,
1885 4761 1964 4810 est
1989 4771 2114 4809 san-

468 4851 746 4907 etuarium
775 4856 949 4915 tuum,
983 4847 1226 4913 Domine,
1260 4845 1399 4917 quia
1429 4843 1509 4899 ibi
1540 4841 1936 4900 sanctiﬁcabis
1974 4842 2113 4914 quod

469 4942 831 5013 ﬁrmaverunt
857 4952 1054 4992 manus
1084 4943 1214 5001 tum,
1250 4938 1316 4988 ut
1347 4933 1608 5006 quandiu
1652 4931 1955 4987 obedirent
1981 4931 2113 5000 tibi,

473 5029 718 5085 firmiter
746 5026 888 5082 illud
937 5027 1246 5080 tenerent:
1279 5027 1338 5078 et
1386 5023 1496 5078 iste
1549 5023 1808 5092 Dominus
1855 5019 1955 5094 qui
2000 5021 2116 5077 ista

470 5119 671 5176 omnia
723 5120 1000 5190 operatus
1047 5116 1157 5183 est,
1192 5113 1440 5185 regnabit
1484 5114 1546 5168 in
1591 5119 1880 5177 mternum,
1914 5111 1970 5165 id
2001 5114 2114 5181 est,

471 5211 758 5282 quantum
787 5205 1002 5278 aliquis
1032 5207 1228 5278 potest
1256 5203 1510 5275 cogitare
1557 5209 1607 5258 et
1634 5203 1783 5256 ultra
1809 5216 1989 5272 quam
2017 5199 2114 5254 ali-

473 5297 607 5370 quis
639 5301 828 5370 potest
859 5295 1131 5368 cogitare.

543 5387 613 5440 Et
642 5401 960 5458 possumus
990 5382 1130 5440 certi
1150 5399 1278 5439 esse
1309 5381 1464 5454 quod
1495 5378 1617 5434 hinc
1647 5378 2000 5450 omniaquae
2023 5377 2120 5432 ad-

473 5473 589 5529 huc
636 5477 877 5541 restant,
911 5471 1295 5545 operabitur:
1346 5469 1500 5543 quod
1552 5471 1744 5541 potest
1786 5465 1967 5522 videri
2017 5482 2120 5538 per

474 5560 828 5634 principium
859 5578 1120 5634 operum,
1156 5564 1222 5616 ut
1261 5557 1539 5615 exhibitio
1587 5555 2010 5628 praeteritorum
2041 5553 2120 5610 sit

477 5649 760 5706 eertitudo
792 5651 1120 5706 t'uturorum
1157 5666 1169 5704 :
1203 5648 1313 5704 hoc
1345 5647 1486 5704 dicit
1518 5663 1530 5701 :
1560 5647 1838 5716 Ingressus
1865 5651 1944 5702 est
1970 5645 2120 5700 enim

2217 4670 2359 4743 quia
2385 4669 2650 4725 nondum
2679 4670 3050 4740 torquentur.
3062 4666 3267 4722 Adhuc
3279 4668 3627 4738 augmentat
3635 4677 3868 4736 pcenam

2219 4761 2593 4826 reservatam,
2629 4755 2897 4822 dicendo,
2929 4755 3148 4829 abyssi,
3169 4754 3226 4810 id
3255 4758 3366 4822 est,
3394 4753 3522 4814 illis,
3539 4751 3870 4826 profundis-

2221 4847 2384 4904 simaa
2413 4863 2594 4920 paenae
2625 4848 3009 4919 congregatae,
3045 4844 3106 4900 id
3133 4847 3242 4911 est,
3276 4847 3582 4900 reservata)
3627 4846 3683 4900 et
3713 4839 3870 4902 mul-

2203 4935 2496 5009 tiplicatis
2526 4935 2587 4990 in
2618 4933 2812 4990 medio
2843 4934 3015 4989 mari.

2292 5024 2526 5093 Etideo,
2537 5021 2678 5094 quia
2696 5021 2844 5078 vidit
2864 5019 3134 5077 diabolus
3153 5019 3216 5076 in
3231 5019 3343 5076 hoc
3354 5018 3630 5092 praesnti
3640 5031 3872 5090 mnam

2224 5112 2487 5180 dilatam,
2519 5109 2666 5166 dixit
2699 5127 2712 5165 :
2751 5109 3074 5182 Persequar
3119 5108 3268 5164 istos
3313 5125 3467 5180 quos
3516 5104 3874 5170 videmmihi

2224 5201 2576 5266 subtractos,
2589 5203 2650 5254 et
2677 5197 3172 5270 comprehendam
3203 5214 3307 5269 per
3335 5192 3877 5270 peccatazdiridam

2225 5288 2432 5362 spolia,
2466 5289 2526 5344 id
2555 5291 2668 5357 est,
2696 5287 2944 5344 virtutes
2973 5287 3236 5343 auferam
3269 5303 3286 5342 :
3317 5284 3677 5358 implebitur,
3691 5281 3754 5340 id
3767 5284 3877 5349 est,

2226 5377 2561 5446 satiabitur,
2591 5375 2793 5432 anima
2818 5391 2970 5448 mea,
3002 5376 3060 5431 id
3091 5379 3202 5444 est,
3235 5373 3596 5432 desiderium
3645 5387 3873 5437 meum,

2226 5467 2367 5540 quia
2396 5465 2530 5524 nolo
2560 5469 2627 5522 ut
2657 5465 2716 5520 in
2747 5463 2874 5521 loco
2907 5465 3061 5521 unde
3091 5463 3292 5531 cecidi,
3327 5461 3791 5523 substituuntur.

2296 5556 2367 5610 Et
2395 5555 2442 5610 si
2477 5572 2592 5611 non
2623 5558 2824 5626 potero
2873 5552 3316 5625 deceptionibus
3362 5551 3662 5624 proﬁcere,
3687 5546 3882 5619 evagi-

2228 5645 2379 5702 nabo
2391 5661 2494 5718 per
2522 5660 2684 5700 meos
2715 5641 3020 5699 ministros
3047 5639 3308 5714 gladium
3341 5640 3633 5709 meum,ut
3651 5640 3876 5698 temore
