4048 6190
170 366 278 429 709

1194 328 1599 431 conamur.
1647 363 1727 427 1N
1772 363 2105 427 CANTICA
2147 367 2516 442 Αιλουονιπ.

3440 379 3557 438 710

169 518 229 558 se
259 498 592 556 habiturum
640 498 891 568 divitias,
926 497 1025 555 illo
1075 498 1398 569 interfecto,
1441 500 1804 574 recognoscit
1831 504 1886 567 Α
1916 500 2330 573 imputari,qui
2363 501 2411 557 si
2441 520 2554 557 non
2587 508 3252 574 peccarent,custodirct
3282 511 3561 567 eos.Enu-

168 604 475 662 pauperem
506 604 657 653 esse,
688 592 745 644 et
776 587 904 644 ideo
937 587 1082 643 nihil
1114 605 1242 645 esse
1277 588 1589 645 lueratum.

234 678 402 734 Viam.
434 676 581 733 Vere
611 677 922 733 exsultatio
953 694 1154 733 eorum
1180 677 1375 734 inanis
1405 683 1514 747 est,
1543 678 1682 750 quia
1707 695 1809 749 per

164 767 419 825 medium
442 782 644 821 eorum
666 770 1104 838 persecutorum
1127 768 1305 837 fecisti
1332 769 1485 839 equis
1503 775 1557 822 tu
1567 766 1695 834 is,id
1718 770 1809 820 est

168 855 381 915 sanctis
406 859 460 910 te
490 855 1028 924 ferentibum,viam
1051 860 1107 909 et
1137 856 1451 911 transitum
1477 858 1533 911 in
1556 857 1721 921 mari,
1750 855 1805 909 id

168 948 254 1001 est
282 944 341 998 in
371 944 617 1013 mundo,
649 943 894 1009 scilicet,
924 945 986 999 in
1017 945 1129 1000 luto
1174 961 1447 1017 aquarum
1482 945 1806 1008 multarum,

169 1035 225 1089 in
254 1032 378 1088 loco
411 1032 509 1087 ubi
543 1035 682 1087 sunt
717 1049 882 1105 aqure
933 1033 1152 1103 multa},
1184 1033 1447 1089 carnales
1496 1032 1809 1103 concupis-

171 1119 387 1189 centiae,
421 1138 549 1192 qua“:
581 1125 866 1194 generant
894 1120 1105 1188 lutum,
1140 1122 1198 1177 in
1247 1139 1362 1193 quo
1409 1122 1585 1194 pedes
1635 1120 1811 1175 aﬂ‘ec-

171 1210 393 1266 tionum
425 1210 771 1279 infiguntur,
806 1211 907 1264 sed
939 1211 1128 1265 sancti
1162 1211 1445 1266 bonarum
1496 1209 1697 1282 planta
1728 1208 1811 1264 af-

172 1299 483 1354 fectionum
514 1297 706 1354 lutum
740 1298 1081 1370 hujusmodi
1113 1300 1511 1371 egrediuntur.

235 1386 457 1443 Audivi.
475 1387 650 1453 Quasi
683 1386 919 1455 diceret,
940 1387 1127 1443 sancti
1158 1391 1483 1455 transeunt,
1500 1387 1601 1443 sed
1621 1390 1814 1442 tamen

171 1477 225 1533 in
254 1475 368 1532 hac
397 1475 492 1531 via
540 1475 898 1531 tribulantur
943 1476 1228 1549 graviter;
1257 1476 1367 1531 hoc
1405 1476 1545 1532 dicit
1577 1492 1591 1530 :
1625 1475 1817 1530 audivi

172 1565 303 1637 quid
336 1563 403 1619 in
435 1564 544 1619 hac
571 1563 666 1619 via
693 1567 896 1619 contra
925 1569 1303 1621 transeuntes
1334 1564 1819 1629 machincntur,et

171 1661 350 1710 venter
372 1669 547 1720 meus,
562 1651 621 1707 id
653 1657 742 1709 est
771 1652 1086 1709 infirmitas
1118 1654 1312 1709 carnis
1348 1670 1509 1718 meae,
1535 1652 1819 1709 conturba-

174 1752 252 1799 tus
279 1751 361 1799 est
391 1760 460 1799 ex
491 1740 805 1814 fragilitate
833 1742 1028 1799 carnis
1058 1759 1220 1810 mete,
1253 1747 1311 1798 et
1341 1743 1489 1799 labia
1532 1758 1653 1797 mea
1691 1757 1817 1797 con-

174 1837 528 1898 tremuerunt,
561 1829 620 1885 id
651 1834 740 1886 est
766 1830 825 1885 in
856 1830 1064 1886 timore
1094 1830 1287 1888 carnis
1326 1832 1823 1887 annuntiaverunt

173 1922 417 1978 verbum
445 1919 548 1975 Dei
577 1937 610 1974 a
641 1936 762 1976 voce
790 1919 1022 1976 illorum
1054 1921 1273 1988 audita,
1302 1920 1361 1976 id
1394 1925 1485 1977 est
1515 1917 1823 1975 intellectis

178 2028 317 2085 quas
348 2009 438 2065 illi
472 2008 896 2081 praeparabant.

240 2097 610 2170 Ingrediatur.
643 2095 787 2151 Caro
818 2095 1034 2163 timuit,
1051 2097 1151 2152 sed
1186 2100 1380 2153 tamen
1414 2115 1529 2153 non
1554 2097 1681 2152 ideo
1706 2113 1825 2152 ces-

180 2187 333 2253 sabo,
368 2185 571 2258 potius
602 2183 945 2255 ingrediatur
978 2185 1205 2257 putrebo
1256 2187 1430 2242 etiam
1480 2186 1683 2241 subter
1731 2200 1825 2239 me

183 2274 474 2347 corruptio
499 2274 561 2329 in
588 2274 799 2329 ossibus
826 2275 963 2329 meis
994 2291 1180 2346 usque
1221 2274 1398 2329 etiam
1450 2275 1522 2329 ad
1569 2292 1743 2341 ossa;
1777 2280 1829 2328 et

180 2365 300 2437 ipsa
329 2364 587 2437 putredo
618 2362 794 2417 etiam
825 2362 1008 2417 subter
1034 2380 1122 2419 me
1165 2371 1381 2429 scatent,
1416 2363 1523 2418 hoc
1555 2367 1662 2429 est,
1694 2367 1826 2416 ante

184 2453 580 2526 permitterem
612 2466 706 2505 me
749 2450 832 2506 ita
878 2450 1079 2523 afﬂigi,
1113 2454 1177 2506 ut
1222 2467 1448 2507 vermes
1477 2451 1547 2506 de
1590 2466 1829 2522 corpore

187 2558 306 2598 meo
337 2540 677 2596 efﬂuerent.

249 2631 387 2687 Ideo
421 2628 628 2701 patior,
652 2636 712 2684 ut
736 2629 796 2683 in
825 2628 914 2683 die
940 2628 1311 2684 tribulationis
1333 2628 1565 2700 quando
1597 2627 1681 2681 illi
1710 2642 1830 2697 per-

186 2722 486 2775 secutores
522 2717 954 2789 torquebantur
1004 2717 1062 2772 in
1109 2716 1359 2785 inferno,
1403 2720 1733 2789 requiescam
1783 2722 1835 2769 et

186 2807 475 2864 ascendam
504 2807 566 2862 in
597 2805 808 2862 caelum
839 2805 910 2861 ad
944 2807 1209 2877 populum
1236 2808 1539 2861 accinctum
1588 2813 1835 2861 nostrum

190 2897 255 2951 ad
283 2895 654 2951 consortium
685 2894 1055 2965 illorum,qui
1077 2894 1312 2948 fuerunt
1341 2889 1592 2966 pepulus
1614 2897 1834 2961 noster,

193 2986 245 3040 id
274 2990 367 3041 est
401 2983 573 3040 nobis
592 2983 651 3038 in
682 2983 796 3038 ﬁde
827 2987 885 3038 et
905 2982 1181 3055 operibus
1211 2982 1454 3051 similes,
1473 2982 1575 3054 qui
1599 2984 1838 3037 fuerunt

191 3074 245 3130 in
273 3074 389 3131 hac
420 3074 517 3131 via
546 3073 693 3128 bene
723 3071 1005 3127 succincti
1037 3075 1094 3127 et
1123 3071 1451 3144 praeparati.

258 3162 534 3221 Ficus.Et
554 3178 687 3218 vere
716 3160 1090 3228 tribulantur,
1118 3160 1319 3215 omnia
1346 3160 1503 3215 enim
1536 3160 1689 3215 bona
1709 3177 1836 3231 quae

1917 594 2103 644 merat
2136 595 2332 645 autem
2365 591 2459 646 hic
2491 592 2718 663 Moyses
2749 593 2902 648 bona
2933 611 3058 665 quae
3091 595 3246 652 Deus
3285 598 3421 653 fecit
3452 601 3557 669 eis,

1917 681 1974 732 et
1996 696 2025 733 e
2053 683 2253 733 contra
2273 678 2428 733 mala
2447 696 2572 749 qua:
2588 680 2699 751 ipsi
2723 682 3105 737 reddiderunt
3122 684 3194 753 ei,
3211 686 3387 740 etiam
3410 694 3563 759 post-

1918 784 2095 838 quam
2128 770 2214 821 tot
2245 767 2517 839 periculis
2549 773 2776 840 ereptos
2808 770 3037 826 induxit
3064 772 3124 827 in
3158 777 3374 830 terram
3423 795 3560 848 pro-

1921 855 2241 920 missionis,
2275 857 2428 910 unde
2461 862 2803 913 meruerunt
2833 860 3087 931 graviter
3130 864 3347 934 puniri,
3380 868 3438 919 et
3487 866 3559 921 ab

1920 942 2188 998 hostibus
2218 943 2568 998 conculcari.
2604 946 2664 999 In
2698 947 2890 1017 prima
2932 954 3092 1019 parte
3140 952 3394 1007 ostendit
3441 952 3563 1009 haec

1922 1050 2047 1103 quae
2080 1031 2172 1086 hic
2203 1033 2391 1103 docet,
2422 1033 2589 1088 valde
2619 1050 2748 1089 esse
2780 1036 2971 1106 utilia,
3007 1039 3159 1093 unde
3206 1044 3327 1096 tam
3383 1043 3564 1115 majo-

1922 1137 2053 1175 rum
2086 1137 2263 1190 quani
2297 1120 2588 1176 minorum
2614 1121 2842 1179 invocat
2872 1125 3434 1195 testimonia;ethoc
3454 1134 3567 1192 est.-

1994 1208 2207 1272 Audite,
2238 1210 2378 1273 cali,
2413 1224 2539 1280 qua:
2578 1211 2790 1282 loquar,
2822 1212 3015 1268 audiat
3059 1222 3205 1269 terra
3252 1218 3415 1272 verba
3454 1219 3565 1273 oris

1921 1299 2081 1352 mei:
2132 1297 2301 1368 quasi
2350 1297 2610 1353 diceret:
2663 1300 2879 1356 Omnes
2928 1302 3191 1371 audiant,
3243 1309 3300 1359 et
3355 1322 3568 1377 cogno-

1925 1389 2155 1440 scentes
2184 1403 2383 1440 verum
2406 1403 2535 1442 esse
2564 1388 2905 1458 approbent,
2939 1393 2995 1444 et
3043 1392 3291 1461 posteris
3339 1410 3569 1449 annun-

1924 1475 2091 1529 tient.

1996 1566 2315 1619 Concrescat
2362 1564 2419 1617 in
2458 1564 2706 1634 pluviam
2756 1565 3002 1622 doctrina
3045 1585 3166 1624 mea
3221 1569 3364 1624 Ecce
3412 1572 3568 1642 quod

1928 1651 2070 1707 utile
2102 1655 2209 1717 est,
2245 1652 2420 1706 corda
2450 1653 2784 1708 auditorum
2826 1655 3046 1709 sterilia
3095 1673 3465 1714 concrescere
3496 1659 3573 1714 ia-

1928 1740 2095 1795 citet
2128 1740 2449 1806 iucundari,
2501 1741 2655 1796 sicut
2705 1759 2857 1813 aqua
2904 1747 3160 1812 terram;
3191 1746 3330 1814 ﬂuat
3374 1754 3438 1801 ut
3484 1763 3574 1802 ros

1928 1831 2204 1901 eloquium
2234 1845 2419 1884 meum
2448 1830 2519 1884 ad
2561 1830 2873 1886 utilitatem
2919 1832 3133 1888 iterum
3184 1837 3572 1903 terrenorum,

1933 1919 2032 1991 qui
2065 1919 2135 1973 de
2159 1918 2403 1989 judiciis
2438 1919 2532 1974 Dei
2557 1918 2708 1974 male
2737 1920 3018 1976 sentiunt.

2005 2008 2173 2076 Quasi
2202 2008 2377 2063 imber
2414 2024 2580 2079 super
2626 2008 2867 2076 herbam,
2899 2016 2951 2065 et
2994 2012 3154 2082 quasi
3195 2012 3366 2068 stillae
3411 2028 3576 2084 super

1931 2097 2206 2166 gramina,
2236 2096 2368 2167 quia
2412 2112 2605 2151 nomen
2640 2097 2862 2152 Domini
2899 2099 3154 2153 invocabo
3174 2120 3194 2165 ,-
3226 2100 3392 2170 quasi
3429 2100 3577 2156 dice-

1933 2188 2019 2239 ret
2053 2199 2065 2239 :
2100 2184 2315 2239 Omnes
2346 2182 2547 2238 audire
2579 2183 2821 2251 debetis,
2846 2185 2986 2255 quia
3012 2184 3291 2242 invocabo
3320 2187 3579 2244 testimo-

1936 2271 2101 2327 nium
2132 2289 2334 2327 eorum
2367 2276 2493 2343 qu’ze
2524 2273 2676 2339 dico,
2709 2290 2920 2328 nomen
2951 2274 3203 2329 Domini.

2011 2360 2282 2416 Date.Hic
2314 2360 2521 2433 incipit
2552 2378 2958 2433 narrare,quze
2990 2363 3144 2418 bona
3174 2363 3582 2437 fecitillis,un-

1939 2451 2009 2505 de
2041 2450 2204 2521 prius
2234 2449 2443 2505 invitat
2472 2466 2571 2505 eos
2620 2450 2693 2504 ad
2744 2451 2890 2505 bene
2938 2452 3333 2523 operandum;
3368 2458 3426 2509 et
3473 2455 3583 2511 hoc

1938 2543 2029 2593 est
2061 2555 2073 2592 :
2109 2540 2239 2593 Date
2268 2539 2728 2609 magniﬁcentiam
2756 2540 2860 2594 Deo
2890 2547 3092 2603 nostro,
3125 2541 3182 2595 id
3214 2546 3303 2597 est
3330 2543 3585 2599 extollite

1940 2633 2226 2699 quantum
2260 2628 2331 2681 ad
2360 2644 2484 2694 vos,
2517 2644 2651 2681 eum
2686 2626 2785 2698 qui
2818 2627 2876 2681 in
2910 2645 2973 2683 se
3003 2645 3254 2700 magnus
3285 2636 3394 2697 est,
3428 2634 3583 2703 quod

1941 2715 2184 2782 debetis,
2220 2716 2358 2786 quia
2378 2715 2577 2769 omnia
2601 2732 2762 2787 opera
2794 2716 2893 2770 Dei
2917 2719 3153 2788 perfecta
3181 2726 3327 2785 sunt,
3362 2719 3421 2773 in
3444 2701 3584 2774 om-

1941 2804 2119 2859 nibus
2169 2820 2295 2875 quze
2342 2803 2478 2858 fecit
2522 2807 2613 2858 est
2654 2805 2949 2875 perfectio,
2981 2814 3033 2860 et
3082 2822 3265 2860 omnes
3317 2808 3425 2862 viae
3466 2809 3583 2879 ejus

1944 2894 2160 2965 quibus
2188 2892 2343 2948 venit
2367 2892 2439 2946 ad
2470 2891 2739 2946 homines
2769 2897 2909 2946 sunt
2927 2893 3140 2965 judicia
3183 2898 3335 2949 recte
3383 2894 3584 2968 dispo-

1945 2983 2081 3046 sita,
2113 2980 2219 3037 etsi
2249 2981 2513 3053 qumdam
2544 2980 2791 3036 occulta.

2015 3076 2161 3127 Deus
2190 3070 2387 3141 ﬁdelis,
2418 3077 2470 3124 et
2493 3069 2694 3141 absque
2732 3071 2850 3125 ulla
2900 3072 3187 3143 iniquitate
3218 3091 3236 3126 :
3284 3089 3586 3130 commen-

1947 3163 2044 3217 det
2073 3176 2231 3225 eum,
2251 3160 2433 3231 justus
2464 3158 2639 3213 etiam
2671 3162 2761 3214 est
2791 3159 2968 3225 Deus,
2996 3168 3045 3215 et
3092 3168 3267 3216 rectus
3316 3161 3425 3217 hoc
3473 3168 3581 3233 est,

193 3253 247 3308 in
270 3253 386 3309 hoc
422 3251 644 3307 mundo
688 3253 1052 3317 amaverunt,
1083 3248 1163 3304 ibi
1212 3250 1457 3321 perdent
1489 3265 1501 3303 :
1536 3250 1691 3321 quod
1740 3265 1837 3303 ex-
1867 3250 1910 3318 (Γ,
1947 3249 2049 3307 viae
2081 3250 2229 3321 ejus.

193 3343 463 3416 sequitur
490 3356 594 3412 per
622 3343 819 3411 partes
866 3342 1229 3393 terrenorum
1265 3354 1277 3393 :
1328 3340 1487 3393 Ficus
1535 3339 1682 3394 enim
1726 3354 1838 3393 non

190 3433 424 3502 ﬂorebit,
456 3437 511 3486 et
536 3445 646 3485 non
675 3430 781 3485 erit
804 3444 1023 3500 germen
1053 3428 1113 3482 in
1141 3429 1337 3483 vineis.

255 3519 578 3576 Mentietur
592 3534 742 3590 opus
772 3516 1027 3583 olivae,et
1057 3532 1193 3571 arva
1212 3532 1326 3571 non
1355 3515 1595 3570 aﬂ'erent
1615 3514 1835 3571 cibum.

259 3607 624 3666 Abscindetur
650 3606 716 3662 de
761 3606 898 3662 ovili
922 3621 1106 3677 pecus,
1137 3612 1186 3660 et
1230 3621 1342 3660 non
1387 3606 1493 3660 erit
1531 3612 1840 3660 armentum

200 3699 254 3753 in
273 3696 645 3770 praesepibus.

258 3788 325 3844 Eo
354 3793 567 3842 autem.
600 3784 688 3840 Illi
720 3784 846 3841 suis
885 3782 1054 3839 bonis
1102 3781 1345 3854 perditis
1395 3782 1836 3846 contristantur,

193 3891 277 3947 ego
305 3880 498 3932 autem
527 3875 735 3946 adepta
764 3872 1126 3928 beatttudine
1155 3870 1395 3942 gaudebo
1424 3873 1484 3926 in
1512 3872 1758 3936 Domino,
1790 3878 1844 3926 et

192 3964 472 4020 multabo
504 3964 561 4018 in
592 3963 697 4017 Deo
726 3963 853 4017 Iesu
880 3977 1018 4017 meo.

256 4053 326 4108 Et
353 4052 519 4108 idem
548 4052 688 4106 Deus
716 4051 980 4107 Dominus
1008 4053 1097 4104 est
1143 4047 1402 4121 fortitudo
1448 4064 1569 4103 mea
1618 4047 1676 4101 in
1728 4047 1839 4103 hoc

195 4140 489 4213 presenti,
521 4148 572 4195 et
590 4146 754 4212 ponet
783 4139 841 4193 in
872 4138 980 4194 hac
1009 4137 1128 4193 vita
1151 4137 1311 4209 pedes
1340 4153 1483 4192 meos
1521 4139 1680 4208 quasi
1721 4153 1839 4193 cer-

194 4246 383 4286 vorum
416 4248 435 4285 :
465 4229 549 4285 ita
578 4228 693 4284 cito
724 4227 1035 4284 ascendere
1068 4226 1258 4294 faciet,
1294 4226 1447 4281 sicut
1495 4242 1697 4280 cervus
1724 4225 1839 4280 cito

196 4318 477 4386 ascendit,
492 4326 546 4373 et
561 4316 787 4373 deducet
812 4332 899 4372 me
926 4318 1100 4371 victor
1120 4314 1178 4370 in
1212 4314 1409 4369 futuro
1438 4330 1603 4386 super
1629 4316 1841 4370 excelsa

199 4403 318 4463 οωΙί
348 4410 413 4463 in
440 4407 676 4479 psalmis
704 4412 1004 4461 canentem.

695 4546 1064 4603 CANTICUM
1098 4545 1342 4603 MOYSI.

261 4674 493 4741 Audite,
526 4674 669 4730 cali.
722 4672 1068 4728 Praedixerat
1116 4671 1400 4726 Dominus
1448 4670 1628 4743 (Deut.
1666 4676 1843 4741 xxxn)

204 4761 438 4835 Moysen
480 4762 835 4817 moriturum
885 4776 1033 4827 esse,
1082 4764 1139 4814 et
1199 4763 1331 4830 post
1377 4762 1622 4813 mortem
1674 4777 1843 4815 suam

202 4849 372 4907 Israel
408 4850 467 4906 in
500 4854 716 4906 terram
751 4847 1159 4921 promissionis
1203 4847 1624 4909 inducendum.
1657 4852 1714 4902 et
1761 4848 1840 4903 ibi

198 4944 677 5011 peccaturum,\ut
706 4943 764 4994 et
792 4937 1013 4994 alienos
1040 4937 1179 4992 deos
1211 4936 1497 5002 adoraret,
1521 4952 1701 5007 quare
1732 4936 1839 4991 mi-

195 5028 456 5085 rabiliter
484 5029 642 5084 Deus
673 5044 773 5083 eos
804 5026 1088 5099 afﬂigeret
1113 5043 1125 5082 :
1151 5041 1332 5098 quare
1364 5041 1435 5079 ne
1455 5025 1751 5081 videretur
1773 5043 1842 5082 ex

195 5115 536 5189 impotentia
570 5117 666 5174 Dei
697 5133 847 5187 esse,
862 5116 962 5189 qui
994 5115 1157 5188 prius
1189 5117 1514 5186 protexerat
1551 5130 1670 5182 eos,
1691 5132 1839 5186 prae-

198 5208 350 5279 cepit
384 5208 665 5264 Dominus
696 5205 896 5277 scribi,
915 5204 1058 5259 illud
1090 5203 1425 5274 contingere
1455 5207 1691 5275 pr0pter
1716 5220 1842 5276 pec-

197 5298 323 5350 cata
352 5312 477 5365 sua,
498 5313 617 5351 non
644 5298 881 5367 propter
909 5293 1009 5349 Dei
1042 5290 1582 5362 impotentiam,qui
1605 5304 1841 5363 pecean-

197 5384 282 5436 tes
312 5384 538 5457 afﬂigit,
571 5384 730 5440 etab
763 5381 1018 5437 inimicis
1048 5378 1335 5451 permittit
1383 5379 1751 5449 conculcari;
1784 5385 1841 5437 et

190 5468 319 5527 ideo
351 5473 531 5529 scribi
560 5472 765 5539 voluit,
799 5476 865 5527 ut
903 5469 1081 5526 etiam
1130 5469 1202 5524 de
1252 5467 1636 5539 sequentibus
1684 5470 1839 5526 idem

193 5560 541 5632 crederetur,
577 5562 733 5634 quod
763 5560 999 5633 quando
1030 5558 1375 5631 puniuntur,
1389 5559 1448 5613 et
1476 5574 1510 5613 a
1541 5558 1655 5613 Deo
1676 5560 1838 5615 dese-

193 5654 423 5723 runtur,
456 5669 558 5727 pro
588 5648 843 5728 peccatis
872 5652 961 5707 est
989 5663 1191 5706 eorum
1226 5663 1239 5705 ;
1273 5662 1461 5725 neque
1507 5648 1679 5708 debet
1724 5652 1839 5711 Deo

2017 3339 2117 3394 Vel
2145 3339 2191 3393 si
2209 3340 2411 3410 justus
2442 3342 2499 3392 et
2532 3341 2745 3405 rectus,
2775 3347 3135 3410 peccaverunt
3161 3341 3216 3395 ei
3243 3340 3383 3411 quia
3412 3341 3589 3397 etiam

1946 3430 2031 3484 illi
2064 3428 2162 3500 qui
2188 3427 2340 3499 justi
2386 3427 2678 3493 videntur,
2719 3431 3053 3499 peccatores
3101 3433 3240 3483 sunt
3287 3445 3589 3502 compara-

1945 3518 2101 3574 tione
2134 3535 2146 3574 :
2177 3524 2386 3586 etnon,
2416 3516 2472 3571 id
2506 3519 2612 3583 est,
2638 3517 2908 3586 nunquid
2939 3516 3116 3573 etiam
3145 3518 3283 3573 Filii
3308 3519 3424 3589 ejus
3450 3523 3591 3574 sunt

1948 3610 2005 3664 in
2038 3607 2331 3662 sordibus?
2367 3606 2517 3660 Sunt
2564 3604 2789 3675 utique,
2833 3604 3007 3659 etiam
3041 3604 3122 3659 illi
3171 3605 3270 3676 qui
3318 3605 3591 3660 videntur

1948 3697 2073 3752 ﬁlii.
2106 3696 2209 3750 Vel
2259 3696 2343 3751 sic
2377 3711 2388 3749 :
2422 3694 2631 3749 Justus
2679 3699 2790 3759 est,
2823 3697 3017 3748 rectus
3063 3698 3151 3748 est
3190 3692 3499 3761 Dominus,
3532 3698 3591 3749 et

1946 3803 2060 3842 non
2115 3784 2215 3838 ﬁlii
2268 3785 2651 3855 peccaverunt
2678 3781 2753 3848 ei,
2787 3785 2843 3836 et
2870 3780 2955 3835 illi
2988 3797 3099 3836 non
3132 3780 3236 3835 filii
3265 3782 3394 3852 ejus
3443 3785 3583 3836 sunt

1947 3875 2005 3929 in
2038 3873 2329 3930 sordibus.

2020 3963 2297 4018 Generatio
2324 3976 2495 4030 prava
2522 3967 2573 4014 et
2596 3975 2870 4030 perversa.
2905 3958 3228 4029 Increpatio
3261 3975 3275 4014 :
3311 3959 3479 4031 quasi
3502 3959 3588 4015 di-

1947 4060 2101 4107 ceret
2132 4067 2145 4104 :
2180 4048 2266 4104 llli
2298 4065 2413 4102 non
2448 4047 2549 4101 lilii
2582 4051 2722 4102 sunt
2767 4063 2942 4118 prava
2972 4044 3305 4117 'generatio,
3340 4049 3584 4105 haeccine

1948 4140 2127 4196 reddis
2156 4139 2401 4203 Domino,
2428 4137 2628 4208 popule
2652 4137 2813 4191 stulte
2839 4143 2890 4191 et
2926 4138 3193 4208 insipiens
3212 4141 3237 4192 .9
3269 4137 3422 4193 Mala
3470 4137 3582 4194 sci-

1947 4230 2081 4285 licet
2111 4233 2167 4283 et
2198 4242 2488 4299 perversa.

2019 4316 2277 4390 Nunquid
2303 4331 2414 4370 non
2462 4316 2578 4386 ipse
2604 4322 2683 4370 est
2707 4314 2869 4369 Pater
2914 4318 3086 4372 tuus?
3116 4317 3291 4383 Quasi
3327 4317 3545 4374 diceret
3576 4335 3590 4374 :

1949 4410 2073 4465 Non
2108 4407 2348 4462 deberes
2377 4403 2497 4459 hinc
2525 4404 2784 4470 reddere,
2817 4403 2955 4476 quia
3003 4405 3171 4460 Pater
3219 4410 3359 4460 tuus
3411 4405 3596 4462 multa

1948 4497 2084 4554 fecit
2112 4495 2216 4551 tibi
2245 4512 2259 4563 ;
2291 4496 2349 4548 et
2378 4492 2487 4548 hoc
2534 4496 2624 4548 est
2656 4509 2669 4548 :
2721 4494 2820 4564 qui
2862 4493 3099 4564 possedit
3143 4500 3194 4548 te
3240 4495 3511 4565 regendo,
3544 4502 3596 4549 et

1872 4619 1919 4683 Β
1950 4589 2078 4659 fecit
2104 4594 2156 4641 et
2177 4584 2380 4639 creavit
2407 4589 2474 4637 te.
2510 4582 2902 4653 Prmposterus
2933 4582 3094 4636 ordo.

2023 4675 2279 4731 Memento
2308 4672 2522 4727 dierum
2550 4671 2903 4741 antiquorum
2933 4670 2989 4724 in
3023 4669 3236 4741 quibus
3257 4670 3412 4725 bona
3440 4669 3595 4726 exhi-

1951 4764 2096 4830 buit,
2142 4765 2313 4833 cogita
2360 4761 2730 4832 generationes
2771 4760 3021 4830 singulas
3073 4760 3291 4831 quibus
3340 4759 3591 4834 singulis

1952 4856 2096 4910 bene
2128 4852 2279 4908 fecit.

2019 4944 2307 5014 Interroga
2334 4946 2543 5011 patrem
2573 4945 2747 5003 tuum,
2778 4945 2832 4992 et
2858 4937 3210 4992 annuntiabit
3237 4937 3336 4992 tibi
3363 4937 3593 5008 majores

1948 5041 2065 5089 tuos
2089 5034 2219 5103 post
2247 5027 2562 5091 Abraham,
2600 5028 2781 5095 Isaac,
2815 5025 3025 5081 deinde
3059 5026 3258 5091 Jacob,
3292 5028 3348 5078 et
3377 5021 3460 5077 sic
3492 5038 3595 5093 per

1949 5119 2201 5193 singula,
2235 5125 2286 5174 et
2311 5117 2492 5172 dicent
2516 5116 2617 5171 tibi
2649 5115 2801 5170 bona
2833 5131 2960 5186 quae
2992 5113 3126 5168 fecit
3156 5111 3435 5183 antiquis.

2021 5207 2255 5282 Quando
2286 5204 2805 5262 dividebat.Subdit
2836 5220 2961 5275 quae
2992 5202 3147 5267 fecit,
3165 5199 3387 5256 scilicet
3407 5214 3591 5270 quan-

1947 5300 2020 5355 do
2051 5297 2387 5353 Altissimus
2420 5293 2715 5348 dividebat
2742 5296 2972 5363 gentes:
3006 5307 3120 5344 non
3152 5293 3285 5344 ante
3314 5287 3594 5344 constitu-

1948 5389 2167 5444 tionem
2196 5382 2374 5440 turris
2407 5381 2621 5453 legitur
2638 5381 2789 5434 facta
2819 5379 3024 5434 divisio
3042 5377 3435 5451 gentium,sed
3455 5380 3594 5432 tunc

1947 5476 2123 5548 cmpit
2145 5491 2156 5529 :
2178 5477 2235 5529 et
2267 5475 2410 5542 quot
2443 5470 2677 5550 fuerunt
2700 5467 2890 5539 capita
2919 5472 2977 5522 et
3008 5467 3301 5539 principes
3321 5467 3379 5521 in
3398 5465 3596 5538 gigan-

1945 5566 2106 5621 tibus
2119 5560 2258 5628 illis,
2274 5562 2357 5613 tot
2373 5556 2689 5613 divisiones
2710 5555 3047 5628 linguarum
3067 5555 3228 5610 factae
3252 5557 3393 5610 sunt
3412 5552 3471 5607 in
3485 5551 3592 5612 eis.

1948 5655 2012 5715 In
2045 5652 2303 5723 Hebraeo,
2324 5650 2380 5708 et
2409 5646 2470 5705 in
2499 5644 2625 5705 suis
2658 5645 2939 5705 remansit
2958 5644 3162 5724 lingua
3190 5642 3595 5721 Hebrumquia
