4048 6190
212 363 327 425 ’117

1273 363 1676 427 ΟΟΜΜΕΝΤ.
1724 366 1803 425 IN
1846 361 2139 426 ISAIAM.
2174 401 2251 412 —
2283 368 2425 430 LIB.
2475 370 2521 431 Ι.

3492 380 3617 442 ’718

212 487 3620 516 .__________._________________________________________

1516 599 1847 684 LIBER
1904 600 2341 692 PRIMUS

744 854 978 909 CAPUT
1018 855 1328 911 PRIMUM.
1432 852 1435 857 ’

284 945 447 999 Visio
472 942 777 1012 lsaiae,filii
816 945 994 999 Amos
1021 960 1034 1000 :
1062 962 1239 1016 quam
1270 946 1413 999 vidit
1441 964 1617 1017 super
1644 947 1861 1001 Judam

203 1038 267 1090 et
327 1032 715 1100 Hierusalem,
746 1031 804 1086 in
864 1032 1073 1087 diebus
1124 1034 1292 1104 Osiaa,
1321 1035 1617 1106 Joatham,
1649 1035 1859 1105 Achaz,

201 1122 700 1194 Ezechize,regum
731 1121 904 1177 Juda.
924 1122 1047 1177 Mos
1077 1127 1134 1177 et
1163 1122 1378 1177 usitata
1399 1125 1758 1178 consuetudo
1775 1130 1864 1179 est

200 1211 711 1283 scriptorum,qui
743 1210 912 1266 nobis
937 1227 1135 1266 sacras
1166 1210 1391 1266 litteras
1422 1212 1863 1281 ministrant,ut

198 1301 445 1374 quando
476 1300 549 1355 ab
581 1298 777 1371 aliquo
808 1314 1011 1354 eorum
1042 1304 1315 1354 narratur
1360 1299 1600 1372 aliquid,
1622 1317 1755 1355 cum
1787 1302 1859 1356 ad

196 1390 476 1462 seipsum
504 1387 747 1458 venerit,
779 1387 863 1443 sic
895 1388 966 1442 de
997 1404 1059 1443 se
1090 1392 1369 1461 tanquam
1403 1390 1474 1444 de
1505 1388 1618 1445 alio
1657 1389 1859 1462 loqua-

198 1485 322 1534 tur.
358 1478 457 1534 Sic
486 1475 623 1532 fecit
654 1476 866 1542 Moses,
898 1476 998 1548 qui
1030 1476 1176 1531 dixit
1206 1494 1219 1531 :
1253 1478 1390 1533 Erat
1426 1482 1622 1533 autem
1670 1479 1860 1535 Moses

192 1568 292 1624 vir
319 1566 699 1623 mitissimus.
733 1566 857 1620 Non
888 1565 1035 1620 dixit
1066 1566 1274 1621 :Eram
1324 1582 1430 1638 ego
1480 1567 1856 1622 mitissimus.

190 1658 292 1712 Sic
312 1655 495 1712 etiam
516 1654 626 1711 Job
649 1654 793 1710 dicit
815 1670 829 1709 :
851 1654 972 1723 Vir,
996 1654 1290 1726 inquiens,
1305 1660 1427 1711 erat
1448 1656 1506 1710 in
1530 1659 1685 1711 terra
1715 1657 1759 1711 Η
1767 1674 1859 1723 us,

194 1745 448 1801 nomine
474 1744 606 1801 Job.
631 1743 726 1800 Sic
754 1743 962 1799 beatus
993 1743 1322 1813 Mattliaeus,
1354 1748 1411 1799 et
1434 1744 1712 1813 Joannes,
1727 1762 1861 1817 apo-

193 1834 398 1891 stolus
427 1848 662 1907 quoque
691 1832 1037 1893 Paulus.Sic
1067 1831 1317 1904 denique
1339 1833 1520 1889 Isaias
1551 1833 1853 1906 prepheta,

192 1923 303 1997 qui
332 1922 530 1979 noluit
558 1922 751 1977 dicere
774 1938 787 1975 :
809 1920 968 1976 Visio
1008 1937 1185 1993 quam
1221 1937 1327 1993 ego
1368 1921 1550 1977 Isaias
1572 1922 1687 1977 vidi
1714 1941 1727 1978 :
1755 1924 1855 1979 sed

191 2013 283 2070 sic
314 2027 385 2068 se
415 2010 665 2068 inseruit
692 2008 883 2066 ordini
914 2009 1266 2065 narrationis
1296 2027 1436 2078 sum,
1469 2015 1750 2083 tanquam
1770 2029 1857 2067 re-

192 2118 332 2158 rum
367 2104 669 2174 gestarum
704 2098 955 2171 scriptor
986 2115 999 2155 :
1036 2115 1150 2153 non
1200 2102 1483 2171 tanquam
1533 2100 1623 2156 sui
1671 2100 1857 2172 ipsius

192 2190 571 2286 praedicator.
598 2188 710 2244 Sed
742 2187 841 2286 qui
875 2187 945 2242 de
976 2204 1037 2243 se
1067 2187 1480 2286 innprimordio
1510 2189 1594 2243 ita
1622 2190 1860 2286 silenter
1886 2221 1934 2286 Β

188 2276 865 2350 loquitur,postremoin
888 2276 1268 2347 sequentibus
1289 2277 1857 2343 roboratus,ﬁducia-

189 2368 332 2424 liter
361 2366 633 2438 loquens,
657 2363 798 2420 dicit
826 2364 1141 2420 Dominum
1172 2381 1235 2420 se
1262 2364 1497 2421 vidisse.
1521 2366 1855 2421 Notandum

188 2457 460 2529 denique
488 2458 596 2522 est,
631 2471 698 2510 ac
728 2454 973 2526 dignum
1005 2454 1274 2525 qumsitu,
1305 2471 1486 2525 quare
1532 2454 1689 2510 dicat
1719 2471 1855 2527 pro-

188 2545 382 2618 pheta
407 2542 601 2599 :Visio
634 2543 794 2600 Isaize
820 2542 923 2597 ﬁlii
953 2545 1151 2609 Amos,
1173 2560 1351 2614 quam
1380 2542 1525 2597 vidit
1554 2560 1732 2615 super
1758 2544 1857 2599 Ju-

186 2627 359 2690 dam'
388 2637 450 2689 et
497 2630 859 2688 Hierusalem
893 2646 1065 2687 :cum
1117 2631 1243 2702 ipse
1300 2631 1358 2684 in
1405 2631 1692 2702 principio
1737 2649 1851 2687 non

188 2727 401 2779 narret
418 2720 833 2794 hujuscemodi
852 2719 1106 2775 visiones
1126 2736 1273 2791 quas
1292 2719 1456 2785 vidit,
1476 2719 1628 2775 sicut
1652 2720 1852 2775 Daniel

188 2814 360 2881 (Dan.
379 2812 665 2883 x),neque
685 2809 839 2865 dicat
858 2808 999 2881 quid
1019 2807 1264 2863 viderit:
1294 2809 1395 2862 sed
1423 2808 1622 2863 statim
1655 2810 1851 2864 subin-

190 2903 369 2968 ἴθι-αι,
400 2899 676 2972 inquiens
701 2914 716 2966 ;
740 2921 769 2948 «
788 2897 956 2965 Audi,
981 2896 1214 2963 caelum,
1239 2901 1295 2952 et
1320 2896 1561 2951 auribus
1596 2898 1850 2969 percipe,

188 2996 417 3047 terra.»
437 2990 563 3054 Et,«
587 2987 798 3042 Audite
817 2986 1060 3041 verbum
1083 2985 1338 3050 Domini,
1353 2985 1645 3057 principes
1664 2986 1850 3041 Sodo-

186 3093 494 3144 morum,»
526 3080 847 3146 ceteraque
867 3073 961 3129 his
978 3073 1233 3129 similia?
1250 3070 1337 3128 Ad
1355 3074 1513 3144 quod
1535 3074 1849 3129 dicendum

184 3173 274 3224 est
301 3185 315 3223 :
344 3165 494 3222 Tria
517 3181 732 3238 genera
759 3179 889 3219 esse
918 3161 1231 3219 visionum.
1259 3162 1559 3234 Siquidem
1592 3163 1847 3234 primum

187 3272 385 3329 genus
418 3253 662 3309 visionis
691 3250 986 3324 corporale
1015 3255 1123 3319 est,
1159 3267 1275 3321 quo
1304 3250 1570 3306 videmus
1614 3251 1849 3321 coelum,

186 3350 245 3401 et
264 3346 584 3412 terram,et
603 3341 801 3399 omnia
819 3339 1501 3413 corporalia.Secundum
1523 3340 1845 3412 spirituale,

188 3450 307 3506 quo
338 3433 618 3488 videmus
650 3431 710 3486 in
749 3429 993 3485 somniis
1039 3429 1562 3496 montes,arbores,
1580 3428 1849 3485 homines

186 3520 575 3579 ambulantes
606 3524 783 3593 atque
812 3519 964 3575 inter
992 3535 1054 3574 se
1084 3517 1468 3573 dimicantes:
1493 3522 1551 3573 et
1570 3517 1847 3592 evigilan-

1891 857 1947 923 Α
1978 877 2108 915 nem
2136 878 2149 915 :
2174 862 2256 917 ita
2276 869 2405 934 post
2427 867 2952 936 prmvaricationem
2972 868 3166 940 populi
3189 870 3389 925 eadem
3415 887 3622 928 rursus

1974 950 2031 1003 in
2069 951 2467 1008 testimonium
2499 959 2665 1010 vocat
2714 957 2894 1012 Isaias
2927 974 2941 1012 :
2974 962 3041 1012 ut
3079 962 3290 1014 cuncta
3334 960 3623 1016 elementa

1972 1045 2328 1108 cognoscant
2366 1043 2528 1113 juste
2578 1044 2759 1099 Deum
2800 1045 2860 1099 in
2893 1045 3173 1101 ultionem
3205 1049 3618 1105 mandatorum

1971 1143 2212 1181 suorum
2247 1129 2319 1182 ad
2352 1128 2718 1185 iracundiam
2748 1135 2998 1187 motum.
3023 1133 3440 1191 Metonomicos
3458 1154 3613 1206 vero,

1972 1215 2029 1269 id
2062 1219 2150 1271 est
2182 1234 2284 1288 per
2311 1217 2433 1272 hinc
2464 1236 2590 1290 qua:
2622 1221 2923 1275 continent
2968 1238 3037 1276 ea
3084 1238 3211 1293 quae
3243 1225 3620 1282 continentur

1969 1305 2344 1377 accipientes,
2406 1324 2723 1378 possumus
2779 1326 2895 1364 non
2954 1309 3273 1383 incongrue
3337 1313 3618 1370 caelorum

1970 1392 2207 1447 nomine
2238 1411 2526 1465 supernas
2557 1396 2967 1470 angelicasque
3012 1398 3259 1455 virtutes
3306 1401 3567 1472 accipere
3601 1420 3614 1458 :

1968 1486 2295 1553 perterram
2311 1487 2506 1539 autem
2522 1484 2982 1548 homines,terrze
2998 1486 3617 1550 scilicetbabitatores.

1980 1571 2088 1638 Qui
2123 1572 2543 1643 prmeipiuntur
2571 1574 2774 1629 audire
2802 1578 2860 1628 et
2878 1574 3123 1630 auribus
3144 1576 3464 1649 percipere,
3481 1596 3622 1651 quo-

1969 1661 2127 1715 niam
2142 1661 2427 1716 Dominus
2460 1660 2690 1717 locutus
2724 1666 2831 1729 est,
2854 1663 2963 1718 hoc
2993 1664 3147 1734 quod
3176 1665 3463 1737 propheta
3484 1669 3623 1724 sub“-

1966 1749 2161 1804 infert.
2181 1750 2292 1804 Sed
2325 1749 2709 1805 subnectatur
2737 1751 2877 1822 quid
2923 1751 3210 1807 Dominus
3235 1756 3327 1808 est
3362 1752 3615 1811 locutus.

1967 1861 1993 1888 ‹‹
2023 1837 2198 1892 Filios
2225 1837 2473 1893 enutrivi
2506 1842 2565 1892 et
2608 1838 2874 1908 exaltavi,
2904 1838 3015 1911 ipsi
3046 1843 3242 1895 autem
3273 1844 3618 1913 spreverunt

1967 1943 2080 1981 me.
2108 1949 2133 1974 ››
2167 1925 2451 1998 Populum
2482 1926 2819 1982 Judzeorum
2852 1944 3004 1999 quos
3022 1928 3323 1984 communi
3347 1928 3473 2003 lege
3494 1920 3617 1988 ser-

1966 2032 2065 2071 vos
2096 2015 2428 2071 considerat
2456 2014 2827 2087 omnipotens
2856 2015 3199 2083 Deus,filios
3229 2017 3504 2090 dignatus
3525 2023 3617 2076 est

1965 2102 2257 2176 appellare
2282 2120 2293 2158 :
2319 2120 2434 2158 non
2474 2102 2666 2158 solum
2695 2103 2755 2158 in
2778 2103 2888 2158 hoc
2908 2102 3174 2171 loco,sed
3201 2105 3468 2175 etiamin
3499 2108 3614 2163 Ex-

1967 2194 2098 2259 odo,
2115 2192 2212 2246 ubi
2230 2190 2371 2245 dicit
2387 2192 2457 2245 ad
2478 2191 2838 2247 Pharaonem
2864 2207 2877 2246 :
2899 2215 2925 2242 ‹‹
2944 2191 3184 2248 Dimitte
3206 2193 3393 2250 tilium
3415 2212 3615 2252 meum

1965 2278 2421 2354 primogenitum
2436 2279 2626 2351 (Exod.
2643 2284 2742 2348 IV).
2753 2302 2780 2327 ››
2800 2280 2950 2335 Istos
2965 2280 3258 2352 siquidem
3270 2283 3421 2340 ﬁlios
3432 2284 3619 2340 omni-

1965 2375 2172 2443 potens
2202 2369 2358 2424 Deus
2404 2368 2674 2440 piissima
2704 2368 3081 2425 miseratione
3111 2370 3410 2441 enutrivit,
3441 2377 3618 2445 atque

1964 2458 2258 2527 exaltavit,
2290 2458 2547 2513 educens
2576 2474 2676 2513 eos
2706 2458 2777 2512 de
2823 2458 3101 2515 servitute
3131 2459 3294 2532 gravi
3322 2461 3616 2534 Egyptia-

1964 2565 2116 2617 rum,
2137 2548 2237 2602 ubi
2269 2547 2598 2601 serviebant
2625 2545 2684 2601 in
2715 2545 2839 2602 luto
2868 2552 2926 2602 et
2955 2546 3257 2603 lateribus.
3278 2549 3389 2605 Sed
3412 2549 3496 2605 illi
3515 2551 3615 2608 be-

1964 2636 2305 2692 neficiorum
2329 2636 2459 2705 ejus
2479 2634 2691 2707 ingrati
2714 2639 3058 2706 spreverunt
3086 2635 3277 2702 illum,
3300 2638 3431 2709 ejus
3462 2656 3613 2711 pras-

1961 2729 2127 2796 cepta
2157 2722 2456 2790 calcando,
2486 2739 2797 2794 servosque
2826 2724 2955 2794 ejus
3001 2723 3314 2795 prophetas
3345 2731 3610 2783 contem:

1962 2813 2255 2881 nendo,ac
2285 2812 2425 2866 deos
2450 2810 2714 2882 gentium
2746 2810 2956 2865 surdos
2975 2814 3034 2865 et
3055 2814 3252 2868 mutos
3285 2813 3607 2870 adorando'.

1959 2902 2019 2958 Si
2051 2900 2185 2972 quis
2213 2916 2349 2972 ergo
2377 2898 2585 2970 quaerit
2613 2898 2905 2969 quomodo
2936 2898 3281 2955 enutriverit
3307 2905 3611 2974 eos,atque

1958 2987 2315 3057 exaltaverit,
2343 2985 2766 3041 animadvertat
2795 2984 3048 3057 qualiter
3074 2986 3136 3041 in
3162 2985 3349 3060 signis
3378 2992 3436 3043 et
3465 3005 3602 3061 prod-

1958 3077 2133 3149 digiis
2155 3075 2358 3131 multis
2378 3074 2638 3130 eduxerit
2658 3091 2758 3129 eos
2779 3074 2851 3128 de
2870 3074 3136 3147 Egypto,
3154 3075 3428 3148 siccoque
3457 3077 3605 3149 pede

1959 3184 2119 3222 mare
2142 3164 2392 3221 transire
2421 3163 2619 3219 fecerit
2640 3163 2830 3236 (Exod.
2855 3167 2995 3231 xw),
3021 3163 3293 3221 inimicos
3318 3181 3522 3222 eorum
3545 3167 3605 3223 in

1958 3256 2103 3328 ipsis
2132 3254 2302 3327 aquis
2331 3252 2720 3321 involvens,et
2749 3252 3043 3324 quomodo
3082 3269 3187 3326 per
3215 3255 3608 3327 quadraginta

1960 3361 2147 3399 annos
2178 3359 2395 3399 manna
2425 3340 2509 3397 eis
2540 3340 2984 3409 ministraverit,
3010 3340 3249 3398 illorum
3271 3359 3462 3399 mores
3485 3361 3612 3416 pra-

1957 3451 2082 3501 vos,
2113 3431 2753 3502 murmurationesque,
2787 3434 2963 3502 atque
2993 3429 3602 3504 rebelliones,patien-

1957 3522 2186 3577 tissime
2216 3520 2473 3575 tolerans
2502 3520 2679 3589 (Deut.
2709 3522 2833 3588 vm)
2858 3535 2871 3574 :
2898 3535 3121 3574 necnon
3152 3523 3209 3574 et
3228 3521 3609 3591 quemadmo-

183 3618 273 3669 tes
312 3613 670 3685 ignoramus
685 3584 923 3681 penitus
955 3607 1093 3680 quid
1122 3607 1297 3663 fuerit
1324 3606 1467 3663 illud
1500 3584 1847 3680 quodvvidi-
1877 3584 1922 3652 (ἶ
1959 3612 2100 3666 dum
2132 3608 2409 3666 deleverit
2438 3584 2663 3681 septem
2695 3584 2899 3679 gentes
2929 3624 2963 3662 a
2993 3607 3139 3663 facie
3162 3584 3611 3676 illorum,intro-

184 3716 345 3757 mus.
384 3698 651 3756 Tertium
681 3714 813 3755 vero
835 3713 1020 3770 genus
1050 3696 1292 3753 visionis
1321 3702 1410 3752 est
1438 3697 1847 3766 intellectuale,

184 3807 303 3863 quo
366 3787 645 3845 consistit
690 3786 1118 3843 rationabilitas
1176 3786 1407 3856 anima),
1438 3790 1497 3840 et
1544 3802 1647 3857 per
1692 3787 1847 3858 quod

184 3879 620 3951 cognoscentes
651 3876 967 3929 creatorem
996 3872 1546 3946 nostrum,intelligi
1557 3890 1688 3928 mus
1709 3873 1847 3945 quid

186 3966 523 4023 debeamus
544 3962 705 4035 loqui
727 3961 1053 4018 secundum
1075 3962 1202 4032 ejus
1221 3960 1580 4017 voluntatem
1597 3978 1611 4017 :
1628 3962 1849 4033 Spiritu

186 4057 402 4111 sancto
435 4051 607 4107 nobis
637 4050 746 4105 hoc
772 4050 832 4105 in
863 4054 1059 4105 mente
1089 4049 1398 4106 revelante.
1439 4050 1650 4105 Videre
1691 4051 1849 4105 enim

184 4160 343 4215 saepe
377 4140 622 4214 ponitur
641 4157 745 4212 pro
766 4138 1291 4212 intelligere.Unde
1313 4139 1571 4195 solemus
1612 4140 1851 4195 interro-

185 4248 327 4306 gare
374 4228 658 4302 aliquem,
692 4233 889 4285 utrum
938 4230 1130 4286 videat
1176 4228 1287 4285 hoc
1334 4229 1420 4285 vel
1466 4229 1637 4297 illud,
1660 4230 1716 4284 id
1761 4233 1852 4285 est

185 4326 400 4378 utrum
423 4318 732 4392 intelligat.
750 4318 1046 4391 PrOphetaa
1066 4319 1425 4391 quoque,qui
1446 4317 1853 4391 intelligebant

187 4425 257 4465 ea
285 4425 428 4482 qua:
457 4411 705 4464 ventura
734 4412 921 4476 erant,
951 4410 1011 4463 et
1061 4411 1328 4479 poterant
1370 4408 1560 4463 dicere
1585 4424 1597 4462 :
1629 4426 1651 4454 ι
1687 4406 1849 4463 Oculi

188 4498 384 4555 nostri
411 4512 646 4570 semper
666 4497 739 4553 ad
760 4496 1076 4553 Dominum
1099 4496 1486 4569 (Psal.xxnr).-
1515 4497 1602 4564 Et,
1630 4518 1658 4548 «
1680 4497 1765 4551 Ad
1798 4501 1852 4553 te

188 4586 376 4644 levavi
392 4585 597 4642 oculos
610 4602 773 4642 meos
790 4585 958 4658 (Psal.
976 4584 1249 4657 LXXXIV),»
1264 4584 1323 4639 id
1336 4590 1423 4640 est
1435 4585 1634 4641 oculos
1661 4586 1852 4641 cordis

187 4678 329 4733 mei.
363 4676 441 4732 Et
471 4691 606 4731 cum
640 4674 974 4746 Psalmista,
1010 4696 1037 4724 ‹‹
1068 4674 1341 4741 Audiam,
1373 4674 1741 4746 inquit,quid
1762 4674 1853 4729 lo—

190 4770 419 4838 quatur
436 4763 497 4819 in
524 4780 618 4819 me
640 4763 927 4819 Dominus
948 4764 1102 4820 Deus
1119 4763 1364 4835 (Ibid.).»
1391 4762 1475 4817 Illi
1502 4763 1706 4834 utique
1730 4780 1855 4835 pro-

189 4854 388 4927 phetae
422 4852 589 4925 prius
616 4853 880 4910 videntes
910 4852 1377 4925 appellabantur,
1411 4851 1468 4906 id
1500 4856 1609 4923 est,
1645 4851 1857 4906 intelli-

1958 3702 2291 3756 ducenseos
2312 3698 2371 3751 in
2395 3701 2608 3752 terram
2623 3696 2901 3750 omnibus
2916 3695 3444 3768 meliorem,utpote
3460 3694 3609 3754 laete

1959 3795 2016 3847 et
2048 3788 2219 3844 melle
2251 3789 2586 3841 manantem
2617 3788 2801 3852 (Deut.
2823 3786 2904 3851 v1)
2934 3782 3237 3855 multaque
3267 3782 3361 3840 his
3391 3783 3613 3840 similia

1957 3877 2338 3947 recolat,quzs
2370 3873 2541 3928 modo
2574 3871 2918 3944 perlongum
2948 3874 3039 3926 est
3059 3870 3610 3930 retexere.Prudens

1958 3971 2153 4022 autem
2186 3963 2366 4018 lector
2395 3960 2590 4033 sagaci
2626 3964 2820 4014 mente
2852 3958 3181 4031 praevideat,
3217 3958 3431 4015 melius
3478 3974 3609 4017 esse

1951 4057 2119 4128 juxta
2140 4050 2482 4108 Ilcbraicam
2504 4049 2806 4105 veritatem
2828 4047 3162 4120 legendum,
3184 4047 3336 4103 ﬁlios
3359 4047 3608 4105 enutrivi

1959 4160 2135 4216 quam
2183 4138 2381 4213 genui,
2412 4141 2557 4193 teste
2608 4136 2778 4192 beato
2830 4136 3203 4208 Hieronymo,
3236 4154 3309 4192 ne
3346 4136 3612 4194 videatur

1959 4232 2104 4288 illud
2136 4246 2265 4286 esse
2296 4226 2654 4284 contrarium
2705 4225 2863 4297 quod
2912 4225 3171 4281 Joannes
3217 4226 3520 4299 apostolus
3549 4226 3611 4283 in

1958 4319 2207 4394 epistola
2226 4335 2336 4373 sua
2356 4315 2472 4372 ait:
2499 4340 2526 4365 «
2552 4314 2657 4381 Qui
2701 4318 2877 4370 natus
2905 4318 2997 4370 est
3020 4331 3088 4370 ex
3109 4315 3246 4382 Deo,
3262 4332 3377 4372 non
3410 4319 3613 4388 peccat

1960 4412 2004 4484 (I
2027 4412 2183 4467 Joan.
2217 4410 2323 4475 III).
2360 4428 2389 4455 »

2032 4522 2061 4550 «
2089 4495 2369 4569 Cognovit
2394 4495 2501 4550 bos
2531 4509 2928 4565 possessorem
2954 4495 3223 4556 suum,et
3242 4492 3447 4548 asinus
3469 4509 3609 4565 prae-

1961 4604 2097 4660 sepe
2130 4583 2350 4641 domini
2379 4582 2490 4637 sui.
2511 4581 2687 4637 Israel
2710 4597 2843 4636 vero
2876 4597 2991 4635 non
3011 4580 3280 4651 cognovit
3307 4584 3486 4647 me,et
3508 4597 3611 4653 po-

1962 4676 2138 4749 pulus
2170 4691 2339 4729 meus
2387 4688 2478 4726 me
2522 4686 2635 4725 non
2686 4667 2989 4723 intellexit.
3025 4689 3053 4716 »
3083 4667 3166 4722 Ad
3197 4667 3611 4724 contumeliam

1962 4766 2325 4833 Judaeorum,
2359 4760 2457 4832 qui
2510 4756 2887 4814 rationabiles
2932 4774 2967 4811 a
3015 4757 3130 4812 Deo
3178 4757 3356 4814 creati
3389 4758 3614 4814 ratione

1963 4855 2287 4909 debuerant
2316 4850 2421 4915 uti,
2456 4849 2631 4902 bruta
2660 4852 2720 4902 et
2749 4845 3116 4902 insensibilia
3145 4846 3614 4918 stultissimaque

187 4947 421 5014 gentes.
460 4942 799 4997 Istiusmodi
858 4958 995 5014 ergo
1051 4941 1280 5013 generis
1332 4941 1615 4996 visionem
1668 4940 1849 4995 Isaias
1881 4956 1928 5018 ι)
1958 4936 2710 4999 animaliaadducuniturin
2734 4936 3330 5008 testimonium,quod
3353 4934 3455 4989 illa
3473 4935 3615 4989 tece-

188 5030 360 5099 vidit,
396 5030 456 5085 id
500 5035 608 5101 est,
643 5032 864 5104 Spiritu
915 5035 1116 5087 sancto
1168 5031 1402 5085 amatus
1432 5028 1716 5084 intellexit
1749 5046 1760 5084 :
1796 5032 1855 5083 et

188 5119 342 5173 vidit
374 5135 507 5190 qua:
529 5124 773 5175 ventura
793 5124 959 5175 erant
992 5118 1205 5191 populo
1246 5135 1374 5185 suo,
1399 5123 1454 5173 et
1494 5118 1672 5173 dixit:
1698 5116 1856 5171 Visio

190 5206 459 5273 Isaiae,id
490 5212 582 5264 est
610 5207 963 5276 intellectus,
996 5224 1170 5280 quem
1204 5207 1487 5263 intellexit
1518 5211 1719 5261 contra
1747 5206 1856 5261 Ju-

190 5296 336 5351 dam
370 5300 430 5351 et
456 5296 840 5354 Hierusalem.

248 5406 297 5445 _«
311 5384 491 5453 Audi,
509 5386 743 5454 coelum,
761 5390 819 5442 et
848 5387 1091 5443 auribus
1110 5386 1359 5459 percipe,
1375 5390 1555 5441 terra:
1575 5384 1853 5457 quoniam

190 5472 495 5528 Dominus
526 5473 757 5531 locutus
787 5479 895 5531 est.
930 5496 958 5525 »
992 5475 1156 5531 Sicut
1195 5476 1384 5530 Moses
1419 5476 1593 5547 (Deut.
1618 5477 1744 5540 xxx)
1766 5472 1854 5527 in-

189 5560 434 5617 vocavit
452 5562 665 5619 ccelum
686 5568 743 5619 et
762 5567 976 5620 terram
1000 5564 1059 5618 in
1084 5564 1488 5619 testimonium
1502 5563 1736 5636 quando
1754 5578 1857 5635 per

192 5665 338 5710 eum
375 5649 539 5708 dedit
567 5652 851 5713 Dominus
881 5652 1368 5726 benedictionem,
1400 5658 1458 5712 et
1497 5652 1852 5715 maledictio-

1963 5032 2083 5088 rint
2103 5045 2229 5099 quae
2261 5025 2357 5081 isti
2392 5042 2507 5080 non
2543 5024 3060 5092 fecerunt,scilicet
3092 5029 3158 5080 ut
3186 5028 3480 5096 pastorem
3511 5039 3616 5077 nu-

1964 5118 2347 5188 tritoremque
2379 5132 2552 5171 suum
2590 5112 3257 5187 recognoscersnt,quod
3287 5111 3488 5182 utique
3507 5110 3614 5167 bos

1963 5215 2020 5264 et
2042 5207 2244 5264 asinus
2271 5206 2426 5261 facit.
2450 5204 2653 5259 Altiori
2695 5207 2890 5257 autem
2921 5202 3238 5269 intellectu,
3264 5217 3368 5273 per
3386 5200 3613 5270 bovem,

1964 5297 2063 5370 qui
2088 5299 2361 5352 assuetus
2380 5298 2468 5349 est
2483 5294 2629 5347 ferre
2639 5292 2663 5362 j
2673 5295 2939 5363 ugum,et
2958 5294 3048 5346 est
3071 5290 3358 5345 mundum
3371 5289 3616 5361 animal,

1964 5387 2334 5460 signiﬁcatur
2367 5380 2617 5453 populus
2653 5378 3025 5447 Israeliticus,
3053 5378 3152 5451 qui
3178 5378 3323 5453 legis
3369 5379 3619 5451 portavit

1956 5469 2671 5549 jugum,munditiamque
2685 5467 2900 5524 mentis
2922 5486 2989 5525 ac
3002 5469 3260 5542 corporis
3280 5468 3616 5525 custodivit.

1961 5566 2177 5621 Asinus
2189 5578 2319 5618 vero
2339 5558 2592 5615 lascivus
2613 5562 2669 5615 et
2693 5559 3037 5615 immundus
3058 5561 3159 5631 qui
3181 5558 3455 5616 similiter
3469 5575 3621 5617 onus

1962 5656 2176 5734 portat,
2192 5648 2487 5727 significat
2516 5647 2794 5726 gentilem
2812 5648 3099 5726 populum
3129 5649 3385 5726 pondere
3410 5664 3618 5725 pecca~
