4060 6180
452 363 580 439 ’τεῦ

879 377 1288 441 HAYMONIS
1321 375 1863 438 HALBERSTAT.
1895 369 2142 434 EPISG.
2175 369 2344 429 OPP.
2377 371 2579 432 PARS
2611 374 2659 432 l.
2695 405 2773 416 --
2802 372 3209 434 COMMENT.
3241 372 3440 432 BIBL.

3737 357 3864 430 72'0

458 489 657 566 torum
687 513 1012 584 gravatum.
1043 509 1324 582 Cognovit
1369 526 1505 582 ergo
1556 509 1662 566 bos
1705 522 2103 582 possessorem
2130 501 2187 571 Α
2214 503 2458 560 vestris:
2484 505 2762 576 quoniam
2786 506 2986 562 omnia
3005 505 3272 562 membra
3290 509 3485 563 vestra
3521 503 3694 577 plena
3722 507 3870 560 sunt

459 597 730 666 suum,id
762 602 852 654 est
877 597 1067 654 Judaei
1089 597 1191 670 qui
1221 599 1454 654 credere
1475 597 1790 654 noluerunt
1809 597 1867 652 in
1895 597 2104 654 Filium

457 685 559 741 Dei
591 689 987 758 cognoverunt
1017 687 1208 753 illum,
1233 705 1268 742 a
1297 703 1412 759 quo
1442 687 1501 741 in
1537 688 1802 760 patribus
1832 687 1956 742 suis
1979 703 2107 758 pos-

457 773 604 830 sessi
636 773 888 830 fuerant.
923 774 1012 830 Illi
1043 775 1245 848 utique
1276 776 1347 830 de
1379 777 1594 848 quibus
1637 776 1934 848 loquitur:
1961 775 2108 842 Quia

457 877 578 918 una
607 861 701 918 die
731 863 1107 919 crediderunt
1133 865 1247 919 tria
1277 864 1464 920 millia
1513 866 1587 920 ad
1634 855 2105 936 praedicationem

457 950 880 1024 apostolorum,
913 951 1030 1008 alia
1059 953 1154 1008 die
1185 953 1445 1025 quinque
1490 953 1696 1020 millia,
1729 958 1786 1008 et
1833 954 2107 1026 deinceps

456 1039 648 1096 multa
684 1041 894 1097 millia.
927 1041 1207 1113 Cognovit
1232 1045 1289 1096 et
1317 1041 1520 1097 asinus
1566 1059 1820 1114 praesepe
1859 1041 2104 1109 domini,

456 1129 692 1200 quando
720 1128 971 1200 gentiles
990 1129 1366 1184 crediderunt
1383 1131 1726 1202 mysterium
1761 1131 2108 1187 incarnatio-

455 1215 550 1272 nis
571 1208 701 1272 Filii
723 1217 822 1272 Dei
852 1231 866 1272 :
892 1217 1016 1288 qui,
1030 1217 1183 1273 sicut
1209 1217 1270 1272 in
1290 1218 1602 1291 Evangelio
1623 1218 1854 1290 legitur,
1871 1221 2106 1291 quando

453 1309 632 1360 natus
661 1309 770 1372 est,
804 1305 1124 1361 reclinatus
1158 1311 1248 1362 est
1274 1324 1309 1361 a
1336 1311 1522 1363 matre
1560 1307 1621 1362 in
1650 1309 1952 1380 praesepio.
1973 1309 2107 1366 Istis

453 1397 652 1448 autem
681 1394 1171 1466 cognoscentibus
1213 1395 1400 1452 Deum
1450 1396 1676 1452 Patrem
1710 1396 2022 1452 cum'Filio
2051 1401 2110 1454 et

451 1479 676 1552 Spiritu
707 1485 930 1551 sancto,
965 1481 1143 1538 Israel
1173 1500 1289 1538 non
1322 1484 1593 1556 cognovit
1631 1501 1767 1540 eum
1791 1503 1805 1540 :
1833 1485 2106 1544 Pharisaei

451 1567 694 1640 scilicet,
723 1571 951 1640 scribae,
984 1570 1203 1644 aliique
1245 1573 1606 1640 Judaeorum,
1640 1573 1738 1646 qui
1772 1573 2110 1631 maluerunt

446 1655 513 1713 in
541 1656 886 1716 inﬁdelitate
916 1660 1286 1732 mori,quam
1317 1661 1377 1716 in
1403 1661 1706 1718 Christum
1729 1663 2106 1730 credere.Qui

449 1741 632 1804 Israel
661 1747 1068 1820 appellantur:
1095 1767 1211 1806 non
1243 1751 1401 1822 quod
1432 1751 1551 1806 veri
1573 1755 1771 1808 essent
1793 1753 2101 1810 Israelitze:

447 1830 732 1906 'qu'oniam
761 1836 950 1892 Deum
980 1841 1179 1894 mente
1207 1855 1322 1895 non
1341 1839 1637 1896 videbant.

527 1939 552 1972 α
582 1923 678 1980 νω
709 1925 870 1998 genti
917 1927 1250 2000 peccatrici,
1284 1928 1502 2002 populo
1549 1929 1712 2002 gravi
1771 1931 2100 2004 iniquitate,

447 2012 662 2092 semini
691 2015 1122 2086 nequam,filiis
1151 2017 1470 2073 sceleratis.
1497 2041 1526 2068 ››
1559 2019 1682 2074 Non
1711 2019 1826 2075 alia
1854 2037 1999 2092 gens
2044 2023 2104 2076 et

447 2095 604 2158 alius
632 2090 888 2176 populus
918 2103 1014 2159 hic
1043 2103 1350 2178 accipitur,
1387 2107 1488 2162 sed
1518 2107 1644 2178 ipse
1676 2107 1850 2164 Israel
1862 2090 1940 2163 vet
1959 2125 2102 2182 gens

449 2189 800 2262 appellatur,
833 2196 892 2248 et
913 2191 1190 2266 populus,
1221 2198 1278 2249 et
1306 2193 1411 2248 filii
1464 2194 1751 2251 scelerati.
1782 2196 1900 2268 Vae,
1933 2201 2101 2251 mter-

443 2269 594 2334 num
623 2279 1414 2354 supplicium,zeternamque
1447 2283 1884 2340 damnationem
1911 2289 2099 2340 sonat.

447 2367 639 2446 Judaei
668 2375 825 2442 ergo,
841 2369 942 2441 qui
975 2371 1272 2442 quondam
1302 2371 1408 2426 filii
1440 2371 1540 2428 Dei
1575 2377 1714 2428 sunt
1739 2373 2102 2446 appellati,in

445 2445 760 2530 praeceptis
787 2458 974 2530 patris
1005 2458 1098 2514 sui
1131 2459 1231 2514 Dei
1262 2461 1686 2532 omnipotentis
1708 2445 2100 2529 ambulantes,

447 2539 607 2600 nu'nc
634 2556 840 2601 semen
874 2563 1150 2618 nequam,
1181 2546 1405 2620 filiique
1454 2548 1717 2605 scelerati
1741 2550 2035 2619 dicuntur,
2069 2569 2105 2606 a

447 2635 746 2694 v'ol'u'ntate
772 2637 875 2693 Dei
907 2639 1206 2694 deviantes
1240 2657 1253 2694 :
1288 2640 1666 2712 minaturque
1713 2640 1796 2697 eis
1827 2647 2102 2698 aeternam

451 2725 1332 2800 damnationem,mternumqtie
1355 2727 1658 2784 interitum
1684 2747 1697 2784 :
1721 2747 1788 2785 eo
1819 2731 1970 2802 quod
2008 2746 2105 2785 no-

448 2811 679 2870 luerant
691 2826 1038 2887 cognoscere
1065 2815 1276 2871 Filium
1292 2816 1415 2882 Dei,
1432 2817 1760 2873 venientem
1784 2819 1857 2874 ad
1877 2819 2102 2874 redem-

447 2902 706 2974 ptionem
729 2919 899 2960 suam
925 2903 983 2958 in
1007 2906 1318 2960 mundum.
1337 2905 1432 2960 Sic
1453 2906 1628 2962 etiam
1655 2908 1726 2962 ab
1763 2907 1890 2980 ipso
1915 2908 2106 2964 Salva-

449 2993 576 3048 tore
606 2989 712 3046 filii
742 2992 980 3060 diaboli,
1011 2996 1068 3048 et
1097 2993 1396 3066 genimina
1425 2995 1778 3066 viperarum,
1803 3000 2102 3064 vocantur,

451 3079 686 3136 dicente
714 3079 814 3134 illo
846 3081 906 3135 in
934 3082 1245 3154 Evangelio
1281 3101 1294 3136 :
1331 3106 1357 3131 ‹‹
1394 3082 1508 3136 Vos
1559 3101 1626 3137 ex
1674 3089 1837 3154 patre
1876 3084 2105 3140 diabolo

451 3167 978 3247 eatis’(loan.viu).»
1000 3168 1090 3236 Et,
1117 3189 1137 3217 ιι
1162 3169 1470 3225 Gcnimina
1489 3171 1842 3242 viperarum,
1876 3172 2056 3244 fugite
2073 3191 2108 3229 a

451 3255 700 3310 Ventura
726 3253 815 3310 ira
843 3255 1046 3326 (Matth.
1079 3271 1149 3324 v;
1181 3257 1312 3310 Luc.
1345 3257 1451 3328 ιιι),
1489 3280 1516 3305 ››
1573 3281 1600 3308 ‹‹

453 3340 768 3398 Dominum
779 3340 1356 3414 ,biasphemaverunt
1369 3351 1639 3402 sanctum
1655 3347 1832 3403 Israel
1859 3365 1872 3404 :
1901 3349 2110 3406 abalie-

454 3427 578 3486 n‘ati
608 3433 756 3486 sunt
783 3433 1127 3487 retrorsum.
1147 3455 1176 3480 »
1199 3431 1515 3490 Dominum
1540 3435 1724 3492 Deum
1746 3437 2108 3510 omnipoten-

449 3521 573 3575 tem
629 3517 1088 3592 dereliquerunt,
1120 3521 1356 3594 quando
1405 3522 1796 3582 adoraverunt
1839 3527 2014 3598 idola,
2047 3533 2107 3585 et

446 3607 690 3682 quando
720 3606 932 3665 Filium
962 3611 1095 3681 ejus
1124 3627 1240 3666 non
1273 3617 1638 3684 receperuut.
1659 3613 2103 3688 Blasphemave-

447 3697 592 3754 runt
610 3701 884 3756 sanctum
907 3697 1170 3766 lsrael,id
1190 3699 1607 3766 est,Christum
1626 3701 1839 3759 Filium
1854 3705 1953 3761 Dei
1967 3705 2102 3774 vivi,

448 3787 685 3860 quando
697 3787 970 3844 dixerunt
991 3787 1136 3858 illi,«
1153 3789 1516 3846 Daemonium
1539 3791 1909 3864 habes(loan..
1925 3797 2098 3864 vnn).-

445 3875 536 3948 Εἰ,
569 3899 598 3929 ‹‹
631 3876 1040 3934 samaritanus
1068 3895 1130 3934 es
1161 3877 1370 3949 (111211.).
1406 3901 1434 3928 »
1465 3879 1537 3934 Et
1572 3879 1832 3954 insuper,
1867 3884 2102 3955 quando

445 3962 624 4022 livido
667 3967 766 4022 ere
814 3965 1327 4024 conclamaverunt
1365 3966 1666 4026 dicentes:
1701 3992 1729 4019 ‹‹
1763 3970 1888 4026 Non
1919 3971 2102 4028 habe-

449 4069 584 4109 mus
614 4069 810 4126 regem
833 4053 946 4110 nisi
968 4055 1254 4112 Caesarem
1281 4055 1444 4124 (lbz'd.
1465 4074 1618 4112 XIX.»
1640 4058 1712 4113 Et
1731 4058 1951 4126 aliter,«
1967 4060 2104 4116 Cru-

443 4132 926 4214 'ciﬁge,crucitige
946 4141 1128 4198 istum
1151 4143 1358 4214 (Matth.
1390 4162 1569 4214 xxvu;
1601 4147 1733 4202 Luc.
1761 4152 1948 4218 nm);
1974 4172 2001 4198 »
2023 4153 2101 4216 et,

513 4227 751 4286 Dimitte
799 4229 971 4286 nobis
1023 4231 1349 4288 Barabbam
1380 4233 1590 4303 (Ibid.).
1629 4257 1656 4284 ››
1688 4235 2102 4308 Blasphemare

451 4307 650 4374 autem
682 4320 774 4375 est
803 4333 816 4374 :
850 4317 1268 4375 contumeliam
1298 4319 1386 4376 vel
1408 4321 1737 4379 convicium
1757 4307 1994 4396 aliquod
2021 4327 2104 4382 in-

447 4405 617 4463 ferre.
647 4405 794 4482 Quia
820 4423 954 4466 vero
977 4407 1418 4481 dereliquerunt
1446 4411 1717 4478 Deum,et
1737 4411 2104 4485 blasphema-

445 4495 656 4553 ve'runt
683 4495 1006 4565 Christum,
1043 4496 1357 4554 abalienati
1391 4503 1532 4554 sunt
1562 4501 1968 4569 retrorsum,id
1991 4507 2098 4572 est,

2135 1873 2182 1938 B

2213 591 2574 650 vulneribus.
2605 594 2890 651 Adhibuit
2937 593 3150 666 saepius
3179 594 3562 665 curationem,
3593 593 3647 650 ci
3689 593 3867 649 modo

2215 680 2438 736 nullam
2461 687 2689 754 partem
2721 683 2949 738 invenio
2981 701 3108 757 quae
3139 701 3256 738 non
3287 683 3366 740 sit
3385 685 3514 754 jam
3561 699 3864 755 percussa,

2215 768 2503 842 plenaque
2525 771 2844 845 plagis.Vel
2866 777 3021 827 certe
3043 777 3234 844 potest
3254 771 3501 842 intelligi
3523 771 3638 826 ita:
3665 769 3870 826 Nullas

2216 857 2446 912 invenio
2488 858 2712 930 plagas,
2747 877 2933 931 neque
2965 859 3086 914 ulla
3117 859 3364 932 flagella,
3397 861 3613 932 quibus
3644 859 3869 932 possim

2215 946 2483 1019 frangere
2511 947 2789 1004 duritiam
2821 949 3014 1005 cordis
3048 948 3220 1004 vestri
3254 966 3268 1004 :
3304 949 3441 1021 quia
3481 964 3595 1020 quo
3645 949 3872 1019 majora

2215 1041 2358 1090 sunt
2383 1040 2692 1104 tormenta,
2709 1055 2776 1093 eo
2797 1037 3058 1110 amplius
3077 1039 3288 1093 crescit
3307 1037 3865 1110 impietas,murmu-

2217 1123 2384 1189 ratio,
2417 1129 2593 1196 atque
2625 1125 2901 1197 superbia
2932 1125 3288 1182 rebellionis.
3312 1125 3538 1192 Quibus
3555 1124 3748 1181 verbis
3762 1125 3874 1181 sic.

2218 1217 2287 1267 ut
2334 1213 2539 1269 beatus
2569 1214 2956 1288 Hieronymus
2984 1215 3066 1270 ait
3097 1231 3112 1268 :
3145 1215 3618 1270 Animadvertere
3659 1229 3864 1286 possu-

2217 1317 2351 1358 mus
2380 1301 2595 1358 idcirco
2627 1304 2810 1360 Deum
2841 1310 3142 1374 percutere
3171 1304 3601 1376 delinquentes,
3633 1305 3696 1358 ut
3735 1317 3871 1358 cor-

2214 1391 2410 1462 rigat:
2445 1396 2510 1446 ut
2557 1409 2673 1448 non
2724 1397 2846 1448 tam
2897 1409 3070 1465 poena
3126 1393 3204 1448 sit
3259 1392 3344 1448 eis
3403 1391 3662 1458 afflictio,
3686 1404 3871 1464 quam

2214 1480 2745 1548 emendatio.Quod
2780 1499 2897 1538 non
2923 1483 3100 1538 fuerit
3128 1482 3292 1539 locus
3323 1481 3590 1554 aptus,in
3621 1497 3739 1553 quo
3763 1496 3875 1555 po-

2214 1568 2426 1624 tuisset
2468 1569 2555 1626 eis
2602 1569 2958 1626 medicinam
3005 1569 3304 1627 salubrem
3347 1570 3579 1641 inferre,
3612 1569 3876 1626 declarat

2214 1671 2350 1712 cum
2381 1655 2578 1712 infert.
2603 1681 2630 1708 «
2665 1661 2852 1715 Omne
2883 1663 3060 1731 caput
3089 1658 3460 1732 languidum,
3483 1661 3540 1715 et
3567 1675 3742 1716 omne
3771 1674 3876 1716 cor

2214 1760 2490 1802 mmrens.
2509 1769 2536 1794 ››
2565 1745 2712 1813 Quia
2739 1747 2924 1820 igitur
2954 1745 3108 1803 inter
3128 1764 3335 1804 omnes
3356 1761 3566 1804 sensus
3585 1747 3872 1820 corporis,

2215 1837 2273 1889 et
2301 1833 2455 1890 inter
2500 1835 2700 1890 omnia
2742 1835 3032 1907 membra,
3062 1834 3558 1909 principalitatem
3592 1837 3874 1908 quodam-

2215 1923 2388 1978 modo
2418 1922 2644 1978 obtinet
2673 1929 2870 1996 caput,
2901 1925 2960 1980 in
2985 1925 3160 1981 corde
3181 1941 3412 1997 quoque
3441 1925 3758 1998 requiescit
3773 1925 3876 1982 do-

2211 2011 2401 2067 ctrina
2420 2016 2477 2068 et
2499 2011 2787 2084 sapientia
2809 2031 2823 2068 :
2851 2029 2966 2068 non
2995 2015 3456 2086 incompetenter
3471 2013 3874 2086 metaphoric'e

2211 2117 2316 2172 per
2342 2105 2519 2173 caput
2546 2099 2840 2174 principes
2867 2119 2901 2157 a
2931 2103 3148 2174 quibus
3174 2102 3398 2176 regitur
3419 2101 3694 2174 populus,
3717 2102 3873 2159 sicut

2210 2205 2244 2244 a
2263 2189 2451 2262 capite
2472 2191 2738 2245 membra
2761 2207 2774 2246 :
2798 2195 2858 2246 et
2874 2207 2976 2264 per
2995 2207 3096 2247 cor
3117 2190 3530 2265 intelliguntur
3550 2191 3868 2264 sapientes,

2213 2279 2612 2350 doctoresque.
2659 2279 2864 2347 Omne,
2919 2279 3130 2352 inquit,
3183 2285 3360 2353 caput
3399 2279 3772 2353 languidum,
3803 2285 3867 2337 et

2211 2383 2384 2421 omne
2413 2384 2514 2422 cor
2541 2385 2794 2424 moerens
2823 2373 2931 2438 est,
2952 2369 3061 2425 hoc
3091 2374 3200 2438 est,
3226 2387 3260 2425 a
3290 2369 3660 2442 principibus
3679 2379 3872 2444 usque

2213 2457 2284 2510 ad
2319 2457 3133 2531 meudicum,extremamque
3165 2458 3428 2530 plebem;
3463 2463 3522 2515 et
3551 2475 3586 2515 a
3614 2459 3870 2516 doctori-

2213 2544 2327 2601 bus
2343 2562 2529 2617 usque
2545 2546 2618 2600 ad
2647 2546 2984 2618 imperitum
3008 2552 3184 2620 atque
3196 2547 3497 2603 indoctum
3511 2545 3872 2622 vulgus,non

2213 2637 2302 2689 est
2337 2633 2561 2690 sanitas
2578 2635 2830 2692 mentis:
2857 2636 2956 2692 sed
2975 2652 3180 2693 omnes
3210 2635 3488 2692 inﬁrmati
3520 2641 3663 2692 sunt
3682 2637 3744 2692 in
3767 2637 3874 2692 im~

2213 2723 2530 2794 pietatibus
2549 2723 3023 2797 suis,omnesque
3041 2725 3354 2782 tabescunt
3375 2727 3434 2780 in
3456 2726 3870 2798 iniquitatibus

2215 2811 2358 2868 suis.
2391 2811 2555 2868 Sicut
2599 2830 2736 2886 ergo
2793 2813 2994 2870 lzetitia
3049 2815 3232 2870 animi
3291 2815 3586 2871 interdum
3638 2813 3871 2872 dolores

2213 2901 2473 2972 corporis
2503 2905 2816 2973 temperat;
2846 2907 2905 2958 et
2933 2903 2982 2958 si
3015 2903 3088 2958 ad
3136 2904 3573 2976 aegrotationem
3606 2903 3869 2978 corporis

2214 2990 2452 3046 accedat
2471 2989 2722 3063 languor
2750 2989 2983 3060 mentis,
3003 2991 3340 3064 duplicatur
3368 2991 3714 3060 inﬁrmitas;
3739 2997 3798 3048 et
3818 2992 3870 3048 si

2213 3080 2391 3149 caput
2409 3077 2888 3144 doluerit,omnia
2906 3078 3127 3134 membi
3141 3095 3174 3134 a
3189 3079 3406 3136 debilia
3425 3084 3566 3136 sunt
3587 3097 3600 3136 :
3625 3079 3712 3136 ita
3733 3095 3872 3152 quo-

2214 3183 2329 3238 que
2359 3166 2573 3239 pepulo
2597 3167 2930 3223 infirmante
2951 3167 3011 3224 in
3034 3184 3164 3224 SUIB
3182 3168 3606 3240 impietatibus,
3633 3170 3683 3225 si
3710 3169 3864 3243 prin‘

1663 3240 2109 3332 Derelique'runt
2135 3240 2180 3309 Ε
2215 3255 2375 3328 cipes
2415 3261 2472 3312 et
2509 3257 2775 3313 doctores
2824 3261 3042 3313 statum
3093 3258 3463 3314 rectitudinis
3509 3240 3866 3326 servassent,

2215 3349 2514 3418 utcunque
2531 3345 2817 3402 medelam
2836 3345 3046 3403 salutis
3067 3350 3389 3403 nereretur
3409 3347 3563 3403 idem
3586 3347 3862 3420 populus.

2213 3434 2326 3490 Sed
2360 3435 2638 3508 quoniam
2668 3434 2849 3491 simul
2881 3451 3088 3492 omnes
3132 3435 3418 3492 debilitati
3466 3441 3627 3503 sunt,
3649 3436 3863 3492 idcirco

2211 3522 2557 3596 prolongata
2571 3529 2660 3580 est
2689 3524 2762 3580 ab
2789 3522 2874 3580 eis
2905 3523 3087 3596 salus,
3107 3541 3132 3580 τ’
3191 3523 3482 3580 medicina
3505 3523 3859 3580 animarum.

2213 3608 2376 3666 Unde
2405 3614 2462 3664 et
2491 3610 2759 3682 sequitur
2790 3627 2804 3666 :

2283 3721 2311 3748 ‹‹
2344 3699 2391 3754 Α
2415 3697 2616 3771 planta
2646 3700 2814 3772 pedis
2842 3716 3032 3774 usque
3080 3702 3152 3756 ad
3201 3702 3476 3759 verticem
3527 3715 3646 3758 non
3690 3701 3859 3758 estin

2211 3803 2278 3844 eo
2309 3787 2552 3845 sanitas.
2570 3811 2598 3838 ››
2631 3788 2833 3845 Servat
2864 3788 3294 3862 metaphoram,
3317 3795 3376 3846 et
3413 3789 3576 3859 dicit,
3607 3805 3646 3846 a
3665 3789 3860 3862 planta

2209 3877 2375 3950 pedis
2394 3893 2583 3950 usque
2603 3877 2677 3933 ad
2698 3876 2990 3934 verticem.
3011 3879 3070 3934 Id
3091 3882 3182 3934 est
3201 3879 3275 3934 ab
3301 3878 3656 3934 humillimis
3678 3881 3860 3952 usque

2209 3969 2284 4023 ad
2315 3983 2602 4035 summos,
2633 3971 2692 4022 et
2723 3967 2796 4022 ab
2823 3966 3090 4024 extremis
3127 3983 3316 4039 usque
3364 3969 3434 4024 ad
3470 3968 3716 4041 primos,
3747 3975 3854 4024 non

2209 4073 2338 4114 esse
2360 4057 2618 4129 aliquem
2650 4055 2899 4112 sanitate
2929 4057 3144 4112 mentis
3187 4058 3512 4114 ﬂorentem.
3549 4081 3576 4108 ι‹
3609 4055 3853 4128 Vulnus,

2209 4152 2268 4204 et
2295 4147 2460 4219 livor,
2493 4151 2550 4201 et
2593 4145 2766 4218 plaga
2814 4149 3049 4202 tumens
3083 4163 3096 4201 :
3132 4162 3248 4202 non
3300 4151 3390 4202 est
3431 4146 3848 4219 circumligata,

2211 4253 2316 4292 nec
2345 4239 2548 4292 curata
2575 4234 2986 4303 medicamine,
3023 4251 3213 4306 neque
3243 4235 3363 4290 fota
3399 4234 3548 4291 oleo.
3575 4257 3604 4285 ››
3635 4235 3848 4291 Vulnus

2209 4323 2441 4398 proprie
2471 4326 2578 4392 est,
2592 4323 2748 4395 quod
2781 4323 2848 4378 ﬁt
2873 4339 3009 4379 cum
3043 4322 3462 4380 baculo.Livor
3499 4327 3698 4382 autem
3733 4324 3846 4380 ver

2207 4413 2505 4470 beratione
2527 4413 2844 4486 virgarum.
2865 4411 3043 4485 Plaga
3071 4429 3306 4485 quoque
3337 4417 3598 4478 tumens,
3631 4413 3751 4470 sive
3769 4413 3846 4468 ἱηο

2209 4502 2440 4572 ﬂata,fit
2460 4501 2808 4574 plerumque
2827 4497 3397 4574 gladio,plerumque
3415 4502 3852 4560 baculo.Notan-

442 4581 584 4675 vitm
615 4583 960 4675 debuissent
985 4599 1228 4657 gressus
1256 4601 1504 4675 operum
1535 4603 1779 4642 suorum
1813 4589 1885 4644 ad
1935 4594 2096 4646 antc-
2127 4609 2175 4675 D
2209 4592 2374 4657 dum,
2406 4591 2561 4663 quod
2593 4590 2714 4645 haec
2741 4590 2918 4646 verba
2947 4589 3282 4662 specialiter
3317 4591 3617 4664 pertinent
3643 4593 3715 4648 ad
3747 4591 3851 4648 Do-

445 4670 600 4727 nam
627 4671 898 4744 dirigere,
932 4677 989 4727 et
1019 4676 1302 4744 praecepta
1329 4674 1744 4730 mandatorum
1787 4676 1885 4731 Dei
1908 4679 2097 4751 sequi,

439 4759 770 4815 secundum
803 4761 956 4831 quod
989 4759 1074 4815 eis
1119 4761 1342 4815 dictum
1391 4765 1501 4830 est,
1536 4785 1562 4811 ‹‹
1599 4763 1735 4818 Post
1779 4765 2095 4825 Dominum

438 4846 628 4905 Deum
653 4851 912 4904 vestrum
957 4847 1254 4904 ambulate
1283 4847 1425 4919 (Ose.
1453 4853 1530 4919 x1)
1563 4867 1575 4906 :
1615 4874 1642 4901 ››
1691 4852 1866 4910 alieni
1915 4874 1949 4912 a
1984 4859 2094 4915 Dco

443 4936 820 5006 ell’e'cti,rctro
851 4937 1116 4992 conversi
1150 4941 1290 4992 sunt
1321 4939 1392 4992 ad
1425 4939 1768 5012 iniquitates
1801 4961 1940 5001 suas
1966 4964 1979 5001 :
2011 4948 2092 5002 fa-

437 5025 668 5084 cientes
691 5028 896 5082 contra
917 5024 973 5080 id
997 5025 1153 5097 quod
1178 5025 1346 5098 prmci
1356 5027 1438 5098 pit
1459 5027 1755 5088 Salvator:
1780 5033 1880 5100 Ne,
1897 5053 2097 5112 appre

437 5113 626 5174 henso
657 5118 874 5184 aratro,
906 5113 1182 5186 respiciat
1212 5115 1346 5186 quis
1373 5122 1506 5189 post
1541 5121 1788 5192 tergum.

514 5227 543 5255 ‹‹
579 5205 769 5278 Super
795 5220 911 5277 quo
941 5204 1264 5277 percutiam
1295 5224 1397 5262 vos
1427 5205 1603 5277 ultra,
1639 5209 1920 5267 addentes
1950 5231 2094 5285 pra:-

440 5292 898 5351 varicationem?
929 5316 957 5344 ››
987 5293 1110 5350 Vox
1157 5294 1260 5350 Dei
1306 5297 1726 5368 omnipotentis
1757 5300 1830 5354 ad
1861 5301 2094 5358 Judaeo’s

439 5377 736 5456 ’ve'cord‘es,
751 5400 854 5456 per
879 5383 1223 5456 Prophetam
1245 5384 1541 5456 loquentis
1565 5401 1578 5439 :
1604 5387 1792 5459 Super
1811 5405 1948 5461 quo,
1974 5391 2093 5448 sive

441 5468 505 5526 i’n
525 5473 651 5543 ‘qno
673 5471 807 5528 loco
838 5473 1162 5544 percutiam
1191 5490 1293 5530 vos
1325 5474 1498 5543 ultra,
1532 5475 1630 5546 qui
1681 5477 1895 5533 additis
1936 5495 2088 5536 sem-

2210 4681 2353 4736 mini
2385 4681 2724 4751 adventum,
2747 4682 2804 4734 et
2833 4679 2904 4734 ad
2937 4677 3208 4734 ultimam
3229 4680 3617 4737 vastationem
3637 4681 3854 4738 Judaeo~

2205 4787 2358 4826 rum.
2393 4768 2693 4840 Siquidem
2743 4766 2914 4840 plaga
2961 4767 3282 4840 impietatis
3331 4785 3555 4834 eorum.
3591 4787 3698 4843 pro
3745 4777 3852 4843 qua

2203 4858 2364 4915 ducti
2395 4861 2534 4914 sunt
2563 4857 2623 4912 in
2646 4855 3237 4929 Babylonem,postea
3258 4863 3460 4914 curata
3489 4863 3598 4928 est,
3621 4859 3851 4932 quando

2203 4949 2313 5006 sub
2343 4945 2658 5003 Zorobabcl
2679 4945 2930 5018 aliisque
2954 4945 3204 5003 ducibus
3247 4949 3462 5004 reversi
3492 4953 3635 5004 sunt
3666 4949 3741 5005 de
3766 4965 3848 5004 ca-

2203 5037 2486 5110 ptivitate,
2517 5035 2918 5108 templumque
2948 5037 3327 5106 postmodum
3358 5033 3849 5094 mzediﬁcaverunt

2204 5127 2252 5200 (I
2278 5125 2436 5180 Esdr.
2469 5125 2546 5196 v).
2580 5127 2942 5196 Quapropter
2988 5125 3062 5180 ad
3093 5129 3415 5181 extremam
3457 5125 3845 5198 captivitatem

2206 5214 2506 5270 referenda
2525 5216 3006 5286 sunt,postquam
3030 5213 3258 5270 nullum
3283 5215 3612 5271 remedium
3636 5229 3847 5272 merue~

2204 5305 2480 5361 runt.Sed
2493 5302 2837 5375 impleturin
2853 5301 2938 5357 eis
2955 5303 3112 5374 quod
3126 5302 3220 5359 hic
3232 5302 3374 5359 dicit
3386 5303 3674 5378 Propheta
3688 5321 3702 5360 :
3717 5300 3845 5359 Vul-

2201 5412 2314 5451 nus
2337 5392 2656 5464 malitizn,ct
2681 5390 2828 5445 livor
2851 5389 3841 5466 iniquitatis,plagaque.ludaeornm

2198 5488 2454 5551 tumens,
2486 5481 2546 5536 id
2583 5483 2694 5549 est,
2727 5483 3035 5551 peccatum
3083 5478 3318 5536 illorum
3372 5480 3642 5536 inﬂatum
3676 5484 3842 5552 atque

433 5558 1091 5632 ‘per‘p'raavaricationem
1104 5561 1133 5616 7
1149 5563 1230 5617 Ac
1244 5563 1292 5617 si
1317 5563 1537 5619 diceret
1557 5561 1691 5619 aliis
1702 5565 1892 5620 verbis
1922 5583 1935 5622 :
1961 5567 2086 5624 Non
2195 5573 2540 5637 distentum,
2554 5585 2668 5624 non
2699 5571 2788 5624 est
2807 5567 3280 5642 circumligatum
3303 5559 3746 5625 linteaminibus
3761 5569 3840 5622 at-

435 5644 670 5707 ih‘ve‘nio
701 5663 878 5722 quam
922 5647 1272 5706 medicinam
1321 5651 1543 5726 possim
1589 5651 1864 5710 adhibere
1892 5654 2084 5731 plagis
2193 5679 2306 5738 que
2337 5659 2593 5718 fasciolis
2622 5657 2974 5730 orationum,
3010 5673 3114 5715 nec
3144 5663 3420 5716 curatum
3442 5658 3637 5732 alian
3657 5655 3838 5714 medio
