4048 6190
227 360 334 435 721

1184 357 1189 363 ·
1291 365 1693 427 COMMENT.
1742 366 1820 425 IN
1866 365 2160 443 ISAIAM.
2194 402 2271 413 --
2312 369 2460 430 LIB.
2510 370 2558 430 ι.

3507 382 3629 458 733

216 491 437 593 samiae
470 492 760 593 bonorum
792 511 1057 593 operum,
1091 512 1279 570 neque
1309 498 1516 567 fotum,
1553 498 1609 555 id
1644 503 1751 565 est,
1775 517 1865 556 ca-
1892 499 1946 568 Α
1977 498 2084 593 rba
2104 499 2327 558 similes
2343 520 2629 560 essemus.
2650 528 2676 555 ››
2702 507 2814 563 lloc
2832 507 2904 565 de
2921 508 3183 582 reliquiis
3203 512 3629 593 apostolorum,

210 582 459 643 lefacum
482 581 571 638 vel
603 587 873 640 curatum
905 584 1030 642 oleo
1060 586 1434 659 paenitentiae.
1469 589 1583 645 Nec
1620 588 1860 661 mirum,

206 674 257 731 si
292 672 524 728 illorum
557 672 733 746 plaga
762 691 877 730 non
917 679 1008 732 est
1039 680 1260 744 curata,
1296 678 1513 751 quippe
1565 696 1699 735 cum
1746 680 1861 752 ipsi

207 761 543 836 piissimum
578 763 870 819 medicum
904 765 975 820 ad
1005 780 1065 820 se
1095 766 1345 822 missum
1378 769 1750 839 pcremerint.

280 874 307 900 «ι
340 852 518 907 Terra
565 856 759 908 vestra
807 853 1038 909 deserta
1072 877 1098 903 ››
1134 854 1353 911 scilicet
1398 857 1508 911 erit
1536 880 1563 907 ‹‹
1598 857 1860 915 civitates

203 944 407 997 νθειτω
438 956 735 998 succensae
764 941 907 1015 igni.
933 943 1249 1015 Regioncm
1274 949 1525 1001 vestram
1551 964 1745 1002 coram
1768 966 1862 1004 vo-

207 1028 298 1085 bis
326 1028 501 1084 alieni
532 1029 813 1085 devorant
843 1054 872 1081 υ
907 1049 1010 1103 pro
1040 1048 1107 1088 eo
1136 1034 1291 1104 quod
1339 1036 1427 1089 est
1475 1035 1857 1103 dcvorabunt,

209 1142 236 1168 ι(
268 1121 327 1174 et
355 1117 721 1175 desolabitur
750 1119 975 1176 sicutin
1000 1121 1270 1178 vastitate
1300 1121 1517 1181 hostili.
1550 1146 1575 1172 ››
1600 1126 1727 1180 llaec
1748 1126 1858 1181 sub

209 1205 542 1279 Babyloniis
572 1223 642 1263 ex
660 1212 825 1280 parte
850 1208 1143 1281 completa
1165 1213 1325 1277 sunt,
1340 1210 1597 1268 incensis
1619 1213 1860 1269 civitati-

205 1295 337 1363 bus,
376 1294 735 1353 Hierusalem
756 1298 1054 1366 subversa,
1070 1301 1126 1354 et
1147 1300 1536 1357 Samaritanis
1559 1302 1856 1374 regionem

203 1399 408 1439 eorum
437 1381 848 1453 incolentibus,
883 1390 1119 1458 totaque
1165 1391 1320 1444 terra
1369 1392 1524 1445 terra
1570 1391 1854 1460 desolata,

203 1470 500 1527 intantum
521 1472 913 1530 utaleonibus
933 1479 1283 1531 vastaretur.
1298 1477 1409 1533 Sed
1431 1477 1664 1549 plenius
1681 1484 1856 1551 atque

202 1561 519 1635 perfectius
548 1562 659 1619 sub
690 1562 1085 1620 Romanorum
1106 1566 1358 1622 adventu
1380 1567 1671 1640 completa
1692 1574 1853 1638 sunt,

201 1667 330 1723 quae
359 1651 611 1709 vastatio
643 1668 830 1723 usque
860 1653 932 1709 ad
977 1654 1155 1710 ﬁnem
1204 1656 1411 1712 mundi
1464 1658 1852 1729 permanebit,

201 1739 619 1814 regionemque
638 1740 973 1799 Judaaorum
1001 1741 1173 1799 alieni
1201 1760 1397 1801 coram
1420 1744 1504 1802 eis
1524 1748 1850 1803 comedent.

268 1853 296 1881 α
322 1831 402 1886 Et
419 1828 858 1902 derelinquetur
878 1830 1000 1888 filia
1021 1832 1161 1888 Sion
1187 1836 1251 1888 ut
1272 1834 1685 1891 umbraculum
1703 1836 1760 1891 in
1778 1836 1857 1892 vi-

201 1936 329 1987 nea,
365 1922 427 1975 et
454 1918 607 1976 sicut
628 1919 929 1992 tugurium
958 1920 1013 1976 in
1036 1922 1525 1989 cucumerario,et
1545 1924 1699 1980 sicut
1718 1924 1856 1980 civi-

1972 587 2340 679 aliorumque
2384 592 2665 663 ﬁdelium,
2698 598 2787 651 est
2835 596 3307 671 intelligendum,
3341 602 3445 676 qui
3495 587 3630 679 post

1971 677 2202 733 Domini
2236 681 2549 737 adventum
2573 683 2944 741 crediderunt
2966 704 3035 743 ex
3055 688 3297 757 Judaais,
3313 692 3385 764 de
3408 677 3629 766 quibus

1972 766 2184 821 dicitur
2212 767 2272 823 in
2304 770 2545 853 Actibus
2578 774 2972 844 apostolorum
3002 776 3137 845 (Act.
3170 779 3235 848 ιι)
3270 795 3283 834 :
3320 781 3474 853 quod
3506 799 3627 847 una

1970 856 2062 911 die
2093 857 2465 913 crediderunt
2498 861 2608 916 tria
2639 862 2839 929 millia,
2866 864 2979 921 alia
2999 866 3093 922 die
3123 866 3385 941 quinque
3415 870 3639 945 millia,

1969 949 2026 999 et
2056 945 2333 1019 deinceps
2362 948 2549 1003 multa
2572 950 3070 1026 millia.Egregius
3102 973 3331 1029 quoque
3352 959 3627 1030 praedica-

1968 1036 2079 1105 tor,
2114 1034 2171 1088 in
2204 1035 2462 1107 Epistola
2492 1038 2565 1091 ad
2602 1040 2894 1095 Romanos
2925 1042 2994 1097 de
3026 1043 3235 1100 iisdem
3258 1045 3523 1120 reliquiis
3542 1048 3624 1114 ita

1967 1121 2263 1195 loquitur:
2293 1147 2321 1175 «
2346 1125 2628 1198 Reliquiae
2662 1130 2987 1186 secundum
3033 1131 3376 1190 electionem
3422 1120 3623 1210 gratias

1968 1210 2138 1267 salvae
2169 1212 2333 1268 facta:
2365 1218 2508 1270 sunt
2538 1217 2713 1283 (Rom.
2736 1220 2841 1285 χι.)
2867 1240 2894 1266 ››
2916 1218 3070 1275 Dicit
3092 1238 3228 1294 ergo
3250 1222 3537 1298 Propheta
3554 1243 3626 1283 ex

1966 1314 2217 1370 persona
2245 1300 2750 1376 sua,ali0rumquc
2786 1303 3046 1361 fidelium
3079 1324 3149 1363 ex
3178 1308 3383 1367 eadem
3413 1310 3619 1383 plebe:

1965 1386 2089 1442 Nisi
2113 1388 2399 1446 Dominus
2421 1391 2802 1461 exercituum,
2822 1394 2915 1449 cui
2940 1395 3201 1452 serviunt
3221 1397 3508 1471 exercitus
3520 1417 3624 1465 an-

1965 1475 2591 1550 gelorum,reliquissct
2608 1481 2778 1537 nobis
2796 1484 3085 1551 semen,in
3105 1485 3388 1557 apostolis
3399 1503 3627 1555 eorum-

1964 1581 2076 1636 que
2094 1566 2630 1637 sequacibus,sicut
2647 1570 2962 1625 Sodomita:
2979 1575 3037 1626 et
3053 1574 3437 1632 Gomorrhitaa
3455 1593 3627 1650 prop-

1964 1656 2052 1709 ter
2068 1658 2306 1726 peccata
2320 1672 2428 1711 sua
2442 1656 2848 1729 perierunt,ita
2858 1662 2916 1714 et
2927 1659 3118 1716 omnis
3134 1665 3335 1719 nostra
3346 1665 3624 1738 prosapia

1963 1746 2200 1814 peccato
2232 1743 2607 1801 inﬁderitatis
2628 1746 2876 1817 perdita,
2895 1749 3130 1819 penitus
3147 1756 3616 1823 consumeretur.

2037 1854 2064 1881 «
2092 1831 2304 1888 Audite
2332 1833 2577 1889 verbum
2598 1834 2854 1901 Domini,
2871 1837 3166 1909 principes
3188 1839 3577 1909 Sodomorum
3600 1858 3616 1899 :

1966 1919 2249 1992 percipite
2278 1920 2525 1977 auribus
2577 1920 2767 1994 legem
2816 1922 2918 1979 Dei
2968 1916 3174 1994 nostri,
3209 1924 3462 1999 populus
3505 1928 3617 1989 Go-

199 2011 441 2080 tasquae
468 2010 749 2065 vastatur.
776 2030 804 2057 »
828 2007 1164 2065 Similitudo
1195 2010 1541 2068 vastationis
1570 2011 1771 2085 templi
1798 2016 1859 2069 et
1968 2007 2236 2063 morrhw-
2274 2031 2301 2057 η
2334 2010 2594 2066 Τι’θιάίῐίο
2624 2011 2964 2068 Judworum
2987 2017 3094 2082 est,
3112 2017 3178 2069 ut
3200 2014 3405 2077 beatus
3428 2016 3621 2083 “iero-

198 2095 566 2161 Hierusalem
595 2096 852 2153 sumitur
867 2097 931 2153 at
959 2097 1360 2171 agricolis,qui
1379 2099 1642 2172 quandiu
1662 2100 1854 2172 vinea,

197 2186 373 2261 plena
402 2189 493 2242 est
523 2186 672 2252 uvis,
706 2204 903 2259 ponun
961 2189 1235 2245 custodes
1268 2189 1326 2244 in
1371 2191 1752 2247 umbraculis.
1790 2192 1854 2247 In

193 2276 599 2337 cucumerario
637 2292 869 2349 quoque
896 2279 1025 2347 (ure
1058 2294 1173 2349 quo
1223 2279 1604 2352 Septuaginta
1655 2297 1851 2351 pomo-

190 2381 317 2424 rum
342 2364 686 2431 custodiam
715 2364 1164 2438 transtulerunt)
1197 2368 1347 2423 fiunt
1371 2368 1625 2440 tuguria,
1646 2369 1705 2424 id
1727 2373 1838 2437 cst,

186 2468 373 2525 parva:
407 2450 641 2520 casulae,
672 2455 908 2524 propter
931 2453 1199 2509 ardorem
1232 2453 1374 2510 solis
1404 2471 1470 2511 ac
1500 2455 1694 2512 radios
1745 2458 1850 2513 de-

190 2541 522 2609 clinandos,
554 2541 802 2613 indeque
830 2541 915 2597 vel
950 2542 1218 2599 homines
1237 2543 1327 2599 vel
1351 2544 1630 2601 bestiolas
1662 2545 1841 2617 repel-

189 2628 337 2697 lunt,
371 2646 506 2702 quas
538 2645 744 2686 nocere
775 2629 963 2687 solent
982 2631 1135 2686 natis
1157 2631 1721 2704 frugibus.Collectis
1742 2651 1842 2715 au-

193 2723 307 2783 tem
337 2717 681 2774 istiusmodi
706 2718 1014 2784 fructibus,
1033 2722 1090 2775 et
1114 2721 1358 2776 custode
1381 2722 1853 2794 recedente,quia

196 2822 307 2869 non
340 2806 526 2862 habet
554 2806 711 2878 quod
744 2806 899 2862 ultra
929 2807 1008 2862 ibi
1042 2812 1250 2874 servet,
1284 2813 1590 2865 remanent
1629 2810 1854 2866 arentia

198 2894 551 2953 umbracula
564 2896 875 2951 fructicum
889 2896 1221 2969 easulzeque
1233 2898 1853 2957 destructm.Similiter

194 2985 573 3057 omnipotens
598 2984 754 3041 Deus
781 2986 1071 3042 desertam
1095 2986 1232 3042 fecit
1254 2986 1612 3043 Hierusalem
1631 2991 1687 3043 et
1702 2990 1851 3044 tem-

156 3061 161 3075 ’
194 3072 385 3146 plum,
419 3072 701 3146 pepulum
733 3090 968 3146 quoque
991 3074 1404 3148 dercliquit,eo
1425 3076 1580 3147 quod
1609 3093 1722 3131 non
1746 3076 1853 3132 fer-

194 3166 277 3223 rist
295 3164 434 3235 jam
467 3162 695 3218 fructus
728 3162 864 3217 boni
895 3163 1110 3235 operis,
1134 3164 1306 3235 cujus
1332 3167 1529 3220 custos
1551 3166 1849 3236 quondam

1967 2113 2181 2168 nymus
2210 2096 2369 2165 dicit,
2401 2099 2473 2154 ob
2505 2099 2653 2155 duas
2682 2116 2893 2156 causas
2926 2101 3136 2158 Isaiam
3167 2103 3513 2176 prophetam
3534 2105 3621 2162 in-

1964 2185 2274 2241 terfectum
2303 2204 2430 2242 esse
2465 2204 2479 2241 :
2507 2187 2592 2244 vel
2625 2189 2781 2260 quod
2812 2189 3110 2263 principes
3140 2191 3534 2250 Sodomorum
3561 2197 3623 2252 et

1968 2273 2473 2331 Gomorrhmorum
2504 2294 2602 2332 eos
2632 2277 3031 2350 appellaverit,
3058 2278 3146 2335 vel
3188 2280 3342 2352 quod
3391 2280 3621 2349 dicente

1965 2362 2210 2418 Domino
2241 2364 2313 2418 ad
2348 2364 2548 2420 Mosen
2574 2382 2586 2418 :
2612 2390 2639 2415 ‹‹
2664 2367 2791 2422 Νοιι
2822 2366 2977 2423 enim
3009 2366 3229 2423 videbit
3252 2385 3346 2424 me
3365 2368 3541 2428 homo
3562 2375 3622 2439 at

1962 2451 2111 2507 vivet
2142 2452 2332 2523 (Exod.
2368 2457 2585 2522 χχχιιι),
2620 2477 2648 2505 ι)
2685 2454 2795 2511 istc
2840 2474 3023 2513 ausus
3070 2461 3161 2512 est
3209 2456 3404 2516 dicere
3435 2473 3449 2514 :
3481 2458 3619 2517 Vidi

1964 2540 2277 2596 Dominum
2310 2543 2551 2598 sabaoth
2587 2545 2886 2601 sedentem
2939 2563 3115 2617 super
3160 2544 3376 2603 solium
3424 2548 3618 2609 excel-

1963 2630 2379 2686 sum.Possunt
2400 2635 2596 2687 autem
2619 2632 2737 2687 haec
2759 2634 2933 2689 verba
2957 2634 3155 2689 referri
3180 2636 3252 2691 ad
3282 2634 3518 2707 Iudaeos
3545 2637 3615 2693 il-

1963 2717 2076 2773 lius
2098 2719 2379 2791 temporis
2405 2737 2417 2774 :
2443 2722 2543 2776 sed
2572 2721 2900 2792 specialiter
2915 2723 2985 2777 ad
3010 2722 3236 2779 scribas
3257 2727 3314 2779 et
3334 2723 3615 2784 harisaaoa

1961 2807 2271 2879 pertinent,
2305 2812 2361 2864 et
2391 2809 2673 2880 populum
2706 2810 2790 2866 sic
2820 2810 3210 2867 clamantem:
3237 2834 3266 2862 «
3299 2811 3611 2887 Cruciﬂge,

1960 2895 2235 2968 crucinge
2265 2898 2443 2965 (Joan.
2474 2902 2590 2966 χιχ)
2620 2921 2647 2947 ››
2680 2897 2877 2955 talem.
2912 2898 3209 2970 Principes
3239 2916 3376 2973 ergo
3427 2900 3610 2958 Sodo-

1961 3000 2190 3039 morum
2220 2989 2278 3040 et
2303 2985 2554 3057 pepulus
2585 2986 2917 3043 Gomorrhze
2949 2987 3166 3043 idcirco
3215 2987 3609 3061 appellantur,

1960 3073 2099 3145 quia
2124 3074 2278 3129 sicut
2308 3075 2621 3130 Sodomita:
2652 3080 2710 3131 et
2739 3075 3118 3131 Gomorrhitae
3149 3075 3382 3149 publice
3411 3094 3614 3151 pecca-

1960 3162 2118 3229 bant,
2153 3162 2476 3234 cogitantes
2505 3164 2817 3220 consilium
2849 3165 3175 3237 pessimum
3197 3169 3402 3223 contra
3420 3164 3611 3227 virum

188 3251 309 3326 ipse
343 3253 561 3318 fuerat,
595 3251 831 3322 quando
861 3252 1088 3307 fructus
1119 3253 1407 3308 bonorum
1437 3270 1679 3325 operum
1712 3272 1843 3325 pro-
1875 3248 1917 3317 ϐ
1948 3251 2181 3323 justum
2206 3252 2450 3320 Loth,et
2467 3254 2592 3309 sine
2615 3253 2811 3326 aliquo
2833 3254 3193 3310 verecundiae
3218 3255 3431 3312 rubore
3450 3255 3607 3312 dixe-

187 3341 434 3399 fenebat.
468 3341 630 3407 Quod
662 3345 858 3396 autem
888 3340 1056 3397 vinea
1084 3340 1414 3414 appellatus
1446 3341 1523 3396 sit
1552 3342 1707 3398 idem
1742 3360 1845 3414 po-

188 3430 386 3503 pulus,
447 3429 707 3486 ostendit
765 3430 918 3485 idem
975 3430 1262 3503 propheta
1312 3430 1514 3498 Isaias,
1566 3430 1840 3503 inquiens

186 3519 358 3593 paulo
383 3518 633 3574 inferius
666 3536 679 3573 :
716 3541 744 3567 «
772 3517 954 3574 Vinea
983 3519 1141 3575 enim
1170 3519 1402 3574 Domini
1432 3520 1710 3585 Sabaoth,
1742 3522 1842 3576 do-

188 3626 313 3665 mus
348 3606 538 3663 Israel
564 3610 656 3663 est
675 3607 871 3679 (Infra,
900 3610 979 3677 v).
1009 3631 1036 3657 ››
1057 3609 1126 3663 Et
1148 3607 1459 3663 Psalmista
1482 3626 1495 3663 :
1522 3633 1547 3659 ‹‹
1576 3609 1840 3677 Vineam,

186 3696 401 3770 inquit,
436 3696 508 3751 de
539 3696 780 3768 lEgypto
813 3696 1163 3752 transtulisti
1186 3698 1415 3766 (Psalm.
1443 3700 1654 3765 LXXIX.)
1678 3719 1705 3746 ››
1734 3698 1849 3753 Ista

183 3786 350 3842 vinea
384 3784 651 3857 quandiu
670 3784 1000 3841 uberrimos
1021 3784 1219 3840 attulit
1242 3785 1702 3852 fructus,habuit
1721 3803 1851 3841 cus-

186 3874 385 3935 todem
418 3873 491 3929 de
521 3890 638 3945 quo
668 3872 812 3929 dicit
841 3872 1152 3929 Psalmista
1175 3890 1188 3928 :
1214 3898 1241 3924 ι(
1268 3874 1391 3929 Nisi
1416 3873 1701 3929 Dominus
1721 3890 1849 3929 cus-

185 3962 430 4019 todierit
457 3960 776 4028 civitatem,
807 3962 1029 4018 frustra
1066 3960 1312 4034 vigilant
1358 3961 1457 4033 qui
1507 3962 1849 4017 custodiunt

186 4067 333 4111 eam.
359 4050 541 4121 (Ρωι.
563 4051 749 4122 (ιχχνι)
777 4072 803 4099 ››
827 4051 1147 4122 Postquam
1170 4049 1369 4106 amisit
1390 4050 1617 4106 fructus
1640 4051 1846 4119 bonos,

186 4137 510 4211 dereliquit
549 4137 733 4205 illam,
765 4143 831 4194 ut
880 4139 1005 4210 ipse
1053 4137 1340 4194 Dominus
1386 4138 1606 4194 Judaeis
1655 4139 1842 4195 dicit:

186 4251 215 4280 α
245 4227 645 4300 Relinquetur
671 4225 856 4293 vobis,
891 4226 1103 4299 inquit,
1139 4227 1352 4282 domus
1378 4229 1572 4283 vestra
1615 4228 1848 4284 deserta

185 4317 397 4387 (lauit.
413 4318 642 4385 mm)»
656 4315 836 4371 Vocat
851 4319 1048 4372 autem
1065 4316 1334 4372 eumdem
1358 4316 1642 4389 populum
1665 4316 1846 4374 ﬁliam

187 4405 344 4474 Sion,
362 4408 438 4461 ut
457 4404 731 4460 ostendat
753 4404 1026 4459 all'ectum
1060 4403 1307 4476 piissimi
1327 4404 1511 4477 patris
1529 4422 1591 4461 se
1610 4404 1844 4463 habere.

186 4494 297 4555 Nec
322 4494 554 4551 mirum
586 4493 635 4549 si
669 4493 806 4550 Sion
837 4492 1165 4565 appellatur
1194 4492 1333 4562 filia,
1368 4510 1505 4549 cum
1535 4494 1713 4549 etiam
1747 4495 1850 4550 Ba-

1957 3345 2094 3395 runt
2121 3359 2133 3395 :
2167 3365 2195 3391 «
2228 3343 2387 3396 Educ
2417 3343 2571 3398 viros
2602 3343 2700 3414 qui
2735 3342 2988 3415 ingressi
3021 3348 3161 3400 sunt
3190 3346 3262 3400 ad
3293 3347 3370 3414 te,
3403 3348 3470 3401 ut
3496 3345 3608 3402 ab-

1955 3433 2195 3485 utamur
2222 3429 2307 3484 eis
2336 3430 2488 3496 (Gen.
2522 3431 2657 3501 χιχ),
2686 3454 2711 3479 η
2744 3432 2827 3486 ita
2849 3436 2907 3487 et
2928 3431 3021 3488 isti
3046 3432 3450 3505 cogitaverunt
3470 3449 3610 3490 con-

1955 3517 2154 3573 silium
2180 3518 2503 3589 pessimum
2530 3524 2734 3573 contra
2750 3518 3063 3574 Dominum
3088 3519 3385 3575 Christum
3404 3518 3603 3575 dicen~

1955 3610 2063 3673 tes,
2104 3606 2341 3661 exclusa
2399 3607 2557 3661 omni
2618 3608 2984 3676 verecundia,
3040 3607 3236 3663 Venite
3283 3606 3611 3678 cogitemus

1955 3699 2158 3749 contra
2180 3696 2411 3765 justum
2441 3696 2843 3766 cogitationes,
2867 3701 2923 3750 et
2943 3712 3080 3750 reus
3100 3698 3190 3750 est
3209 3693 3436 3762 mortis,
3455 3694 3607 3761 mul-

1955 3787 2132 3855 taque
2164 3783 2256 3837 his
2288 3782 2523 3838 similia.
2560 3783 2718 3839 Unde
2748 3781 2891 3836 dicit
2913 3783 3063 3837 idem
3088 3780 3376 3853 Propheta
3394 3780 3455 3835 in
3476 3797 3609 3838 con-

1955 3870 2375 3943 sequentibus:
2401 3870 2775 3942 Iniquitatem
2799 3886 2968 3925 suam
3001 3870 3156 3926 sicut
3186 3869 3440 3929 Sodoma
3468 3885 3610 3942 prae-

1955 3961 2315 4032 dicaverunt,
2350 3978 2453 4016 nec
2481 3960 2932 4016 absconderunt.

2026 4073 2051 4099 ‹‹
2088 4052 2212 4116 Quo
2232 4049 2377 4104 mihi
2404 4048 2843 4103 multitudinem
2861 4046 3232 4104 victimarum
3251 4051 3604 4126 vestrarum,

1955 4138 2098 4194 dicit
2128 4136 2414 4193 Dominus
2434 4136 2458 4192 ?
2478 4132 2505 4185 3)
2523 4137 2603 4191 Ac
2623 4136 2673 4192 si
2695 4135 2914 4192 diceret
2940 4153 2952 4191 :
2980 4136 3053 4192 Ut
3075 4136 3219 4208 quid
3240 4136 3385 4195 mihi
3408 4135 3611 4205 multi—

1954 4225 2217 4281 tudinem
2235 4225 2604 4282 victimarum
2623 4225 2844 4282 oﬂ‘ertis
2855 4225 2884 4281 ‘I
2898 4227 2983 4281 Au
2998 4224 3221 4297 putatis
3238 4242 3331 4283 me
3348 4225 3610 4301 indigere

1954 4315 2091 4370 his?
2114 4316 2304 4387 Atque
2332 4315 2604 4386 protinus
2627 4315 2868 4371 subdit:
2895 4338 2921 4365 ‹‹
2948 4314 3162 4371 Plenus
3178 4332 3334 4383 sum,
3362 4337 3390 4366 ιο
3413 4315 3471 4372 id
3494 4319 3607 4387 est,

1954 4403 2120 4460 nulla
2150 4419 2211 4460 re
2240 4404 2495 4477 indigeo.
2520 4426 2547 4453 «
2584 4404 2710 4459 Mea
2739 4407 2830 4459 est
2859 4403 3017 4459 enim
3035 4408 3284 4473 terra,et
3304 4401 3610 4475 plenitudo

1954 4493 2083 4565 ejus
2112 4494 2336 4562 n(Psal.
2384 4493 2565 4565 χχιιι).
2616 4491 2720 4547 Vel
2770 4490 2945 4546 etiam
3004 4491 3161 4562 quod
3209 4490 3351 4548 dicit
3396 4490 3610 4562 plenus

185 4582 356 4655 bylon
392 4582 719 4655 saepissime
753 4581 873 4638 {ilia
902 4586 1292 4654 nuncupetur.
1316 4581 1533 4638 Omnes
1551 4583 1707 4638 enim
1737 4601 1837 4638 na-
1878 4620 1926 4684 D
1958 4598 2113 4650 sum,
2133 4582 2243 4637 sub
2264 4581 2373 4637 hoc
2397 4598 2571 4637 sensu
2597 4583 2787 4653 potest
2817 4578 3002 4677 accipi
3012 4594 3040 4684 1ε
3056 4576 3377 4684 .ut'd‘icatur
3395 4576 3609 4684 plenus

184 4672 315 4727 tura
334 4670 447 4726 ﬁlii
468 4670 568 4726 Dci
593 4671 939 4737 sumus,sed
961 4673 1156 4725 nostro
1174 4670 1312 4724 vitio
1336 4669 1507 4726 alieni
1527 4672 1838 4728 efﬁcimur.

186 4758 491 4816 Moralitcr
521 4763 718 4815 autem
751 4776 854 4831 per
882 4759 1177 4830 Sionquze
1201 4756 1615 4830 interpretatur
1633 4777 1845 4831 specu-

184 4846 346 4916 latio,
370 4852 432 4905 et
464 4848 699 4904 nomine
727 4848 909 4903 vinezr
930 4851 1222 4913 censetur,
1243 4863 1563 4919 possumus
1584 4848 1846 4921 accipere

184 4938 452 4994 animam
485 4936 831 5010 quamlibet,
866 4953 994 5008 quze
1026 4936 1086 4990 in
1118 4935 1612 5008 contemplatione
1632 4937 1732 4991 Dei
1753 4937 1847 4994 de-

184 5024 283 5083 bet
310 5025 658 5092 consistere,
694 5026 942 5081 ali'erens
991 5024 1219 5080 fructus
1267 5025 1676 5095 acceptabiles.
1710 5028 1843 5091 Quae

185 5113 391 5170 anima
419 5113 685 5187 quandiu
716 5113 1142 5171 rationabiliter
1161 5112 1300 5168 vivit
1322 5113 1846 5185 proferendo,scili-

185 5207 277 5263 cet
300 5204 531 5260 fructus
561 5204 770 5270 bonos,
794 5203 967 5258 habet
998 5203 1299 5258 custodem
1334 5202 1549 5257 mentis
1571 5202 1842 5258 Deum.Si

182 5296 389 5348 autem
418 5292 559 5348 vitia
589 5297 647 5348 et
674 5295 914 5365 peccata
945 5292 1171 5346 fruetus
1199 5291 1480 5368 virtutum
1516 5291 1842 5361 deprmdata

182 5379 406 5436 fuerint
432 5380 605 5454 quasi
632 5381 901 5453 quaedam
924 5379 1181 5436 bestiola:
1203 5379 1632 5449 derelinquitur
1651 5396 1684 5433 a
1702 5396 1839 5433 cus—

180 5469 318 5527 tode
351 5469 492 5539 Deo,
524 5473 585 5526 et
613 5470 814 5526 omnia
847 5468 1386 5541 illiue-rediguntur
1415 5468 1486 5523 ad
1529 5467 1801 5522 nihilum.

252 5577 285 5610 υ
315 5556 441 5615 Nisi
474 5558 761 5615 Dominus
792 5557 1154 5614 exercituum
1186 5555 1519 5628 reliquisset
1553 5556 1719 5613 nobis
1750 5574 1839 5613 se-

178 5662 339 5715 men,
379 5647 544 5716 quasi
589 5648 845 5704 Sodoma
892 5647 1233 5714 fuissemus,
1268 5649 1324 5700 et
1372 5646 1541 5717 quasi
1592 5646 1838 5701 Gomor-

1957 4687 2113 4735 sum,
2140 4670 2192 4724 id
2224 4673 2333 4737 est,
2356 4670 2412 4723 in
2439 4668 2740 4724 fastidium
2762 4669 2906 4722 aunt
2927 4664 3068 4720 mihi
3091 4664 3338 4720 victima:
3358 4667 3564 4723 vestrae
3587 4683 3603 4737 ;

1954 4759 2092 4831 quia
2124 4776 2240 4814 non
2271 4758 2491 4814 oﬂ‘ertis
2520 4775 2619 4812 eas
2653 4754 2905 4828 simplici
2936 4758 2994 4811 et
3024 4771 3172 4827 pura
3201 4758 3415 4811 mente.
3444 4776 3474 4807 «
3501 4755 3610 4813 Πο-

1951 4847 2214 4903 locausta
2244 4846 2515 4912 arietum,
2548 4848 2606 4899 et
2633 4843 2865 4917 adipem
2910 4842 3244 4916 pinguium,
3277 4846 3335 4899 et
3364 4842 3607 4917 sangui-

1954 4953 2085 4991 nem
2121 4935 2460 5001 vitulorum,
2494 4938 2551 4989 et
2582 4950 2889 5007 agnorum,
2922 4937 2981 4989 et
3011 4933 3310 4988 hircorum
3358 4930 3539 4988 nolui.
3572 4954 3603 4982 »

1953 5023 2323 5079 Continentia
2347 5022 2528 5095 hujus
2557 5022 2796 5095 capituli
2822 5039 3005 5094 usque
3027 5022 3096 5078 ad
3122 5018 3602 5090 cumlocum,ubi

1953 5113 2037 5168 ait
2061 5129 2072 5168 :
2097 5111 2363 5168 Judicate
2395 5111 2639 5184 pupillo,
2670 5110 2960 5166 defendite
2989 5110 3246 5179 viduam,
3272 5106 3495 5180 respuit
3516 5123 3605 5173 sa-

1952 5201 2172 5257 crificia
2198 5202 2227 5257 J
2238 5202 2557 5270 admoram,
2586 5204 2641 5255 et
2672 5201 2839 5254 docet
2868 5199 3259 5254 obedientiam
3280 5193 3599 5269 Evangelii.

1950 5290 2021 5345 Et
2053 5307 2154 5361 per
2184 5290 2292 5345 hoc
2323 5290 2476 5360 quod
2508 5288 2647 5342 dicit
2678 5286 2861 5358 nolui,
2884 5287 3057 5342 verbo
3079 5284 3355 5358 praeteriti
3376 5288 3602 5358 tempo-

1952 5380 2031 5434 ris
2079 5383 2266 5443 utens,
2300 5377 2556 5432 ostendit
2602 5393 2905 5448 nunquam
2955 5393 3016 5429 se
3065 5374 3420 5431 delectatum
3470 5391 3601 5431 esse

1949 5466 2232 5524 sacriﬁcio
2260 5467 2616 5522 Judworum.
2646 5465 3013 5535 Maximeque
3042 5463 3386 5520 adveniente
3425 5463 3604 5521 sacri-

1950 5557 2081 5612 ﬁcio
2112 5570 2277 5621 novo,
2310 5571 2413 5626 pro
2449 5552 2629 5608 nihilo
2654 5554 2999 5625 deputatum
3019 5555 3107 5608 est
3128 5552 3485 5617 sacrificium
3505 5570 3600 5610 ve-

1950 5651 2066 5702 tus.
2100 5643 2234 5700 Sola
2265 5643 2419 5699 enim
2452 5643 2605 5698 bona
2634 5641 2903 5698 voluntas
2934 5659 3068 5698 cum
3121 5641 3233 5697 ﬁde
3279 5640 3600 5714 purissima
