4048 6190
477 307 601 370 723
901 307 1313 370 HAYMONIS
1343 303 1886 377 HAIﬂERSTAT.
1919 301 2163 364 EPISC.
2197 300 2370 364 OPP.
2406 303 2607 366 PARS
2637 302 2686 364 Ι.
2721 334 2799 350 -
2825 301 3228 366 COMMENT.
3256 303 3450 366 BIBL.

482 439 712 498 liberat.
746 441 941 497 Potest
984 439 1094 494 hoc
1124 438 1281 493 etde
1311 436 1404 492 bis
1452 436 1636 508 accipi
1685 435 1807 508 qui,
1853 453 1986 492 cum
2028 435 2128 490 Dei
2162 435 2215 500 Α
2320 457 2340 484 α
2379 435 2700 502 Lavamini,
2735 436 2938 491 mundi
2977 438 3177 492 estote.
3212 457 3240 487 »
3270 437 3346 492 Ac
3390 437 3436 493 si
3482 436 3670 494 diceret
3707 440 3808 498 aliis

483 533 770 603 praecepta
799 545 912 584 non
947 527 1182 590 faciant,
1213 525 1416 580 volunt
1460 524 1627 580 illum
1681 525 1911 598 placare
1957 523 2132 580 variis
2241 523 2433 579 verbis
2470 542 2481 580 :
2519 525 2624 580 Pro
2657 525 2932 580 omnibus
2964 542 3092 597 quae
3123 525 3388 597 superius
3425 534 3810 586 commemorata

3705 309 3802 372 ω

483 617 655 673 donis
669 619 844 688 atque
860 613 1228 680 muneribus,
1243 631 1373 686 quae
1391 615 1464 669 de
1483 613 1691 687 rapina
1710 613 2130 685 acquisierunt.

550 729 578 756 ‹‹
612 707 754 761 Cum
802 703 1081 760 veniretis
1133 707 1269 759 ante
1314 707 1695 776 conspectum
1747 719 1966 767 meum,
2000 701 2135 774 quis

479 791 750 865 quaesivit
779 791 902 849 haec
928 792 1002 848 de
1031 791 1307 848 manibus
1327 793 1557 859 vestris,
1583 797 1646 846 ut
1669 790 2050 847 ambularetis
2075 790 2131 843 in

473 880 640 937 atriis
669 880 862 936 meis?
895 902 923 930 »
956 880 1191 936 Hostias
1221 885 1278 935 et
1308 879 1598 936 sacrificia
1645 881 1984 935 Judaeorum
2018 897 2132 932 non

476 967 744 1042 quaesivit
773 968 990 1026 idcirco
1021 969 1392 1041 omnipotens
1417 969 1594 1035 Deus,
1629 972 1693 1023 ut
1726 968 1850 1040 ipse
1894 967 2014 1023 illis
2045 969 2133 1022 in-

479 1057 723 1131 digeret,
758 1059 858 1114 sed
909 1074 981 1114 ne
1031 1057 1204 1113 idolis
1251 1057 1648 1122 immolarent,
1681 1060 1740 1112 et
1769 1061 1835 1112 ut
1863 1073 1966 1129 per
2003 1073 2134 1112 car-

479 1145 646 1202 nales
677 1145 1018 1220 typicasque
1038 1147 1380 1215 medicinas,
1399 1148 1468 1202 ad
1493 1146 1798 1219 spiritualc
1817 1163 2136 1218 verumque

483 1234 842 1291 sacrificium
877 1235 1108 1290 facilius
1136 1234 1524 1308 pervenirent.

557 1346 585 1372 ‹‹
619 1321 702 1379 Ne
731 1323 990 1380 offeratis
1015 1323 1171 1379 ultra
1191 1323 1542 1380 sacriﬁcium
1565 1324 1800 1379 frustra.
1827 1324 2134 1379 Incensum

486 1410 845 1468 abominatio
876 1415 966 1468 est
995 1411 1164 1477 mihi,
1199 1434 1228 1462 »
1259 1412 1318 1467 id
1349 1416 1456 1480 est,
1482 1413 1736 1467 detestor
1755 1417 1812 1468 et
1833 1429 1934 1486 pro
1957 1413 2137 1468 nihilo

490 1500 706 1572 deputo
733 1499 878 1556 illud
907 1516 919 1556 :
943 1499 1084 1572 quia
1103 1517 1219 1556 non
1243 1501 1304 1555 fit
1328 1501 1551 1556 munda
1571 1500 1913 1557 intentione.
1939 1524 1964 1551 (ι
1991 1502 2138 1557 Neo-

490 1588 769 1655 meniam,
801 1591 859 1644 et
887 1589 1220 1654 sabbatum,
1253 1593 1311 1644 et
1337 1589 1680 1646 festivitates
1721 1589 1866 1646 alias
1909 1608 2024 1645 non
2057 1591 2136 1646 fe-

491 1693 638 1744 ram,
671 1698 700 1728 »
737 1676 795 1732 id
827 1679 936 1749 est,
970 1693 1084 1733 non
1131 1677 1434 1734 sustinebo
1483 1679 1555 1734 ad
1603 1678 1713 1734 hoc
1759 1682 1826 1734 ut
1872 1679 2140 1750 placeant

489 1764 658 1821 mihi.
691 1765 809 1821 Neo
839 1781 1076 1834 novum,
1101 1782 1315 1822 menne
1337 1765 1553 1822 dicitur
1572 1766 1733 1822 luna.
1753 1767 1892 1824 Inde
1912 1784 2142 1840 compo-

484 1853 646 1910 nitur
675 1854 786 1910 hoc
824 1871 1061 1920 nomen,
1091 1859 1158 1910 ut
1203 1855 1435 1911 dicatur
1487 1855 1808 1912 Neomenia
1858 1855 2142 1912 festivitas

492 1960 654 2001 novre
683 1943 860 2012 lunae,
883 1959 1061 2015 quam
1094 1943 1391 1999 celebrant
1408 1944 1596 2000 Judzei
1616 1944 1800 2000 initiis
1821 1945 2140 2000 mensium.

2244 617 2402 678 sunt,
2432 631 2560 684 quae
2591 612 2708 668 dixi
2741 612 2873 668 odio
2904 629 2997 668 me
3027 612 3545 686 habere,Evangelii
3561 614 3721 686 placet
3743 635 3809 673 re-

2243 699 2403 773 ligio,
2428 708 2491 755 ut
2513 701 2886 774 baptizemini
2911 701 2970 756 in
3003 701 3237 756 nomine
3257 702 3316 758 S.
3341 700 3810 762 Trinitatisddcirco

2243 789 2519 844 lavamini
2553 789 2838 861 sanguine
2869 793 3093 859 meo,et
3113 806 3264 862 aqua
3283 791 3809 862 baptismatis.Mundi

2243 883 2446 944 estote,
2473 883 2602 950 post
2634 877 2911 950 baptismi
2944 877 3189 952 gratiam
3214 883 3505 934 manentes
3525 879 3577 934 in
3599 881 3813 938 innocen-

2243 966 2326 1021 tia
2357 966 2506 1021 vitaa.
2529 965 2630 1021 Vel
2657 966 2834 1022 etiam
2863 965 3138 1023 lavamini
3165 966 3726 1040 perpmnitentiam,et
3741 987 3814 1042 per

2245 1054 2534 1128 lacrymas
2563 1055 3054 1128 compunctionis.
3088 1055 3292 1111 Mundi
3336 1059 3528 1121 estote,
3555 1073 3619 1112 ne
3645 1057 3813 1114 iterum

2245 1142 2634 1216 inquinemini
2666 1144 2887 1199 ruendo
2918 1144 2974 1198 in
3007 1143 3285 1216 laqueum
3315 1161 3640 1218 cmnumque
3668 1163 3816 1218 μαιω-
3913 1139 3918 1146 ’

2245 1236 2460 1287 torum.
2497 1255 2523 1282 «
2558 1232 2712 1287 Beati
2755 1232 2913 1288 enim
2960 1233 3181 1288 mundo
3230 1233 3421 1301 corde,
3453 1233 3696 1305 quoniam
3734 1233 3816 1306 ipsi

2246 1321 2429 1376 Deum
2454 1321 2737 1376 videbunt
2755 1321 3026 1390 (Matth.v)
3047 1344 3074 1371 ››
3095 1320 3242 1378 Huic
3263 1321 3555 1379 sententias
3572 1322 3819 1378 concordat

2246 1409 2574 1482 illud,quod
2594 1410 2879 1466 Dominus
2895 1410 3037 1466 dicit
3057 1409 3369 1484 Evangelio
3391 1410 3610 1466 cuidam
3628 1416 3788 1466 sanato
3805 1428 3815 1466 :

2247 1522 2274 1549 ‹‹
2311 1501 2454 1554 Ecce
2484 1515 2665 1553 sanus
2697 1499 2886 1555 factus
2915 1515 3001 1567 es,
3024 1499 3152 1571 jam
3194 1499 3316 1555 noli
3365 1515 3606 1571 peccare.
3636 1520 3660 1548 »ι
3685 1522 3709 1549 α
3731 1501 3818 1554 Au-

2251 1589 2394 1642 ferte
2451 1587 2672 1643 malum
2731 1587 3154 1661 cogitationum
3214 1593 3534 1646 vestrarum
3585 1589 3649 1644 ab
3682 1585 3819 1644 oculis

2249 1676 2418 1731 meis.
2449 1699 2475 1724 »
2509 1676 2862 1748 Praeceperat
2893 1681 2959 1732 ut
2979 1677 3320 1733 lavarentur
3341 1681 3631 1750 essentque
3647 1676 3819 1742 mundi,

2253 1781 2409 1819 nunc
2425 1764 2593 1819 docet
2612 1765 3110 1835 quemadmodum
3128 1765 3208 1821 sit
3223 1765 3343 1821 illis
3356 1767 3626 1836 agendum
3643 1765 3819 1821 dicens:

2248 1853 2483 1908 Auferte
2525 1851 2748 1907 malum
2797 1851 3266 1925 cogitationnum
3315 1858 3642 1919 vestrarum,
3666 1869 3820 1926 θρη-

2249 1940 2440 1996 sentia
2469 1957 2617 2009 mea,
2651 1945 2718 1996 ut
2747 1941 2798 1998 si
2829 1941 3098 2015 cogitatis
3129 1941 3356 2016 aliquid
3387 1941 3540 2011 mali,
3572 1957 3672 1998 non
3696 1942 3820 2014 perﬁ-

556 2055 582 2080 ‹‹
621 2029 814 2102 Iniqui
859 2034 1000 2086 sunt
1047 2035 1235 2087 emtas
1279 2031 1481 2098 vestri,
1513 2031 1790 2088 calendas
1835 2037 2060 2088 vestras
2085 2035 2144 2087 et
2250 2029 2440 2096 ciatis,
2477 2029 2785 2102 ipsamque
2813 2029 3231 2102 cogitationem
3283 2046 3516 2103 pravam
3562 2029 3819 2086 funditusa

483 2117 866 2174 solennitates
907 2121 1134 2174 vestras
1181 2119 1363 2174 odivit
1392 2120 1593 2175 anima
1620 2137 1772 2175 mea.
1807 2122 1978 2176 Facta
2007 2125 2148 2177 sunt
2250 2118 2528 2173 cordibus
2555 2117 2764 2174 vestris
2795 2118 3107 2187 eradicate,
3139 2123 3199 2176 et
3227 2119 3526 2176 destruite.

484 2204 634 2261 mihi
665 2205 931 2262 molesta.
971 2228 999 2255 ι)
1029 2207 1395 2263 Subauditur
1417 2210 1618 2264 omnia
1648 2208 1762 2264 ista
1805 2225 1932 2280 quae
1982 2227 2139 2265 com-

487 2293 862 2350 memoravit.
894 2294 1280 2362 Festivitates,
1312 2296 1776 2369 inquit,vestras,
1807 2316 1923 2354 non
1955 2315 2138 2367 meas,

486 2380 668 2438 odivit
697 2381 896 2438 anima
925 2399 1075 2450 mea,
1108 2383 1248 2456 quia
1277 2384 1430 2440 male
1460 2385 1773 2440 abutimini
1805 2385 2042 2442 eis.Non
2075 2391 2141 2443 ut

489 2470 645 2527 Deus
675 2471 936 2528 animam
965 2471 1198 2540 habeat,
1223 2474 1322 2528 sed
1348 2478 1547 2530 nostro
1568 2475 1830 2546 loquitur
1847 2475 2142 2545 aﬂ'ectu,ct

489 2573 672 2616 more.
704 2559 777 2616 Et
804 2557 921 2617 tale
953 2562 1062 2628 est,
1095 2575 1165 2617 ac
1193 2559 1242 2617 si
1275 2561 1530 2620 diceret:
1554 2563 1750 2619 Gmtus
1777 2563 1953 2620 vestri
1975 2569 2033 2620 et
2053 2582 2142 2621 so-

488 2647 822 2705 lemnitates
847 2651 1053 2705 vestra:
1085 2665 1198 2704 non
1231 2649 1579 2722 placuerunt
1607 2650 1773 2718 mihi,
1806 2669 1996 2725 neque
2027 2653 2141 2710 ista

489 2753 620 2809 quae
647 2738 1120 2802 commemoravi,
1153 2740 1254 2794 sed
1285 2739 1480 2811 potius
1513 2740 1665 2796 facta
1684 2745 1823 2796 sunt
1847 2742 1990 2797 mihi
2014 2760 2138 2798 mo-

489 2823 639 2882 lesta
663 2843 676 2882 :
701 2825 981 2898 quoniam
1015 2825 1218 2899 iniqua
1247 2832 1441 2883 mente
1473 2829 1711 2901 impleta
1738 2835 1878 2886 sunt
1899 2850 1932 2886 a
1951 2831 2134 2888 vobis.

491 2937 520 2965 «
558 2913 840 2971 Laboravi
869 2916 1190 2984 sustinens,
1213 2938 1241 2965 »
1265 2916 1320 2971 id
1349 2921 1461 2983 est,
1494 2917 1758 2974 laborare
1780 2937 1872 2974 me
1895 2920 2135 2988 fecistis,

484 2994 874 3076 exspectando
896 3005 1333 3061 conversionem
1356 3009 1414 3062 et
1433 3006 1834 3078 pwnitentiam
1855 3013 2132 3064 vestram.

2320 2229 2348 2256 «
2383 2206 2674 2273 Quiescite
2704 2223 2873 2278 agere
2903 2223 3191 2279 perverse,
3227 2208 3435 2266 discite
3476 2207 3774 2264 benefacere.
3797 2227 3816 2256 ιι

2253 2295 2368 2350 Hoc
2387 2299 2495 2362 est,
2514 2296 2670 2367 quod
2691 2295 3002 2352 Psalmista
3017 2297 3224 2352 eodem
3246 2313 3447 2367 sensu,
3463 2301 3520 2353 et
3538 2313 3638 2353 non
3655 2295 3819 2352 eisdem

2247 2384 2440 2439 verbis
2469 2384 2732 2456 praecipit
2756 2401 2768 2440 :
2799 2407 2820 2435 ι
2847 2383 3102 2454 Declina,
3139 2384 3438 2458 inquiens,
3459 2403 3492 2441 a
3522 2383 3674 2451 malo,
3693 2387 3738 2438 et
3759 2381 3819 2436 fac

2247 2473 2468 2528 bonum
2486 2473 2891 2545 (Psalmxxxu).
2912 2493 2933 2524 ι
2951 2473 3364 2546 Competenter
3381 2488 3512 2548 ergo
3533 2469 3818 2540 dicitur,dis-

2247 2561 2358 2636 cite
2389 2561 2894 2634 benefacere,quia
2910 2562 3098 2619 virtus
3119 2563 3277 2620 bona
3295 2563 3566 2620 discenda
3581 2565 3632 2618 et
3649 2558 3820 2616 imitan-

2247 2651 2323 2706 da
2352 2651 2582 2706 cst.Nec
2606 2649 2824 2707 sufﬁcit
2839 2655 3071 2707 tantum
3093 2655 3311 2708 natura
3325 2652 3476 2708 bona
3491 2646 3814 2723 adjustitiam,

2247 2739 2357 2795 nisi
2392 2739 2524 2812 quis
2553 2739 2860 2796 erudiatur
2884 2739 3159 2814 congruis
3199 2739 3544 2814 disciplinis.
3581 2759 3601 2788 ι
3629 2736 3817 2805 Quaerito

2237 2827 2550 2898 judicium.
2568 2848 2595 2881 ι
2610 2831 2656 2884 Α
2681 2829 2898 2900 quibus
2919 2830 3302 2902 quaerendum
3327 2826 3719 2902 estjudicium?
3736 2821 3816 2881 Uti-

2245 2934 2357 2990 que
2387 2935 2421 2972 a
2447 2917 2832 2988 sapientibus,
2863 2917 3002 2990 quia
3029 2935 3144 2974 non
3175 2919 3443 2974 omnium
3473 2921 3556 2974 est
3588 2915 3810 2988 judicans,

2246 3023 2434 3077 neque
2463 3005 2774 3062 consilium
2823 3005 3059 3063 salubre
3103 3008 3268 3064 dare.
3302 3008 3373 3064 Et
3417 3021 3598 3063 revera
3635 2999 3810 3060 nonnisi

557 3115 586 3143 ‹‹
619 3094 692 3148 Et
729 3109 864 3148 cum
913 3093 1288 3149 extenderitis
1339 3111 1550 3150 manus
1600 3100 1843 3166 vestras,
1877 3103 2133 3152 avertam
2245 3094 2624 3166 sapientium.
2657 3093 3016 3151 «Subvenite
3035 3112 3382 3168 oppresso,»
3402 3094 3459 3151 id
3488 3099 3588 3162 est,
3606 3093 3668 3148 de
3682 3103 3812 3145 manu

485 3179 686 3236 oculos
735 3197 899 3237 meos
939 3199 974 3236 a
1008 3181 1191 3238 vobis.
1230 3204 1259 3232 ››
1291 3181 1455 3238 Oculi
1516 3183 1746 3239 Domini
1803 3168 2208 3257 signifieantC
2247 3182 2522 3255 potentis,
2574 3182 2910 3238 violentiam
2972 3184 3213 3256 pauperi
3269 3182 3584 3250 inferentis,
3633 3180 3814 3235 libente

484 3271 814 3341 respectum
864 3268 1276 3324 misericordia:
1313 3269 1464 3340 ejus,
1492 3270 1710 3342 quibus
1756 3272 1941 3329 oculis
1987 3274 2133 3329 vidit

484 3356 767 3429 populum
800 3356 1184 3413 Israeliticum
1216 3357 1274 3411 in
1297 3358 1558 3430 Egypto,
1581 3357 1831 3432 ideoque
1853 3361 2130 3418 misertus

485 3449 576 3503 est
603 3446 754 3517 ejus.
789 3445 953 3502 Unde
981 3449 1041 3500 et
1069 3445 1214 3500 dixit
1247 3463 1260 3502 :
1296 3471 1324 3496 ‹‹
1355 3446 1574 3502 Videns
1603 3447 1717 3503 vidi
1751 3449 2128 3506 afllictionem

484 3533 683 3608 populi
707 3533 844 3605 mei,
863 3537 919 3590 et
937 3533 1221 3607 gemitum
1243 3535 1372 3606 ejus
1393 3534 1610 3605 audivi,
1627 3541 1685 3591 et
1700 3537 1971 3592 descendi
1993 3537 2132 3593 libe-

486 3639 614 3680 rare
645 3639 782 3678 eum
806 3644 835 3672 »
856 3621 1164 3692 (Exod.m.)
1192 3623 1430 3690 Videns,
1454 3623 1666 3696 inquit,
1686 3624 1832 3680 vidit
1854 3641 1866 3680 :
1889 3625 1997 3681 hoc
2017 3630 2125 3695 est,

481 3710 598 3767 vidi
629 3714 688 3768 et
716 3711 996 3768 misertus
1025 3729 1180 3768 sum.
1203 3712 1349 3768 Cum
1367 3729 1504 3786 ergo
1525 3713 1896 3770 extenderitis
1919 3731 2129 3772 manus

482 3803 708 3857 vestras
736 3801 810 3855 ad
842 3818 956 3872 me,
991 3805 1251 3874 tempore
1276 3800 1695 3870 tribulationis,
1731 3807 1796 3858 ut
1823 3820 1923 3859 vos
1953 3821 2127 3860 exau-

483 3887 642 3944 diam
661 3892 720 3943 et
737 3887 1000 3954 liberem,
1023 3894 1277 3945 avertam
1301 3890 1502 3947 oculos
1524 3892 1990 3959 meosavobis,id
2016 3897 2124 3961 est,

483 3978 814 4048 respectum
846 3975 1257 4032 misericordia:
1285 3996 1424 4034 meae
1455 3980 1712 4035 auferam
1747 3997 1781 4035 a
1807 3982 2035 4037 vobis.«
2060 3983 2131 4037 Et

483 4078 620 4119 cum
652 4059 1180 4133 multiplicaveritis
1209 4065 1551 4135 orationem,
1584 4085 1700 4123 non
1731 4069 2060 4125 exaudiam.
2096 4092 2124 4121 »

483 4147 624 4205 Tale
652 4149 810 4218 quod
840 4149 911 4204 ad
941 4149 1260 4206 Jeremiam
1280 4153 1350 4208 de
1371 4155 1574 4209 eodem
1599 4157 1813 4228 populo
1837 4158 2013 4214 dicit:
2039 4160 2127 4214 Tu

482 4253 620 4311 ergo
639 4234 756 4291 noli
781 4252 946 4293 orare
968 4253 1072 4309 pro
1093 4238 1344 4310 eis,quia
1364 4257 1480 4295 non
1491 4245 1800 4298 exaudiam
1813 4247 2128 4302 te.lteddit-

485 4340 598 4398 que
613 4340 852 4380 causam
872 4341 1052 4397 quare
1068 4329 1286 4382 avertat
1297 4327 1496 4383 oculos
1511 4346 1670 4384 suos.
1693 4352 1721 4381 ‹‹
1739 4331 1948 4390 Manus
1969 4335 2124 4389 enim

482 4418 686 4470 vestrae
704 4413 1049 4487 sanguine,»
1068 4414 1424 4471 subauditur
1437 4417 1854 4489 prophetarum
1871 4425 1929 4476 et
1941 4423 2129 4493 justo-

484 4520 673 4570 rum,«
698 4502 1104 4576 plenaa,sunt.»
1123 4504 1308 4560 Judaei
1333 4505 1626 4578 siquidem
1650 4506 1956 4565 homicida:
1979 4527 2126 4566 sem-

484 4609 586 4664 per
606 4591 841 4646 fuerunt
859 4591 1042 4664 parati
1067 4593 1139 4648 ad
1175 4594 1537 4650 fundendum
1569 4597 1916 4668 sanguinem
1939 4599 2128 4670 justo-

483 4679 885 4758 rum,insuper
911 4685 971 4736 et
1000 4681 1186 4754 ipsius
1234 4683 1465 4738 Domini
1513 4686 1582 4739 ad
1633 4703 1695 4740 sc
1744 4685 1931 4742 missi.
1965 4688 2127 4745 Unde

481 4767 747 4825 Salvator
775 4767 1135 4840 improperat
1167 4770 1281 4826 illis
1313 4772 1515 4828 dicens
1548 4791 1561 4829 :
1597 4798 1625 4823 ‹‹
1660 4776 1728 4830 Et
1755 4792 1857 4832 vos
1887 4777 2125 4848 implete

482 4873 822 4914 mensuram
855 4861 1085 4928 patrum
1115 4863 1442 4915 vestrorum
1473 4861 1678 4930 (Matth.
1703 4868 1886 4933 χχιιι.)
1910 4888 1936 4914 ››
1960 4867 2123 4932 Quod

479 4950 571 5002 est
600 4947 813 5013 dicere,
846 4947 1001 5018 quod
1035 4946 1117 5002 illi
1149 4948 1347 5003 minus
1380 4949 1661 5017 fecerunt,
1694 4970 1795 5009 vos
1835 4955 2120 5027 suppleto.

477 5033 564 5093 Illi
597 5035 1013 5092 interfecerunt
1041 5052 1260 5105 servos,
1291 5053 1394 5092 vos
1423 5036 1734 5095 interﬁcite
1783 5042 2119 5100 Dominum.

477 5122 773 5180 Moraliter
796 5127 991 5180 a‘utem
1023 5141 1126 5197 per
1155 5141 1366 5181 manus
1397 5125 1680 5198 accipitur
1712 5131 1989 5200 operatio,
2025 5150 2126 5204 per

475 5213 824 5284 sanguinem
854 5231 987 5269 vero
1009 5219 1336 5285 peccatum.
1361 5214 1522 5270 Unde
1545 5216 1854 5273 Psalmista
1877 5236 1888 5274 :
1915 5220 2120 5278 Libera

479 5313 594 5365 me,
625 5299 836 5373 inquit,
860 5303 931 5358 de
963 5302 1373 5376 sanguinibus,
1390 5304 1447 5358 id
1470 5306 1663 5371 est,de
1686 5308 1958 5378 peccatis.
1985 5309 2119 5365 Ideo

481 5401 616 5456 ergo
638 5404 754 5443 non
778 5391 1086 5446 exaudiam
1106 5409 1228 5455 vos,
1252 5393 1390 5465 quia
1412 5395 1670 5464 operatio
1699 5413 1982 5452 manuum
2005 5415 2128 5453 ves-

481 5475 702 5528 trarum
735 5477 906 5546 plena
936 5483 1025 5534 est
1055 5481 1306 5550 peccatis
1353 5487 1411 5537 et
1457 5481 1774 5554 impietate,
1809 5485 2124 5542 homicidio

485 5556 726 5629 scilicet,
756 5564 1062 5632 adulterio,
1092 5568 1493 5636 fornicatione,
1527 5573 1864 5645 cmterisque
1913 5575 2086 5632 vitiis.

2239 3288 2396 3327 cum.
2433 3293 2462 3322 «
2491 3271 2757 3327 Judicate
2788 3271 3031 3344 pupillo,
3065 3294 3092 3321 »
3126 3271 3234 3327 hoc
3265 3278 3383 3344 est,
3416 3273 3472 3328 in
3501 3268 3696 3344 judicio
3717 3265 3814 3322 sub-

2239 3359 2428 3416 venite
2455 3359 2563 3428 illi,
2597 3383 2625 3409 ‹‹
2658 3365 2716 3416 et
2745 3360 3038 3417 defendite
3065 3361 3316 3418 viduam
3338 3385 3366 3413 »
3387 3363 3456 3418 de
3485 3375 3644 3416 manu
3671 3353 3814 3411 fortio-

2240 3449 2321 3504 ris
2352 3449 2501 3519 eius.

2312 3559 2340 3588 «
2372 3538 2440 3592 Et
2466 3538 2655 3593 venite
2684 3542 2742 3592 et
2770 3539 2995 3610 arguite
3029 3555 3142 3608 me,
3175 3539 3328 3596 dicit
3357 3539 3640 3596 Dominus.
3671 3532 3812 3588 »Cum

2237 3625 2358 3682 hzec
2380 3627 2600 3694 omnia,
2635 3627 2848 3700 inquit,
2884 3628 3155 3696 feceritis,
3190 3631 3429 3704 arguite
3459 3627 3619 3697 me,id
3645 3620 3814 3690 est,in-

2237 3720 2466 3788 crepate
2503 3733 2618 3780 me,
2649 3721 2708 3772 et
2745 3716 2971 3787 judicio
3020 3719 3363 3776 contendite
3409 3732 3640 3780 mecum,
3665 3711 3810 3768 sinon

2238 3804 2540 3860 reddidero
2568 3805 2734 3860 vobis
2765 3805 3022 3877 praemia,
3057 3823 3184 3879 quae
3227 3807 3527 3879 pollicitus
3568 3819 3700 3860 sum.
3725 3822 3746 3849 α
3769 3792 3810 3852 Si

2237 3893 2456 3948 fuerint
2477 3898 2711 3965 peccata
2737 3899 2931 3950 vestra
2960 3901 3024 3950 ut
3052 3895 3388 3964 coccinum,
3417 3894 3574 3968 quasi
3603 3890 3686 3946 nix
3699 3882 3810 3943 deal-

2237 3981 2554 4036 babuntur.
2571 3981 2703 4036 Etsi
2723 3983 2941 4038 fuerint
2959 3985 3136 4039 rubra
3155 3985 3331 4056 quasi
3353 3973 3813 4042 vermiculus,velut

2236 4069 2371 4124 lana
2400 4068 2534 4124 alba
2561 4075 2752 4124 erunt.
2790 4093 2811 4122 ι
2845 4071 3004 4126 Idem
3035 4077 3125 4127 est
3153 4062 3461 4128 coccinum
3492 4071 3604 4126 sive
3637 4076 3808 4123 soccus.

2235 4159 2388 4231 quod
2419 4163 2476 4214 et
2504 4159 2878 4226 vermiculus.
2918 4161 3166 4233 Ideoque
3196 4163 3357 4234 quod
3389 4157 3705 4232 intelligitur
3740 4162 3810 4222 per

2232 4249 2556 4314 coccinum,
2588 4249 2696 4305 hoc
2745 4253 2804 4306 et
2850 4267 2953 4321 per
2993 4250 3404 4320 vermiculum,
3432 4266 3611 4325 grave,
3638 4239 3806 4301 scilicet

2231 4342 2556 4408 peccatum,
2590 4342 2656 4392 ut
2685 4342 2774 4393 est
2804 4339 3211 4406 homicidium,
3235 4335 3805 4402 adultorium,furtum.

2233 4429 2554 4496 caeteraque
2585 4425 2742 4482 talia.
2775 4428 2844 4482 Et
2891 4427 3047 4499 quod
3098 4428 3470 4501 signiﬁcatur
3513 4443 3607 4499 per
3647 4421 3806 4477 nivem.

2154 4533 2202 4598 Ι)
2235 4513 2343 4568 hoc
2376 4531 2476 4585 per
2501 4513 2720 4580 lanam,
2753 4515 3022 4588 purgatio
3051 4516 3279 4574 scilicet
3311 4516 3660 4579 delictorum,
3680 4501 3810 4598 cui?

2235 4600 2378 4658 lutio
2409 4601 2712 4658 scelerum.
2745 4603 2825 4667 Si,
2859 4603 3070 4676 inquit,
3108 4604 3362 4661 feceritis
3409 4621 3477 4662 ea
3517 4618 3632 4675 qua:
3660 4589 3808 4669 praci-

2236 4691 2330 4762 pio
2361 4690 2543 4755 vobis,
2577 4695 2641 4746 ut
2677 4692 2960 4748 recedatis
2983 4709 3018 4748 a
3049 4691 3202 4749 malo
3251 4698 3311 4749 et
3363 4691 3578 4750 faciatis
3623 4688 3806 4741 bonum.

2234 4779 2596 4834 subveniatis
2626 4779 2846 4851 pupillo
2877 4785 2936 4836 et
2960 4781 3292 4838 defendatis
3329 4781 3700 4843 vidﬁam,tunc
3719 4780 3810 4840 peo-

2232 4871 2362 4922 cata
2391 4871 2582 4923 vestra
2625 4867 2908 4923 immania
2955 4873 3014 4924 et
3058 4886 3238 4940 opera
3284 4865 3807 4947 scelestissimhqu’?

2233 4956 2396 5028 prius
2426 4953 2749 5026 sanguinea
2777 4961 2944 5012 erant
2973 4961 3038 5012 ut
3069 4959 3397 5025 coccinum,
3423 4963 3480 5014 et
3505 4955 3663 5012 rubra
3681 4955 3806 5019 qua!"

2231 5043 2608 5114 vermiculus,
2659 5063 2760 5117 per
2808 5045 3216 5117 paenitentiam
3261 5053 3320 5104 et
3370 5039 3805 5117 compunctionem

2231 5132 2622 5206 lacrymarum
2652 5133 3106 5204 dealbabuntur,
3140 5141 3198 5192 et
3228 5139 3398 5192 erunt
3426 5129 3654 5190 candida
3692 5119 3807 5177 velut

2237 5221 2332 5276 nix
2362 5226 2419 5275 et
2449 5220 2604 5278 lana.

2302 5333 2329 5359 «
2353 5311 2422 5365 ‘Si
2457 5310 2754 5368 volueritis
2789 5334 2815 5360 »
2847 5312 3151 5370 ambulare
3182 5314 3240 5370 in
3273 5310 3561 5386 prmeeptis
3607 5300 3742 5362 meis,
3765 5293 3806 5347 et
3919 5333 3921 5386 ἰ

2239 5417 2260 5447 ε
2295 5399 2341 5452 si
2389 5399 2771 5456 obaudieritis
2817 5399 3012 5457 verbis
3049 5403 3238 5458 meis:
3274 5403 3422 5458 bona
3461 5395 3658 5466 (istius)
3683 5391 3805 5476 te"?

2231 5488 2568 5542 comedetis.
2594 5511 2619 5537 ››
2639 5488 2922 5560 Vel,quod
2946 5491 3140 5562 majus
3164 5495 3271 5558 est,
3289 5493 3435 5546 bona
3457 5491 3606 5575 terra:
3627 5479 3688 5575 de

2236 5577 2346 5630 bus
2379 5576 2642 5648 psalmus
2674 5577 2816 5634 dicit
2849 5596 2860 5634 :
2897 5602 2924 5629 «
2961 5580 3143 5636 Credo
3175 5581 3366 5638 videre
3383 5579 3528 5634 bona
3549 5571 3802 5628 Dominum

3917 5521 3919 5669 ἱ

3915 5735 3918 5932 l
