4060 6180
197 377 203 382 '
250 363 365 426 ’ΒΩ

249 516 349 573 per
367 497 603 556 colles.»
621 496 725 555 Isti
748 495 1049 555 novissimi
1071 498 1198 555 dies
1217 499 1456 566 sunt,de
1474 499 1692 571 quibus
1711 499 1890 555 Jacob
1918 493 1977 565 Α

250 589 583 665 patriarcha
612 587 758 644 dixit
789 606 802 645 :
835 587 1062 655 Venite,
1086 588 1190 643 ﬁlii
1236 590 1438 654 Jacob,
1472 590 1666 644 audite
1716 589 1891 645 Israel

248 683 473 754 patrem
501 681 796 745 vestrum;
830 682 886 733 et
916 678 1279 734 annuntiabo
1303 679 1468 734 vobis
1496 696 1623 751 quae
1647 682 1894 737 ventura

245 774 386 827 sunt
412 769 471 823 in
503 767 841 823 novissimis
871 768 1098 835 diebus,
1124 767 1181 822 id
1214 772 1321 835 est,
1344 767 1403 821 in
1438 768 1757 823 novissima
1785 786 1890 823 sa:-

242 859 356 916 culi
388 861 572 913 aetate.
600 858 671 912 Et
709 856 980 928 protinus
1020 856 1279 912 addidit:
1302 880 1327 907 «
1354 858 1479 912 Non
1518 858 1749 913 deficiet
1774 858 1890 912 dux

243 950 313 1005 de
340 948 517 1012 Juda,
539 947 724 1003 donec
743 946 937 1001 veniat
957 945 1058 1017 qui
1094 946 1416 1001 mittendus
1447 951 1537 1001 est
1566 948 1708 1014 (Dan
1751 947 1834 1015 II).
1862 968 1889 994 ››

242 1038 577 1094 Notandum
607 1040 806 1091 autem
835 1035 1013 1091 istum
1047 1052 1175 1090 esse
1207 1040 1487 1101 montem,
1512 1053 1687 1107 quem
1718 1053 1891 1107 supe-

242 1127 365 1183 rius
381 1123 984 1197 appellavitVerbum.
1000 1126 1070 1180 Et
1090 1125 1199 1180 iste
1216 1129 1305 1179 est
1323 1124 1602 1196 lapis,qui
1621 1124 1783 1181 visus
1804 1129 1895 1181 est

242 1214 468 1273 Danieli
509 1213 760 1270 crevisse
788 1213 847 1268 in
888 1217 1151 1270 montem
1192 1230 1499 1285 magnum,
1522 1218 1579 1268 et
1614 1214 1891 1286 implesse

240 1321 474 1362 omnem
498 1309 737 1359 terram.
764 1307 881 1359 lste
901 1303 1118 1374 quippe
1139 1320 1329 1371 mons,
1358 1321 1526 1359 mons
1546 1304 1759 1359 domus
1780 1305 1889 1359 Do-

239 1396 385 1452 mini
417 1399 525 1461 est,
550 1394 606 1448 id
639 1397 748 1459 est,
775 1392 1064 1457 Ecclesiae,
1088 1410 1215 1464 quae
1264 1397 1355 1449 est
1401 1394 1613 1448 domus
1658 1393 1890 1448 Domini

237 1500 422 1558 supra
442 1481 741 1540 Christum
764 1482 1028 1547 fundata,
1044 1482 1117 1537 de
1147 1498 1263 1553 quo
1287 1482 1779 1554 psalmographus
1799 1499 1888 1537 ce-

234 1573 382 1631 cinit
403 1590 453 1627 ειι
477 1572 664 1629 Unam
687 1570 826 1642 petii
849 1587 883 1625 a
902 1569 1172 1635 Domino,
1197 1569 1349 1625 bane
1372 1570 1687 1642 requiram,
1712 1575 1777 1625 ut
1801 1571 1890 1625 in-

233 1662 499 1719 habitem
528 1660 590 1715 in
621 1660 797 1716 domo
828 1657 1061 1714 Domini
1091 1658 1317 1730 (Psalm.
1352 1660 1527 1726 mw).
1553 1682 1580 1709 ››
1605 1660 1891 1731 Egregius

234 1768 472 1826 quoque
507 1749 855 1822 prmdicator
876 1749 947 1804 ad
973 1748 1346 1804 Timotheum
1373 1765 1386 1805 :
1418 1773 1438 1799 ει
1468 1749 1646 1816 Scito,
1670 1749 1888 1822 inquit,

235 1840 530 1929 quomodo
625 1835 1210 1929 oporteatambulare
1230 1837 1289 1893 in
1309 1839 1890 1929 domoiDomini,quze
1920 1863 1970 1929 Β

233 1935 331 1988 est.
383 1928 642 1985 Ecclesia
697 1926 799 1983 Dei
856 1925 968 1981 vivi
1021 1925 1067 1998 (I
1111 1928 1255 1982 Tim.
1288 1927 1607 2000 111).»Ipse
1660 1945 1894 2000 quoque

232 2018 509 2076 Christus
538 2033 709 2073 mons
751 2019 843 2071 est
886 2018 946 2071 et
992 2015 1204 2072 domus
1236 2016 1357 2083 Dei,
1384 2018 1453 2072 de
1485 2033 1601 2088 qua
1630 2017 1843 2072 dicitur
1874 2033 1888 2072 ε

238 2133 265 2159 ι
285 2110 464 2165 Mons
492 2107 554 2161 in
574 2122 693 2178 quo
715 2104 1150 2177 beneplacitum
1177 2108 1266 2161 est
1285 2106 1423 2173 Deo,
1449 2105 1713 2161 habitare
1734 2105 1793 2160 in
1825 2122 1892 2161 eo

230 2197 469 2267 (Psalm.
510 2198 704 2264 van).
733 2216 762 2245 »
786 2194 896 2250 Sed
950 2193 1085 2265 quis
1122 2194 1270 2249 vidit
1317 2212 1578 2266 unquam
1628 2199 1900 2250 montem‘

234 2302 422 2358 supra
446 2284 723 2340 verticem
758 2283 1094 2339 montium?
1123 2284 1292 2339 Mons
1321 2284 1477 2340 enim
1507 2288 1596 2339 est
1625 2284 1895 2339 Christus

233 2378 296 2429 ut
346 2371 626 2427 diximus.
662 2372 889 2427 Montes
924 2387 1059 2426 vero
1100 2372 1291 2443 angeli
1333 2375 1492 2437 sunt,
1516 2372 1895 2443 caelestesque

233 2462 508 2527 vertices,
544 2458 818 2532 apostoli,
850 2459 1213 2530 patriarchae,
1246 2460 1563 2531 prophetae,
1588 2464 1893 2532 martyres,

235 2549 633 2615 confessores,
658 2547 758 2619 qui
799 2548 1068 2603 doctrina
1108 2566 1237 2615 sua,
1270 2549 1401 2615 fide,
1431 2554 1491 2604 et
1536 2549 1905 2621 Operatione,

238 2638 554 2712 signisque
582 2636 1002 2693 miraculorum
1053 2637 1278 2693 fortiter
1325 2638 1675 2694 micuerunt.
1708 2638 1897 2694 Colles

237 2740 379 2784 vero
410 2725 713 2797 simplices
743 2726 961 2798 quique
1002 2730 1061 2781 et
1104 2726 1325 2795 ﬁdeles,
1360 2730 1426 2782 ut
1454 2730 1593 2783 sunt
1621 2727 1894 2795 eremitaa,

239 2814 859 2881 oontinentes,viduaa,
883 2818 939 2870 et
959 2813 1140 2881 vidui,
1162 2815 1418 2887 bonique
1440 2815 1894 2886 conjugati.Qui,

240 2905 380 2963 licet
392 2903 665 2961 doctrina
678 2907 736 2959 et
751 2903 938 2977 signis
957 2903 1374 2960 miraculorum
1391 2922 1506 2960 non
1527 2904 1705 2959 clarui
1713 2908 1896 2972 ssent,

244 2995 364 3051 ﬁde
394 2998 594 3050 tamen
626 2996 681 3048 et
727 2992 1063 3065 operatione
1115 2993 1351 3066 perfecti
1405 2994 1661 3049 fuerunt.
1696 2994 1777 3049 De
1805 2992 1899 3047 his

245 3082 557 3140 montibus
577 3080 943 3153 collibusque
962 3082 1272 3137 Psalmista
1288 3083 1576 3148 decantat,
1590 3080 1865 3153 inquiens
1884 3098 1897 3136 :

243 3174 485 3232 Montes
504 3171 566 3226 in
600 3170 847 3226 circuitu
868 3171 1016 3243 ejus.
1040 3173 1112 3227 Et
1140 3170 1397 3227 Ecclesia
1425 3171 1482 3226 in
1505 3170 1742 3226 Cantieo
1763 3187 1897 3224 can-

242 3262 503 3318 ticorum
528 3278 578 3315 zu
601 3261 748 3315 Ecce
766 3258 877 3315 iste
897 3260 1053 3315 venit
1071 3259 1286 3315 saliens
1314 3258 1374 3314 in
1399 3259 1724 3326 montibus,
1748 3262 1901 3313 tran-
1930 3229 1975 3297 (ἶ

241 3351 575 3422 siliensque
633 3347 812 3405 colles
858 3348 1088 3420 (Cantia.
1121 3351 1207 3416 ιι).
1232 3370 1260 3398 ››
1285 3349 1452 3404 Mons
1507 3364 1644 3420 ergo
1687 3349 1901 3403 domus

240 3437 487 3495 Domini
510 3438 570 3492 in
591 3436 803 3493 vertice
823 3436 1111 3492 montium
1135 3441 1224 3492 est
1243 3440 1623 3509 praeparatus,
1639 3453 1705 3492 ac
1725 3453 1903 3507 super

238 3527 428 3583 colles
460 3525 1030 3594 elevatus,Christus
1057 3525 1326 3581 videlicet
1354 3543 1532 3597 super
1560 3543 1735 3598 quem
1770 3526 1899 3580 fun-

237 3616 385 3672 data
428 3619 525 3670 est
560 3613 837 3682 Ecclesia,
862 3631 897 3669 a
925 3614 1042 3669 Deo
1074 3614 1239 3669 Patre
1270 3618 1631 3686 praeparatus
1677 3618 1734 3669 et
1779 3614 1899 3670 ele-

233 3709 415 3761 vatus
465 3720 644 3775 super
689 3720 925 3759 omnem
975 3701 1389 3775 principatum,
1430 3706 1488 3759 et
1517 3702 1811 3771 virtutem,
1845 3705 1903 3759 et

236 3791 734 3850 dominationem.

309 3898 342 3933 ‹‹
364 3882 447 3937 Et
476 3880 664 3936 ﬂuent
685 3881 756 3935 ad
782 3896 918 3936 eum
941 3896 1146 3935 omnes
1167 3884 1389 3953 gentes,
1412 3884 1473 3937 et
1498 3880 1670 3935 ibunt
1699 3879 1899 3952 populi

234 3969 420 4035 multi
446 3972 511 4024 et
536 3968 770 4025 dicent:
800 3990 823 4018 ι
859 3967 1107 4024 1)οωίηο
1155 3968 1494 4024 adveniente
1544 3968 1605 4023 in
1655 3970 1897 4037 mundo,

232 4058 544 4130 oculosque
574 4060 810 4129 peracta
854 4056 1254 4130 redemptione
1301 4061 1662 4129 penetrante,
1696 4074 1903 4114 omnes

232 4150 453 4220 gentes
471 4150 533 4203 et
560 4145 761 4219 populi
784 4147 855 4202 ad
882 4146 1059 4203 ﬁdem
1084 4147 1214 4217 ejus
1235 4145 1657 4202 conﬂuxerunt.
1672 4146 1755 4201 De
1777 4146 1902 4218 qui-

231 4234 351 4295 bus
366 4239 437 4292 et
456 4234 687 4292 dictum
708 4236 900 4291 fuerat
919 4252 953 4291 a
972 4235 1142 4290 Patre
1161 4251 1173 4291 :
1189 4255 1216 4288 α
1232 4233 1469 4291 Postula
1490 4252 1524 4289 a
1543 4251 1656 4303 me,
1670 4238 1729 4290 et
1750 4234 1900 4290 dabo

230 4326 343 4382 ῶὶ
375 4328 590 4399 gentes
622 4322 1021 4379 hereditatem
1051 4327 1214 4379 tuam
1244 4324 1473 4392 (Psalm.
1495 4326 1581 4392 ιι).
1604 4346 1633 4374 ››
1658 4324 1768 4379 Sed
1802 4323 1899 4379 isti

230 4413 448 4487 populi
471 4415 797 4484 gentesque
816 4428 1189 4484 nequaquam
1212 4412 1447 4484 propria
1467 4411 1654 4468 salute
1671 4415 1902 4469 conten—

228 4503 299 4570 ti,
325 4501 730 4561 hortabantur
757 4518 822 4557 se
850 4500 1099 4557 invicem
1128 4501 1388 4556 dicentes
1412 4519 1462 4556 :«
1488 4501 1693 4556 Venite
1713 4506 1772 4556 et
1799 4520 1898 4557 as-

1322 363 1724 428 COMMENT.
1771 362 1851 425 1N
1892 344 2194 428 ISAIAM.
2224 365 2476 429 -—L1B.
2519 366 2572 431 ι.

3524 375 3643 440 730

2004 500 2089 557 sic
2120 503 2556 562 ambulabimus
2576 504 2635 560 in
2658 504 2883 563 semitis
2903 507 3051 577 ejus,
3074 505 3131 562 id
3155 511 3262 575 est,
3284 506 3341 564 in
3367 507 3644 581 operibus

2001 591 2181 651 illius.
2206 594 2489 651 imitando
2520 594 2708 650 illum.
2732 596 2842 651 Sed
2875 596 3039 667 prius
3068 597 3359 653 discendm
3380 602 3521 655 sunt
3538 598 3644 655 via;

2001 681 2320 749 Domini,id
2342 686 2734 751 est,mandata
2755 684 3007 750 illius,ut
3030 686 3237 741 beatus
3258 686 3644 759 Hieronymus

2002 771 2164 836 dicit,
2178 776 2233 826 et
2254 778 2452 844 postea
2470 773 2891 828 ambulandum
2917 791 3021 844 per
3035 774 3276 829 semitas
3295 776 3478 845 ejus.«
3499 775 3645 841 Quia

2001 860 2071 915 de
2104 861 2239 916 Sion
2274 861 2494 916 exhibit
2523 862 2633 927 lex,
2657 867 2712 917 et
2738 864 2979 918 verbum
3010 862 3241 918 Domini
3266 864 3338 919 de
3368 863 3644 920 Hierusa-

1999 949 2172 1005 lem.»
2197 951 2273 1004 Ae
2297 950 2345 1004 si
2367 950 2617 1006 diceret:
2644 951 2861 1006 Idcirco
2884 968 3086 1007 omnes
3107 956 3309 1023 gentes
3330 951 3646 1024 populique

2002 1037 2172 1092 multi
2204 1040 2411 1093 mutuo
2437 1056 2499 1093 se
2518 1040 2930 1111 hortabuntur,
2948 1044 3012 1095 ut
3030 1041 3268 1096 veniant
3288 1042 3360 1097 ad
3386 1045 3643 1097 montem

2001 1126 2253 1188 Domini,
2281 1132 2339 1181 et
2369 1129 2690 1183 ascendant
2708 1129 2779 1183 ad
2806 1130 3047 1183 domum
3080 1128 3179 1184 Dei
3209 1130 3555 1202 Jacob,quia
3575 1130 3645 1186 de

2001 1214 2136 1269 Sion
2163 1216 2384 1271 exhibit
2410 1216 2520 1283 lex,
2541 1220 2598 1272 et
2623 1218 2863 1272 verbum
2895 1217 3126 1272 Domini
3158 1218 3230 1273 de
3260 1218 3642 1274 Hierusalem.

2003 1303 2108 1358 Per
2137 1304 2273 1359 Sion
2308 1304 2455 1376 (qua:
2493 1306 2906 1377 interpretatur
2933 1306 3276 1376 speeulatio)
3298 1311 3355 1361 et
3384 1324 3488 1378 per
3515 1307 3645 1363 Hie-

2001 1392 2255 1447 rusalem
2283 1393 2430 1464 (quze
2462 1394 2883 1465 interpretatur
2911 1394 3055 1449 visio
3086 1395 3270 1467 pacis)
3306 1394 3650 1466 intelligitur

2001 1481 2297 1552 primitiva
2334 1482 2612 1547 Ecclesia,
2635 1501 2763 1555 qua;
2811 1484 2922 1538 fuit
2968 1483 3028 1538 in
3077 1483 3356 1556 apostolis
3402 1483 3650 1556 aliisque

2000 1570 2373 1626 credentibus
2403 1588 2472 1626 ex
2500 1571 2741 1637 Judaeis,
2765 1573 2835 1628 de
2874 1590 2992 1644 qua
3032 1572 3316 1645 processit
3342 1574 3415 1628 ad
3444 1590 3650 1629 omnes

2002 1659 2269 1717 nationes
2298 1660 2389 1717 lex
2417 1660 2642 1717 Veteris
2671 1662 3030 1717 Testamenti
3060 1661 3446 1733 spiritualiter
3476 1662 3651 1718 intel-

2000 1747 2167 1815 lecta,
2191 1753 2250 1803 et
2277 1750 2519 1805 verbum
2549 1749 2779 1805 Domini
2812 1750 3079 1809 doctrina
3106 1749 3422 1822 Evangelii.
3452 1751 3651 1807 Potest

2000 1836 2176 1893 etiam
2204 1842 2263 1894 et
2290 1840 2362 1894 de
2390 1840 2644 1911 generali
2675 1839 2932 1895 Ecclesia
2961 1838 3229 1911 intelligi,
3251 1839 3323 1895 de
3353 1855 3469 1911 qua
3497 1855 3645 1911 quo-

2002 1925 2143 1982 tidie
2173 1932 2376 1983 manat
2403 1928 2514 1997 lex,
2546 1932 2604 1985 et
2631 1928 2895 1985 doctrina
2924 1928 3240 2003 Evangelii.

2073 2037 2102 2065 «
2127 2016 2197 2070 Et
2218 2016 2509 2087 judicabit
2532 2021 2756 2089 gentes,
2778 2023 2835 2074 et
2865 2021 3070 2092 arguet
3098 2018 3345 2091 populos
3368 2018 3644 2076 multos.»

2002 2103 2250 2169 Quidam
2276 2106 2386 2160 sub
2426 2124 2543 2161 uno
2574 2124 2751 2163 sensu
2794 2108 3126 2179 accipiunt:
3160 2108 3314 2179 quod
3352 2125 3538 2163 unum
3571 2108 3650 2165 sit

2004 2191 2263 2262 iudicare
2285 2197 2509 2265 gentes,
2532 2198 2589 2250 et
2606 2212 2848 2267 arguere
2868 2196 3114 2269 populos
3137 2196 3374 2252 multos.
3398 2197 3507 2252 Sed
3531 2211 3648 2252 me-

2003 2279 2119 2338 lius
2144 2286 2251 2347 est,
2274 2286 2338 2337 ut
2358 2282 2630 2339 distincte
2652 2284 3009 2356 accipiamus
3032 2302 3135 2357 per
3154 2288 3375 2355 gentes,
3401 2283 3649 2351 gentiles

2004 2370 2308 2425 credentes
2328 2375 2385 2425 et
2405 2389 2517 2426 non
2537 2373 2867 2440 credentes;
2889 2391 2991 2445 per
3010 2373 3256 2445 populos
3278 2372 3516 2441 multos,
3530 2373 3651 2432 sive

2006 2476 2110 2529 per
2132 2460 2411 2531 populum
2438 2461 2690 2516 multum
2704 2465 2791 2529 (ut
2807 2463 3188 2535 Septuaginta
3202 2461 3648 2534 transtulerunt)

2004 2547 2241 2605 Judzeos
2270 2550 2623 2606 incredulos.
2656 2551 2891 2606 Judieat
2921 2568 3058 2621 ergo
3086 2551 3371 2608 Dominus
3391 2550 3650 2623 quotidie

2004 2642 2230 2707 gentes,
2255 2643 2313 2693 et
2333 2638 2626 2709 judicabit
2643 2639 2993 2709 generaliter
3024 2640 3082 2694 in
3112 2640 3205 2695 die
3226 2639 3457 2711 judicii,
3482 2639 3540 2695 id
3561 2642 3653 2697 est

2006 2725 2416 2781 discretionem
2439 2727 2610 2782 faciet
2632 2727 2782 2783 inter
2801 2729 3102 2783 credentes
3122 2731 3178 2782 et
3193 2744 3307 2782 non
3325 2728 3646 2783 credentes.

2005 2815 2185 2870 Aliter
2205 2816 2362 2870 enim
2385 2815 2811 2886 judicabuntur
2838 2817 3159 2879 credentes,
3184 2816 3352 2872 aliter
3380 2833 3496 2872 non
3526 2831 3648 2871 cre-

2009 2905 2213 2959 dentes
2233 2921 2251 2958 9
2273 2904 2413 2976 quia
2442 2905 2541 2976 qui
2575 2922 2688 2959 non
2719 2905 2922 2969 credit,
2938 2906 3064 2974 jam
3088 2904 3392 2975 judicatus
3420 2907 3529 2959 est.
3552 2904 3652 2959 Ar-

2008 2997 2147 3063 guet
2168 2997 2362 3048 autem
2385 2992 2632 3064 populos
2652 2992 2891 3060 multos,
2908 2993 2964 3047 id
2987 2996 3075 3046 est
3094 2992 3398 3048 damnabit
3416 2992 3650 3049 Judzeos

2010 3080 2343 3136 incredulos
2372 3086 2429 3137 et
2459 3081 2740 3135 infideles.
2767 3104 2793 3131 «
2818 3081 2887 3135 Et
2907 3080 3244 3135 conﬂabunt
3264 3080 3490 3153 gladios
3508 3097 3651 3136 suos

2010 3170 2069 3224 in
2109 3186 2390 3235 vomeres,
2424 3173 2481 3225 et
2525 3168 2756 3225 lanceas
2807 3186 2947 3224 suas
3002 3170 3061 3223 in
3118 3168 3314 3224 falces.
3340 3192 3368 3218 ››
3392 3169 3510 3226 Hoc
3537 3172 3648 3236 est,

2011 3276 2183 3314 omne
2212 3260 2473 3314 studium
2514 3259 2765 3315 bellandi
2786 3261 3053 3313 vertetur
3085 3258 3145 3313 in
3188 3274 3389 3330 pacem
3415 3274 3429 3313 :
3461 3262 3519 3313 et
3550 3275 3650 3329 pro

2009 3348 2321 3411 discordia,
2352 3349 2462 3403 erit
2492 3349 2551 3403 in
2581 3352 2702 3403 toto
2733 3348 2869 3403 orbe
2900 3347 3228 3403 concordia.
3258 3346 3445 3402 Gladii
3478 3345 3654 3419 siqui-

2009 3437 2141 3492 dem
2201 3438 2588 3493 mutabuntur
2634 3437 2691 3492 in
2739 3453 3022 3504 vomeres,
3053 3441 3109 3492 et
3163 3436 3376 3491 lanceas
3433 3452 3552 3492 suae
3590 3435 3653 3491 in

2010 3525 2187 3581 falces
2221 3543 2234 3579 :
2270 3532 2333 3581 ut
2373 3525 2593 3581 amisso
2626 3526 2817 3580 furore
2849 3529 2909 3581 et
2947 3524 3220 3596 superbia
3249 3523 3650 3597 belligerandi,

2009 3614 2378 3685 agriculturae
2423 3615 2772 3670 deserviant.
2806 3613 3197 3685 Spiritualiter
3245 3614 3441 3667 autem
3471 3610 3651 3683 gladii

2010 3707 2317 3765 mutantur
2346 3702 2403 3757 in
2434 3720 2716 3767 vomeres,
2750 3707 2810 3756 et
2840 3701 3050 3755 lancea:
3082 3700 3139 3754 in
3178 3698 3392 3755 falces:
3417 3698 3651 3769 quando

2008 3795 2067 3847 et
2088 3789 2404 3846 seditiones
2423 3788 2848 3845 discordiarum
2872 3787 3042 3859 longe
3066 3787 3364 3858 pelluntur
3393 3804 3428 3842 a
3456 3785 3648 3855 nobis,

2008 3883 2066 3935 et
2095 3879 2310 3934 duritia
2358 3878 2551 3933 cordis
2596 3874 2811 3933 Christi
2854 3891 3105 3942 vomere,
3138 3874 3196 3929 id
3241 3878 3332 3931 est
3380 3873 3648 3930 admoni-

2008 3968 2164 4024 tione
2204 3966 2361 4023 verbi
2404 3965 2528 4031 Dei,
2572 3964 2861 4036 frangitur
2892 3981 2905 4020 :
2936 3962 3422 4036 eradicanturque
3467 3962 3650 4035 spina!

2006 4057 2303 4121 vitiorum,
2327 4058 2393 4109 ut
2422 4070 2620 4110 semen
2653 4051 2942 4108 sermonis
2967 4050 3069 4106 Dei
3090 4056 3313 4107 crescat
3339 4051 3397 4106 in
3431 4051 3647 4123 fruges.

2008 4148 2063 4201 et
2080 4149 2283 4215 postea
2297 4143 2524 4198 labores
2540 4158 2822 4197 manuum
2842 4140 3647 4197 nostrarum'manducemue:

2008 4231 2349 4290 adveniente
2379 4236 2639 4302 tempore
2669 4228 3004 4298 messionis,
3024 4229 3082 4284 id
3105 4232 3213 4296 est,
3238 4229 3505 4286 mortis.«
3524 4228 3649 4285 Non

2007 4321 2223 4378 levabit
2269 4336 2415 4392 gens
2462 4322 2666 4374 contra
2701 4322 2933 4390 gentem
2964 4317 3247 4389 gladium,
3273 4336 3377 4374 nec
3422 4334 3651 4375 exerce-

2008 4411 2231 4467 buntur
2260 4409 2415 4464 ultra
2457 4409 2526 4463 ad
2570 4405 2891 4479 praelium.»
2917 4408 2998 4461 Ea
3025 4423 3153 4478 qua:
3197 4406 3468 4477 superius
3496 4407 3653 4462 dicta

2008 4504 2150 4556 sunt
2178 4500 2251 4553 de
2293 4496 2617 4553 mutatione
2663 4494 3013 4568 gladiorum,
3034 4498 3093 4549 et
3121 4509 3248 4565 qua:
3286 4491 3461 4547 etiam
3494 4509 3652 4549 nunc

229 4592 570 4646 condemns
591 4590 664 4646 ad
687 4592 944 4645 montem
969 4588 1221 4656 Domini,
1245 4594 1304 4645 et
1322 4590 1394 4644 ad
1417 4590 1659 4645 domum
1682 4590 1780 4645 Dei
1801 4592 1896 4647 Ja-
1928 4590 1977 4657 D
2006 4587 2305 4653 dicuntur,
2326 4592 2588 4657 tempore
2619 4581 3035 4639 incarnationis
3054 4579 3341 4652 completa
3368 4583 3528 4635 sunt.
3560 4580 3649 4636 Si-

228 4680 367 4748 wh,
393 4683 459 4735 et
484 4677 717 4735 docebit
736 4695 845 4734 nos
864 4678 989 4734 vias
1009 4694 1147 4733 suas
1174 4682 1233 4733 et
1261 4677 1697 4734 ambulabimus
1718 4679 1779 4733 in
1810 4696 1899 4735 se-

229 4768 410 4823 mitis
438 4767 595 4837 ejus.
622 4787 651 4817 ››
668 4766 811 4833 Quis
840 4767 918 4822 sit
960 4783 1132 4822 mons
1161 4766 1383 4821 Domus
1412 4767 1666 4833 Domini,
1685 4772 1743 4823 et
1772 4785 1900 4839 quae

226 4856 460 4913 domus
486 4855 614 4925 Dei,
636 4855 813 4927 paulo
834 4855 1106 4927 superius
1134 4854 1426 4910 diximus:
1448 4855 1716 4912 Christus
1737 4856 1901 4913 vide-

225 4944 377 5001 licet
403 4948 464 5001 et
490 4943 773 5000 Ecclesia.
798 4944 917 4999 Hoc
948 4948 1143 4999 autem
1173 4944 1756 5001 animadvertendum
1788 4949 1898 5012 est,

224 5032 380 5106 quia
398 5046 545 5088 cum
560 5030 826 5101 dixisset,
839 5032 1243 5087 Ascendamus
1258 5032 1329 5087 ad
1354 5032 1616 5099 domum,
1634 5034 1903 5105 protinus

224 5120 469 5177 curavit
486 5119 835 5176 subnectere
852 5120 921 5174 ad
942 5120 1112 5190 cujus
1127 5120 1766 5192 domum,aubjungens
1777 5119 1899 5175 Dei.

218 5208 605 5281 Addiditque
627 5226 641 5263 :
660 5208 843 5280 Cujus
866 5208 1006 5262 Dei?
1026 5208 1126 5263 Dei
1146 5208 1348 5264 Jacob.
1374 5209 1533 5274 Quod
1558 5213 1646 5263 est
1668 5208 1857 5264 dicere
1881 5225 1895 5264 :

219 5298 314 5353 Ad
338 5298 599 5352 domum
624 5295 785 5352 illius
807 5297 933 5364 Dei,
955 5296 1054 5368 qui
1072 5301 1163 5351 est
1184 5296 1339 5351 Deus
1365 5297 1725 5352 credentium
1748 5297 1902 5352 sicut

220 5386 423 5443 Iacob
444 5384 718 5453 credidit,
739 5384 932 5441 venite
953 5389 1009 5440 et
1029 5385 1439 5440 ascendamus.
1465 5385 1780 5455 Postquam
1804 5402 1903 5440 au-

220 5477 352 5530 tem
367 5473 649 5553 venimus
669 5474 958 5530 credendo
975 5475 1047 5529 ad
1070 5478 1331 5529 montem
1354 5472 1607 5540 Domini,
1626 5477 1684 5528 et
1705 5491 1903 5531 ascen-

216 5562 509 5618 det-imus
529 5562 600 5619 ad
624 5561 944 5618 Ecclesium
967 5561 1091 5632 Dei,
1116 5561 1346 5617 docebit
1375 5578 1480 5616 nos
1500 5561 1623 5616 vias
1649 5578 1809 5630 suas,
1841 5562 1900 5619 id

214 5657 338 5714 at.
358 5651 655 5708 mandata
680 5651 808 5707 vita:
848 5668 954 5723 per
992 5650 1397 5723 Evangelicam
1438 5650 1766 5707 doctrinam
1795 5669 1807 5707 :
1841 5656 1898 5706 et

2010 4678 2269 4750 quidem,
2294 4679 2359 4730 ut
2387 4672 2643 4729 historia:
2688 4670 2918 4734 divinae,
2949 4670 3315 4741 maximeque
3342 4667 3650 4741 gentilium

2007 4766 2269 4830 tradunt,
2300 4763 2357 4816 in
2389 4766 2512 4817 toto
2541 4760 2680 4815 orbe
2707 4763 2995 4815 terrarum
3030 4761 3196 4813 tanta
3224 4757 3336 4812 fuit
3363 4756 3654 4814 discordia
3762 4754 3765 4757 ’

2008 4857 2142 4909 ante
2164 4850 2396 4907 Domini
2443 4847 2823 4914 nativitatem,
2846 4863 3032 4918 usque
3054 4846 3126 4901 ad
3163 4845 3509 4918 vigesimum
3547 4862 3649 4901 an-
3711 4888 3720 4898 .

2010 4958 2152 4996 num
2176 4937 2473 4995 Octaviani
2492 4936 2884 5010 Augusti,sub
2907 4952 3024 5007 quo
3042 4934 3325 4991 Dominus
3346 4938 3518 4990 natus
3539 4937 3648 4999 est,

2010 5034 2076 5085 ut
2099 5046 2215 5084 non
2247 5025 2682 5099 permitteretur
2702 5026 2771 5079 de
2797 5040 2975 5096 regno
3005 5025 3065 5080 in
3095 5040 3361 5095 regnum,
3383 5021 3440 5078 id
3471 5026 3561 5078 est
3580 5021 3652 5077 de

2010 5115 2307 5191 provincia
2336 5116 2393 5171 in
2426 5113 2782 5188 provinciam
2805 5113 3074 5180 transire,
3094 5110 3356 5167 accensis
3375 5110 3652 5166 omnibus

2007 5207 2202 5263 studio
2236 5204 2532 5280 praeliandi
2569 5222 2580 5259 :
2614 5220 2731 5258 non
2783 5202 2972 5258 solum
3021 5204 3223 5256 contra
3268 5202 3516 5263 exteras,
3546 5199 3649 5255 sed

2006 5297 2182 5354 etiam
2201 5301 2402 5352 contra
2416 5292 2635 5348 vicinas
2653 5290 2919 5346 nationes
2934 5294 2989 5344 et
3004 5287 3432 5343 civitates.0rto
3451 5292 3648 5343 autem

2007 5385 2254 5442 Domino
2278 5383 2591 5445 Salvatore,
2617 5379 2717 5451 qui
2745 5379 2899 5432 Venit
2932 5394 3129 5448 pacem
3155 5377 3294 5432 dare
3325 5377 3564 5443 mundo,
3583 5381 3652 5433 ut

2008 5492 2115 5530 nos
2146 5469 2544 5528 reconciliaret
2574 5468 2689 5521 Deo
2721 5466 2896 5531 Patri,
2924 5470 2982 5520 et
3022 5465 3080 5519 in
3130 5467 3301 5537 cujus
3352 5465 3652 5523 nativitate

2008 5563 2160 5618 cives
2180 5556 2422 5632 angelici
2446 5558 2881 5622 cantaverunt,c
2902 5553 3095 5611 Gloria
3114 5554 3172 5609 in
3195 5553 3439 5611 excelsis
3457 5554 3575 5613 Deo
3594 5560 3653 5615 et

2006 5652 2066 5706 in
2098 5653 2251 5705 terra
2280 5664 2390 5719 pax
2421 5643 2763 5701 hominibus
2793 5643 2957 5702 bona:
2986 5641 3306 5702 voluntatis
3329 5645 3481 5715 (Luc.
3509 5648 3594 5714 ιι),
3620 5667 3649 5693 ››
