  <div class='ocr_page' id='page_1' title='image "/cluster/home/n/w/nwhite01/storage/ocr_20150623/116/hvd.32044054759808/371.png"; bbox 0 0 4060 6180; ppageno 0'>
   <div class='ocr_carea' id='block_1_1' title="bbox 475 331 3808 411">
    <p class='ocr_par' dir='ltr' id='par_1_1' title="bbox 475 331 3808 411">
     <span class='ocr_line' id='line_1_1' title="bbox 475 331 3808 411; baseline -0.002 0"><span class='ocrx_word' id='word_1_1' title='bbox 475 349 587 411; x_wconf 77' lang='grc'>731</span> <span class='ocrx_word' id='word_1_2' title='bbox 886 343 1300 407; x_wconf 82' lang='lat' dir='ltr'>HAYMONIS</span> <span class='ocrx_word' id='word_1_3' title='bbox 1330 337 1872 403; x_wconf 75' lang='lat' dir='ltr'>HALBERSTAT.</span> <span class='ocrx_word' id='word_1_4' title='bbox 1905 333 2154 398; x_wconf 64' lang='lat' dir='ltr'>EPISC.</span> <span class='ocrx_word' id='word_1_5' title='bbox 2177 331 2350 399; x_wconf 89' lang='lat' dir='ltr'>OPP.</span> <span class='ocrx_word' id='word_1_6' title='bbox 2385 337 2611 401; x_wconf 80' lang='lat' dir='ltr'>PARS.</span> <span class='ocrx_word' id='word_1_7' title='bbox 2643 339 2692 401; x_wconf 89' lang='grc' dir='ltr'><strong>Ι.</strong></span> <span class='ocrx_word' id='word_1_8' title='bbox 2723 370 2804 387; x_wconf 92' lang='grc'><strong>-</strong></span> <span class='ocrx_word' id='word_1_9' title='bbox 2829 338 3234 406; x_wconf 83' lang='lat' dir='ltr'>COMMENT.</span> <span class='ocrx_word' id='word_1_10' title='bbox 3263 339 3451 404; x_wconf 84' lang='lat' dir='ltr'>BIBL.</span> <span class='ocrx_word' id='word_1_11' title='bbox 3704 343 3808 405; x_wconf 58' lang='grc' dir='ltr'>’πω</span> 
     </span>
    </p>
   </div>
   <div class='ocr_carea' id='block_1_2' title="bbox 481 467 3807 546">
    <p class='ocr_par' dir='ltr' id='par_1_2' title="bbox 481 467 3807 546">
     <span class='ocr_line' id='line_1_2' title="bbox 481 467 3807 546; baseline -0.002 -7"><span class='ocrx_word' id='word_1_12' title='bbox 481 481 681 539; x_wconf 87' lang='lat' dir='ltr'><strong>omnia</strong></span> <span class='ocrx_word' id='word_1_13' title='bbox 708 478 862 536; x_wconf 90' lang='lat' dir='ltr'>bella</span> <span class='ocrx_word' id='word_1_14' title='bbox 889 479 1283 542; x_wconf 87' lang='lat' dir='ltr'>cessaverunt,</span> <span class='ocrx_word' id='word_1_15' title='bbox 1308 475 1365 530; x_wconf 89' lang='lat' dir='ltr'>et</span> <span class='ocrx_word' id='word_1_16' title='bbox 1385 489 1752 546; x_wconf 90' lang='lat' dir='ltr'>nequaquam</span> <span class='ocrx_word' id='word_1_17' title='bbox 1788 471 1984 528; x_wconf 89' lang='lat' dir='ltr'>studio</span> <span class='ocrx_word' id='word_1_18' title='bbox 2012 469 2128 525; x_wconf 90' lang='lat' dir='ltr'>bel-</span> <span class='ocrx_word' id='word_1_19' title='bbox 2152 467 2210 536; x_wconf 60' lang='grc' dir='ltr'>Α</span> <span class='ocrx_word' id='word_1_20' title='bbox 2237 487 2392 526; x_wconf 90' lang='lat' dir='ltr'>rum.</span> <span class='ocrx_word' id='word_1_21' title='bbox 2427 471 2551 526; x_wconf 90' lang='lat' dir='ltr'>Non</span> <span class='ocrx_word' id='word_1_22' title='bbox 2585 473 2738 545; x_wconf 89' lang='lat' dir='ltr'>quod</span> <span class='ocrx_word' id='word_1_23' title='bbox 2791 473 3049 528; x_wconf 49' lang='lat' dir='ltr'>themuri</span> <span class='ocrx_word' id='word_1_24' title='bbox 3081 472 3252 528; x_wconf 83' lang='lat' dir='ltr'>finem</span> <span class='ocrx_word' id='word_1_25' title='bbox 3300 491 3408 529; x_wconf 90' lang='lat' dir='ltr'>non</span> <span class='ocrx_word' id='word_1_26' title='bbox 3453 473 3696 543; x_wconf 80' lang='lat' dir='ltr'>habeant,</span> <span class='ocrx_word' id='word_1_27' title='bbox 3723 477 3807 533; x_wconf 87' lang='lat' dir='ltr'>sed</span> 
     </span>
    </p>
   </div>
   <div class='ocr_carea' id='block_1_3' title="bbox 480 560 3814 641">
    <p class='ocr_par' dir='ltr' id='par_1_3' title="bbox 480 560 3814 641">
     <span class='ocr_line' id='line_1_3' title="bbox 480 560 3814 641; baseline -0.002 -14"><span class='ocrx_word' id='word_1_28' title='bbox 480 570 640 628; x_wconf 89' lang='lat' dir='ltr'>landi</span> <span class='ocrx_word' id='word_1_29' title='bbox 689 571 990 641; x_wconf 67' lang='lat' dir='ltr'>coeperunt</span> <span class='ocrx_word' id='word_1_30' title='bbox 1019 583 1082 622; x_wconf 93' lang='lat' dir='ltr'>se</span> <span class='ocrx_word' id='word_1_31' title='bbox 1111 583 1393 632; x_wconf 84' lang='lat' dir='ltr'>exercere,</span> <span class='ocrx_word' id='word_1_32' title='bbox 1428 563 1530 619; x_wconf 90' lang='lat' dir='ltr'>sed</span> <span class='ocrx_word' id='word_1_33' title='bbox 1561 562 1800 618; x_wconf 66' lang='lat' dir='ltr'>cultura:</span> <span class='ocrx_word' id='word_1_34' title='bbox 1853 576 2126 633; x_wconf 83' lang='lat' dir='ltr'>agrorum</span> <span class='ocrx_word' id='word_1_35' title='bbox 2235 561 2390 632; x_wconf 90' lang='lat' dir='ltr'>quod</span> <span class='ocrx_word' id='word_1_36' title='bbox 2437 560 2862 632; x_wconf 83' lang='lat' dir='ltr'>possidentium</span> <span class='ocrx_word' id='word_1_37' title='bbox 2913 561 3148 617; x_wconf 89' lang='lat' dir='ltr'>animus</span> <span class='ocrx_word' id='word_1_38' title='bbox 3196 579 3308 616; x_wconf 92' lang='lat' dir='ltr'>non</span> <span class='ocrx_word' id='word_1_39' title='bbox 3351 561 3814 634; x_wconf 78' lang='lat' dir='ltr'>impleatur,juxta</span> 
     </span>
    </p>
   </div>
   <div class='ocr_carea' id='block_1_4' title="bbox 481 647 3814 722">
    <p class='ocr_par' dir='ltr' id='par_1_4' title="bbox 481 647 3814 722">
     <span class='ocr_line' id='line_1_4' title="bbox 481 647 3814 722; baseline -0.003 -6"><span class='ocrx_word' id='word_1_40' title='bbox 481 657 966 722; x_wconf 85' lang='lat' dir='ltr'>deservire.0uod</span> <span class='ocrx_word' id='word_1_41' title='bbox 990 659 1183 710; x_wconf 88' lang='lat' dir='ltr'>autem</span> <span class='ocrx_word' id='word_1_42' title='bbox 1207 653 1367 720; x_wconf 84' lang='lat' dir='ltr'>dicit,</span> <span class='ocrx_word' id='word_1_43' title='bbox 1393 669 1498 708; x_wconf 94' lang='lat' dir='ltr'>nec</span> <span class='ocrx_word' id='word_1_44' title='bbox 1529 651 1956 706; x_wconf 83' lang='lat' dir='ltr'>exercebuntur</span> <span class='ocrx_word' id='word_1_45' title='bbox 1976 647 2130 703; x_wconf 89' lang='lat' dir='ltr'>ultra</span> <span class='ocrx_word' id='word_1_46' title='bbox 2236 648 2380 704; x_wconf 92' lang='lat' dir='ltr'>illud</span> <span class='ocrx_word' id='word_1_47' title='bbox 2421 649 2754 705; x_wconf 89' lang='lat' dir='ltr'>Salomonis</span> <span class='ocrx_word' id='word_1_48' title='bbox 2777 667 2834 704; x_wconf 73' lang='grc' dir='ltr'>ια</span> <span class='ocrx_word' id='word_1_49' title='bbox 2859 651 3080 706; x_wconf 84' lang='lat' dir='ltr'>Avarus</span> <span class='ocrx_word' id='word_1_50' title='bbox 3109 667 3221 706; x_wconf 89' lang='lat' dir='ltr'>non</span> <span class='ocrx_word' id='word_1_51' title='bbox 3268 649 3590 722; x_wconf 90' lang='lat' dir='ltr'>implebitur</span> <span class='ocrx_word' id='word_1_52' title='bbox 3631 650 3814 707; x_wconf 86' lang='lat' dir='ltr'>divitiis</span> 
     </span>
    </p>
   </div>
   <div class='ocr_carea' id='block_1_5' title="bbox 479 737 3816 820">
    <p class='ocr_par' dir='ltr' id='par_1_5' title="bbox 479 737 3816 820">
     <span class='ocr_line' id='line_1_5' title="bbox 479 737 3816 820; baseline -0.002 -17"><span class='ocrx_word' id='word_1_53' title='bbox 479 750 550 805; x_wconf 91' lang='lat' dir='ltr'>ad</span> <span class='ocrx_word' id='word_1_54' title='bbox 575 743 1349 820; x_wconf 70' lang='lat' dir='ltr'>przelium,subaudiendum</span> <span class='ocrx_word' id='word_1_55' title='bbox 1367 741 1646 808; x_wconf 90' lang='lat' dir='ltr'>est,sicut</span> <span class='ocrx_word' id='word_1_56' title='bbox 1666 739 1829 811; x_wconf 88' lang='lat' dir='ltr'>prius</span> <span class='ocrx_word' id='word_1_57' title='bbox 1851 739 2124 793; x_wconf 81' lang='lat' dir='ltr'>fecerant.</span> <span class='ocrx_word' id='word_1_58' title='bbox 2237 737 2551 808; x_wconf 77' lang='lat' dir='ltr'>(Ercle.ixl.</span> <span class='ocrx_word' id='word_1_59' title='bbox 2581 763 2602 791; x_wconf 77' lang='grc' dir='ltr'><strong><em>ι</em></strong></span> <span class='ocrx_word' id='word_1_60' title='bbox 2641 739 2921 795; x_wconf 88' lang='lat' dir='ltr'>Thesauri</span> <span class='ocrx_word' id='word_1_61' title='bbox 2972 739 3303 796; x_wconf 70' lang='lat' dir='ltr'>Judzeorum</span> <span class='ocrx_word' id='word_1_62' title='bbox 3355 738 3629 810; x_wconf 79' lang='lat' dir='ltr'>siquidem</span> <span class='ocrx_word' id='word_1_63' title='bbox 3670 740 3816 796; x_wconf 85' lang='lat' dir='ltr'>tinem</span> 
     </span>
    </p>
   </div>
   <div class='ocr_carea' id='block_1_6' title="bbox 480 825 3670 908">
    <p class='ocr_par' dir='ltr' id='par_1_6' title="bbox 480 825 3670 908">
     <span class='ocr_line' id='line_1_6' title="bbox 480 825 3670 908; baseline -0.004 -15"><span class='ocrx_word' id='word_1_64' title='bbox 480 838 756 908; x_wconf 79' lang='lat' dir='ltr'>Legimus</span> <span class='ocrx_word' id='word_1_65' title='bbox 786 833 942 889; x_wconf 90' lang='lat' dir='ltr'>enim</span> <span class='ocrx_word' id='word_1_66' title='bbox 975 831 1163 887; x_wconf 91' lang='lat' dir='ltr'>multa</span> <span class='ocrx_word' id='word_1_67' title='bbox 1189 829 1389 903; x_wconf 65' lang='lat' dir='ltr'>praelia</span> <span class='ocrx_word' id='word_1_68' title='bbox 1419 829 1790 902; x_wconf 81' lang='lat' dir='ltr'>postmodum</span> <span class='ocrx_word' id='word_1_69' title='bbox 1825 844 1951 883; x_wconf 83' lang='lat' dir='ltr'>esse</span> <span class='ocrx_word' id='word_1_70' title='bbox 1977 843 2130 881; x_wconf 89' lang='lat' dir='ltr'>eom-</span> <span class='ocrx_word' id='word_1_71' title='bbox 2236 825 2550 894; x_wconf 85' lang='lat' dir='ltr'>habebant,</span> <span class='ocrx_word' id='word_1_72' title='bbox 2583 828 2680 882; x_wconf 90' lang='lat' dir='ltr'>sed</span> <span class='ocrx_word' id='word_1_73' title='bbox 2714 827 3004 900; x_wconf 83' lang='lat' dir='ltr'>cupiditas</span> <span class='ocrx_word' id='word_1_74' title='bbox 3035 825 3266 883; x_wconf 91' lang='lat' dir='ltr'>illorum</span> <span class='ocrx_word' id='word_1_75' title='bbox 3299 829 3410 882; x_wconf 84' lang='lat' dir='ltr'>ﬁne</span> <span class='ocrx_word' id='word_1_76' title='bbox 3439 829 3670 882; x_wconf 82' lang='lat' dir='ltr'>carebat.</span> 
     </span>
    </p>
   </div>
   <div class='ocr_carea' id='block_1_7' title="bbox 478 915 3817 991">
    <p class='ocr_par' dir='ltr' id='par_1_7' title="bbox 478 915 3817 991">
     <span class='ocr_line' id='line_1_7' title="bbox 478 915 3817 991; baseline -0.003 -10"><span class='ocrx_word' id='word_1_77' title='bbox 478 925 662 982; x_wconf 89' lang='lat' dir='ltr'>missa</span> <span class='ocrx_word' id='word_1_78' title='bbox 686 941 698 978; x_wconf 94' lang='lat'>:</span> <span class='ocrx_word' id='word_1_79' title='bbox 725 923 824 979; x_wconf 91' lang='lat' dir='ltr'>sed</span> <span class='ocrx_word' id='word_1_80' title='bbox 849 939 963 977; x_wconf 89' lang='lat' dir='ltr'>non</span> <span class='ocrx_word' id='word_1_81' title='bbox 989 925 1106 976; x_wconf 89' lang='lat' dir='ltr'>tam</span> <span class='ocrx_word' id='word_1_82' title='bbox 1131 919 1349 991; x_wconf 82' lang='lat' dir='ltr'>gravia,</span> <span class='ocrx_word' id='word_1_83' title='bbox 1376 917 1527 973; x_wconf 86' lang='lat' dir='ltr'>sicut</span> <span class='ocrx_word' id='word_1_84' title='bbox 1547 921 1718 971; x_wconf 89' lang='lat' dir='ltr'>antea</span> <span class='ocrx_word' id='word_1_85' title='bbox 1739 916 1994 971; x_wconf 82' lang='lat' dir='ltr'>fuerunt.</span> <span class='ocrx_word' id='word_1_86' title='bbox 2313 938 2335 962; x_wconf 75' lang='grc' dir='ltr'><strong><em>α</em></strong></span> <span class='ocrx_word' id='word_1_87' title='bbox 2369 916 2439 970; x_wconf 88' lang='lat' dir='ltr'>Et</span> <span class='ocrx_word' id='word_1_88' title='bbox 2469 915 2686 988; x_wconf 88' lang='lat' dir='ltr'>repleta</span> <span class='ocrx_word' id='word_1_89' title='bbox 2713 922 2803 971; x_wconf 92' lang='lat' dir='ltr'>est</span> <span class='ocrx_word' id='word_1_90' title='bbox 2839 921 2994 972; x_wconf 89' lang='lat' dir='ltr'>terra</span> <span class='ocrx_word' id='word_1_91' title='bbox 3020 916 3150 988; x_wconf 85' lang='lat' dir='ltr'>ejus</span> <span class='ocrx_word' id='word_1_92' title='bbox 3177 915 3360 988; x_wconf 89' lang='lat' dir='ltr'>equis,</span> <span class='ocrx_word' id='word_1_93' title='bbox 3391 919 3446 971; x_wconf 91' lang='lat' dir='ltr'>et</span> <span class='ocrx_word' id='word_1_94' title='bbox 3474 915 3817 971; x_wconf 80' lang='lat' dir='ltr'>innumerabi-</span> 
     </span>
    </p>
   </div>
   <div class='ocr_carea' id='block_1_8' title="bbox 550 1003 3820 1077">
    <p class='ocr_par' dir='ltr' id='par_1_8' title="bbox 550 1003 3820 1077">
     <span class='ocr_line' id='line_1_8' title="bbox 550 1003 3820 1077; baseline -0.003 -8"><span class='ocrx_word' id='word_1_95' title='bbox 550 1038 578 1064; x_wconf 92' lang='grc'>‹‹</span> <span class='ocrx_word' id='word_1_96' title='bbox 611 1015 827 1068; x_wconf 85' lang='lat' dir='ltr'>Domus</span> <span class='ocrx_word' id='word_1_97' title='bbox 856 1009 1057 1075; x_wconf 84' lang='lat' dir='ltr'>Jacob,</span> <span class='ocrx_word' id='word_1_98' title='bbox 1082 1007 1290 1074; x_wconf 84' lang='lat' dir='ltr'>venite,</span> <span class='ocrx_word' id='word_1_99' title='bbox 1324 1011 1382 1060; x_wconf 90' lang='lat' dir='ltr'>et</span> <span class='ocrx_word' id='word_1_100' title='bbox 1411 1004 1784 1059; x_wconf 84' lang='lat' dir='ltr'>ambulemus</span> <span class='ocrx_word' id='word_1_101' title='bbox 1815 1003 1872 1058; x_wconf 92' lang='lat' dir='ltr'>in</span> <span class='ocrx_word' id='word_1_102' title='bbox 1906 1003 2128 1058; x_wconf 88' lang='lat' dir='ltr'>lumine</span> <span class='ocrx_word' id='word_1_103' title='bbox 2237 1003 2322 1058; x_wconf 86' lang='lat' dir='ltr'>les</span> <span class='ocrx_word' id='word_1_104' title='bbox 2351 1003 2648 1077; x_wconf 71' lang='lat' dir='ltr'>quadrigae</span> <span class='ocrx_word' id='word_1_105' title='bbox 2679 1005 2874 1077; x_wconf 79' lang='lat' dir='ltr'>ejus.»</span> <span class='ocrx_word' id='word_1_106' title='bbox 2901 1005 2971 1058; x_wconf 90' lang='lat' dir='ltr'>Et</span> <span class='ocrx_word' id='word_1_107' title='bbox 2999 1005 3108 1060; x_wconf 91' lang='lat' dir='ltr'>hoc</span> <span class='ocrx_word' id='word_1_108' title='bbox 3137 1008 3339 1060; x_wconf 90' lang='lat' dir='ltr'>contra</span> <span class='ocrx_word' id='word_1_109' title='bbox 3381 1007 3707 1076; x_wconf 67' lang='lat' dir='ltr'>praeceptum</span> <span class='ocrx_word' id='word_1_110' title='bbox 3734 1003 3820 1059; x_wconf 87' lang='lat' dir='ltr'>Do-</span> 
     </span>
    </p>
   </div>
   <div class='ocr_carea' id='block_1_9' title="bbox 478 1091 3820 1167">
    <p class='ocr_par' dir='ltr' id='par_1_9' title="bbox 478 1091 3820 1167">
     <span class='ocr_line' id='line_1_9' title="bbox 478 1091 3820 1167; baseline -0.003 -8"><span class='ocrx_word' id='word_1_111' title='bbox 478 1099 733 1160; x_wconf 91' lang='lat' dir='ltr'>Domini.</span> <span class='ocrx_word' id='word_1_112' title='bbox 759 1120 786 1148; x_wconf 84' lang='lat'><strong>»</strong></span> <span class='ocrx_word' id='word_1_113' title='bbox 813 1098 949 1152; x_wconf 83' lang='lat' dir='ltr'>Post</span> <span class='ocrx_word' id='word_1_114' title='bbox 969 1094 1329 1150; x_wconf 86' lang='lat' dir='ltr'>vocationem</span> <span class='ocrx_word' id='word_1_115' title='bbox 1351 1093 1614 1165; x_wconf 86' lang='lat' dir='ltr'>gentium</span> <span class='ocrx_word' id='word_1_116' title='bbox 1649 1095 1706 1146; x_wconf 89' lang='lat' dir='ltr'>et</span> <span class='ocrx_word' id='word_1_117' title='bbox 1735 1091 2126 1146; x_wconf 81' lang='lat' dir='ltr'>ostensioncm</span> <span class='ocrx_word' id='word_1_118' title='bbox 2237 1093 2380 1148; x_wconf 90' lang='lat' dir='ltr'>mini</span> <span class='ocrx_word' id='word_1_119' title='bbox 2414 1098 2560 1160; x_wconf 90' lang='lat' dir='ltr'>erat,</span> <span class='ocrx_word' id='word_1_120' title='bbox 2582 1093 2682 1166; x_wconf 81' lang='lat' dir='ltr'>qui</span> <span class='ocrx_word' id='word_1_121' title='bbox 2715 1093 2986 1166; x_wconf 87' lang='lat' dir='ltr'>prohibet</span> <span class='ocrx_word' id='word_1_122' title='bbox 3014 1093 3073 1148; x_wconf 91' lang='lat' dir='ltr'>in</span> <span class='ocrx_word' id='word_1_123' title='bbox 3105 1092 3230 1167; x_wconf 91' lang='lat' dir='ltr'>lege</span> <span class='ocrx_word' id='word_1_124' title='bbox 3269 1091 3626 1164; x_wconf 88' lang='lat' dir='ltr'>multiplicari</span> <span class='ocrx_word' id='word_1_125' title='bbox 3649 1109 3820 1148; x_wconf 82' lang='lat' dir='ltr'>currus</span> 
     </span>
    </p>
   </div>
   <div class='ocr_carea' id='block_1_10' title="bbox 477 1179 3818 1254">
    <p class='ocr_par' dir='ltr' id='par_1_10' title="bbox 477 1179 3818 1254">
     <span class='ocr_line' id='line_1_10' title="bbox 477 1179 3818 1254; baseline -0.004 -7"><span class='ocrx_word' id='word_1_126' title='bbox 477 1189 698 1248; x_wconf 82' lang='lat' dir='ltr'>montis</span> <span class='ocrx_word' id='word_1_127' title='bbox 715 1183 1212 1254; x_wconf 87' lang='lat' dir='ltr'>Dei,convertitur</span> <span class='ocrx_word' id='word_1_128' title='bbox 1235 1181 1514 1254; x_wconf 87' lang='lat' dir='ltr'>propheta</span> <span class='ocrx_word' id='word_1_129' title='bbox 1533 1181 1600 1234; x_wconf 87' lang='lat' dir='ltr'>ad</span> <span class='ocrx_word' id='word_1_130' title='bbox 1626 1179 1908 1252; x_wconf 87' lang='lat' dir='ltr'>populum</span> <span class='ocrx_word' id='word_1_131' title='bbox 1929 1196 2125 1246; x_wconf 85' lang='lat' dir='ltr'>suum,</span> <span class='ocrx_word' id='word_1_132' title='bbox 2237 1187 2294 1237; x_wconf 92' lang='lat' dir='ltr'>et</span> <span class='ocrx_word' id='word_1_133' title='bbox 2323 1199 2527 1253; x_wconf 88' lang='lat' dir='ltr'>equos.</span> <span class='ocrx_word' id='word_1_134' title='bbox 2561 1182 2863 1254; x_wconf 85' lang='lat' dir='ltr'>Siquidem</span> <span class='ocrx_word' id='word_1_135' title='bbox 2897 1185 2956 1237; x_wconf 93' lang='lat' dir='ltr'>et</span> <span class='ocrx_word' id='word_1_136' title='bbox 3003 1181 3105 1237; x_wconf 89' lang='lat' dir='ltr'>illa</span> <span class='ocrx_word' id='word_1_137' title='bbox 3161 1181 3435 1237; x_wconf 85' lang='lat' dir='ltr'>animalia</span> <span class='ocrx_word' id='word_1_138' title='bbox 3463 1181 3592 1236; x_wconf 88' lang='lat' dir='ltr'>data</span> <span class='ocrx_word' id='word_1_139' title='bbox 3619 1186 3741 1236; x_wconf 89' lang='lat' dir='ltr'>sunt</span> <span class='ocrx_word' id='word_1_140' title='bbox 3763 1181 3818 1234; x_wconf 89' lang='lat' dir='ltr'>ad</span> 
     </span>
    </p>
   </div>
   <div class='ocr_carea' id='block_1_11' title="bbox 477 1267 3822 1352">
    <p class='ocr_par' dir='ltr' id='par_1_11' title="bbox 477 1267 3822 1352">
     <span class='ocr_line' id='line_1_11' title="bbox 477 1267 3822 1352; baseline -0.003 -19"><span class='ocrx_word' id='word_1_141' title='bbox 477 1279 575 1352; x_wconf 90' lang='lat' dir='ltr'>qui</span> <span class='ocrx_word' id='word_1_142' title='bbox 606 1279 826 1332; x_wconf 90' lang='lat' dir='ltr'>Domus</span> <span class='ocrx_word' id='word_1_143' title='bbox 855 1273 1035 1329; x_wconf 87' lang='lat' dir='ltr'>Jacob</span> <span class='ocrx_word' id='word_1_144' title='bbox 1067 1270 1490 1343; x_wconf 82' lang='lat' dir='ltr'>appellabatur,</span> <span class='ocrx_word' id='word_1_145' title='bbox 1515 1287 1580 1323; x_wconf 84' lang='lat' dir='ltr'>eo</span> <span class='ocrx_word' id='word_1_146' title='bbox 1613 1270 1766 1340; x_wconf 90' lang='lat' dir='ltr'>quod</span> <span class='ocrx_word' id='word_1_147' title='bbox 1802 1269 1873 1323; x_wconf 87' lang='lat' dir='ltr'>de</span> <span class='ocrx_word' id='word_1_148' title='bbox 1908 1267 2130 1322; x_wconf 79' lang='lat' dir='ltr'>familia</span> <span class='ocrx_word' id='word_1_149' title='bbox 2237 1271 2595 1344; x_wconf 88' lang='lat' dir='ltr'>adjutorium</span> <span class='ocrx_word' id='word_1_150' title='bbox 2645 1270 2925 1338; x_wconf 87' lang='lat' dir='ltr'>hominis,</span> <span class='ocrx_word' id='word_1_151' title='bbox 2955 1288 3071 1326; x_wconf 90' lang='lat' dir='ltr'>non</span> <span class='ocrx_word' id='word_1_152' title='bbox 3111 1271 3184 1326; x_wconf 92' lang='lat' dir='ltr'>ad</span> <span class='ocrx_word' id='word_1_153' title='bbox 3224 1269 3572 1343; x_wconf 87' lang='lat' dir='ltr'>superbiam,</span> <span class='ocrx_word' id='word_1_154' title='bbox 3601 1269 3689 1325; x_wconf 87' lang='lat' dir='ltr'>sed</span> <span class='ocrx_word' id='word_1_155' title='bbox 3724 1269 3822 1340; x_wconf 86' lang='lat' dir='ltr'>ipse</span> 
     </span>
    </p>
   </div>
   <div class='ocr_carea' id='block_1_12' title="bbox 476 1356 3825 1432">
    <p class='ocr_par' dir='ltr' id='par_1_12' title="bbox 476 1356 3825 1432">
     <span class='ocr_line' id='line_1_12' title="bbox 476 1356 3825 1432; baseline -0.003 -9"><span class='ocrx_word' id='word_1_156' title='bbox 476 1367 656 1424; x_wconf 87' lang='lat' dir='ltr'>Jacob</span> <span class='ocrx_word' id='word_1_157' title='bbox 677 1361 1062 1428; x_wconf 88' lang='lat' dir='ltr'>descenderit,</span> <span class='ocrx_word' id='word_1_158' title='bbox 1088 1360 1470 1430; x_wconf 88' lang='lat' dir='ltr'>hortaturque</span> <span class='ocrx_word' id='word_1_159' title='bbox 1491 1376 1589 1414; x_wconf 89' lang='lat' dir='ltr'>eos</span> <span class='ocrx_word' id='word_1_160' title='bbox 1609 1357 1920 1429; x_wconf 78' lang='lat' dir='ltr'>procedere</span> <span class='ocrx_word' id='word_1_161' title='bbox 1951 1358 2022 1412; x_wconf 92' lang='lat' dir='ltr'>de</span> <span class='ocrx_word' id='word_1_162' title='bbox 2051 1360 2128 1411; x_wconf 92' lang='lat' dir='ltr'>te-</span> <span class='ocrx_word' id='word_1_163' title='bbox 2238 1362 2462 1416; x_wconf 88' lang='lat' dir='ltr'>abusus</span> <span class='ocrx_word' id='word_1_164' title='bbox 2482 1364 2570 1416; x_wconf 87' lang='lat' dir='ltr'>est</span> <span class='ocrx_word' id='word_1_165' title='bbox 2589 1359 2708 1416; x_wconf 87' lang='lat' dir='ltr'>illis</span> <span class='ocrx_word' id='word_1_166' title='bbox 2729 1360 2786 1414; x_wconf 92' lang='lat' dir='ltr'>in</span> <span class='ocrx_word' id='word_1_167' title='bbox 2809 1361 3105 1432; x_wconf 88' lang='lat' dir='ltr'>superbia.</span> <span class='ocrx_word' id='word_1_168' title='bbox 3130 1359 3292 1416; x_wconf 89' lang='lat' dir='ltr'>Unde</span> <span class='ocrx_word' id='word_1_169' title='bbox 3308 1359 3630 1430; x_wconf 88' lang='lat' dir='ltr'>jumentum</span> <span class='ocrx_word' id='word_1_170' title='bbox 3651 1356 3825 1412; x_wconf 89' lang='lat' dir='ltr'>dicitur</span> 
     </span>
    </p>
   </div>
   <div class='ocr_carea' id='block_1_13' title="bbox 478 1445 3824 1521">
    <p class='ocr_par' dir='ltr' id='par_1_13' title="bbox 478 1445 3824 1521">
     <span class='ocr_line' id='line_1_13' title="bbox 478 1445 3824 1521; baseline -0.003 -11"><span class='ocrx_word' id='word_1_171' title='bbox 478 1452 676 1511; x_wconf 90' lang='lat' dir='ltr'>nebris</span> <span class='ocrx_word' id='word_1_172' title='bbox 698 1449 1062 1506; x_wconf 76' lang='lat' dir='ltr'>infidelitatis</span> <span class='ocrx_word' id='word_1_173' title='bbox 1083 1451 1259 1520; x_wconf 89' lang='lat' dir='ltr'>atque</span> <span class='ocrx_word' id='word_1_174' title='bbox 1280 1446 1512 1514; x_wconf 90' lang='lat' dir='ltr'>erroris,</span> <span class='ocrx_word' id='word_1_175' title='bbox 1533 1450 1590 1501; x_wconf 89' lang='lat' dir='ltr'>et</span> <span class='ocrx_word' id='word_1_176' title='bbox 1609 1445 1906 1518; x_wconf 86' lang='lat' dir='ltr'>suscipere</span> <span class='ocrx_word' id='word_1_177' title='bbox 1929 1445 2127 1500; x_wconf 89' lang='lat' dir='ltr'>lumen</span> <span class='ocrx_word' id='word_1_178' title='bbox 2237 1451 2310 1506; x_wconf 85' lang='lat' dir='ltr'>ab</span> <span class='ocrx_word' id='word_1_179' title='bbox 2341 1451 2409 1505; x_wconf 87' lang='lat' dir='ltr'>ad</span> <span class='ocrx_word' id='word_1_180' title='bbox 2410 1449 2692 1521; x_wconf 86' lang='lat' dir='ltr'>juvando,</span> <span class='ocrx_word' id='word_1_181' title='bbox 2716 1447 2773 1504; x_wconf 92' lang='lat' dir='ltr'>id</span> <span class='ocrx_word' id='word_1_182' title='bbox 2805 1452 2895 1504; x_wconf 89' lang='lat' dir='ltr'>est</span> <span class='ocrx_word' id='word_1_183' title='bbox 2925 1465 2959 1503; x_wconf 87' lang='lat' dir='ltr'>a</span> <span class='ocrx_word' id='word_1_184' title='bbox 2989 1448 3368 1504; x_wconf 74' lang='lat' dir='ltr'>sublevando.</span> <span class='ocrx_word' id='word_1_185' title='bbox 3391 1447 3470 1502; x_wconf 92' lang='lat' dir='ltr'>De</span> <span class='ocrx_word' id='word_1_186' title='bbox 3498 1445 3608 1501; x_wconf 90' lang='lat' dir='ltr'>illis</span> <span class='ocrx_word' id='word_1_187' title='bbox 3631 1445 3718 1518; x_wconf 90' lang='lat' dir='ltr'>qui</span> <span class='ocrx_word' id='word_1_188' title='bbox 3743 1463 3824 1500; x_wconf 84' lang='lat' dir='ltr'>su-</span> 
     </span>
    </p>
   </div>
   <div class='ocr_carea' id='block_1_14' title="bbox 476 1533 3826 1612">
    <p class='ocr_par' dir='ltr' id='par_1_14' title="bbox 476 1533 3826 1612">
     <span class='ocr_line' id='line_1_14' title="bbox 476 1533 3826 1612; baseline -0.004 -10"><span class='ocrx_word' id='word_1_189' title='bbox 476 1544 762 1610; x_wconf 89' lang='lat' dir='ltr'>veritatis,</span> <span class='ocrx_word' id='word_1_190' title='bbox 789 1542 848 1596; x_wconf 90' lang='lat' dir='ltr'>id</span> <span class='ocrx_word' id='word_1_191' title='bbox 880 1544 987 1607; x_wconf 90' lang='lat' dir='ltr'>est,</span> <span class='ocrx_word' id='word_1_192' title='bbox 1011 1539 1333 1608; x_wconf 88' lang='lat' dir='ltr'>Christum,</span> <span class='ocrx_word' id='word_1_193' title='bbox 1366 1537 1466 1610; x_wconf 90' lang='lat' dir='ltr'>qui</span> <span class='ocrx_word' id='word_1_194' title='bbox 1499 1536 1682 1592; x_wconf 74' lang='lat' dir='ltr'>dixit:</span> <span class='ocrx_word' id='word_1_195' title='bbox 1712 1537 1830 1608; x_wconf 82' lang='lat' dir='ltr'>Ego</span> <span class='ocrx_word' id='word_1_196' title='bbox 1864 1553 1994 1590; x_wconf 89' lang='lat' dir='ltr'>sum</span> <span class='ocrx_word' id='word_1_197' title='bbox 2032 1535 2129 1591; x_wconf 83' lang='lat' dir='ltr'>lux</span> <span class='ocrx_word' id='word_1_198' title='bbox 2237 1539 2412 1612; x_wconf 88' lang='lat' dir='ltr'>perbe</span> <span class='ocrx_word' id='word_1_199' title='bbox 2440 1538 2534 1593; x_wconf 88' lang='lat' dir='ltr'>his</span> <span class='ocrx_word' id='word_1_200' title='bbox 2565 1538 2979 1608; x_wconf 89' lang='lat' dir='ltr'>abutebantur,</span> <span class='ocrx_word' id='word_1_201' title='bbox 3002 1537 3144 1593; x_wconf 91' lang='lat' dir='ltr'>dicit</span> <span class='ocrx_word' id='word_1_202' title='bbox 3162 1534 3470 1592; x_wconf 88' lang='lat' dir='ltr'>Psalmista</span> <span class='ocrx_word' id='word_1_203' title='bbox 3494 1551 3552 1591; x_wconf 73' lang='grc' dir='ltr'>ζα</span> <span class='ocrx_word' id='word_1_204' title='bbox 3574 1533 3636 1590; x_wconf 83' lang='lat' dir='ltr'>Hi</span> <span class='ocrx_word' id='word_1_205' title='bbox 3659 1535 3710 1590; x_wconf 93' lang='lat' dir='ltr'>in</span> <span class='ocrx_word' id='word_1_206' title='bbox 3728 1552 3826 1590; x_wconf 51' lang='lat' dir='ltr'>curs</span> 
     </span>
    </p>
   </div>
   <div class='ocr_carea' id='block_1_15' title="bbox 479 1621 3826 1702">
    <p class='ocr_par' dir='ltr' id='par_1_15' title="bbox 479 1621 3826 1702">
     <span class='ocr_line' id='line_1_15' title="bbox 479 1621 3826 1702; baseline -0.003 -13"><span class='ocrx_word' id='word_1_207' title='bbox 479 1633 684 1690; x_wconf 91' lang='lat' dir='ltr'>mundi</span> <span class='ocrx_word' id='word_1_208' title='bbox 711 1649 724 1686; x_wconf 89' lang='lat'><strong>:</strong></span> <span class='ocrx_word' id='word_1_209' title='bbox 749 1629 952 1702; x_wconf 88' lang='lat' dir='ltr'>sicque</span> <span class='ocrx_word' id='word_1_210' title='bbox 982 1627 1284 1683; x_wconf 89' lang='lat' dir='ltr'>ambulare</span> <span class='ocrx_word' id='word_1_211' title='bbox 1315 1626 1374 1680; x_wconf 92' lang='lat' dir='ltr'>in</span> <span class='ocrx_word' id='word_1_212' title='bbox 1407 1625 1629 1680; x_wconf 89' lang='lat' dir='ltr'>lumine</span> <span class='ocrx_word' id='word_1_213' title='bbox 1651 1625 1906 1690; x_wconf 91' lang='lat' dir='ltr'>Domini,</span> <span class='ocrx_word' id='word_1_214' title='bbox 1929 1625 1985 1678; x_wconf 92' lang='lat' dir='ltr'>id</span> <span class='ocrx_word' id='word_1_215' title='bbox 2017 1627 2125 1692; x_wconf 91' lang='lat' dir='ltr'>est,</span> <span class='ocrx_word' id='word_1_216' title='bbox 2238 1628 2422 1695; x_wconf 90' lang='lat' dir='ltr'>ribus,</span> <span class='ocrx_word' id='word_1_217' title='bbox 2447 1631 2504 1682; x_wconf 87' lang='lat' dir='ltr'>et</span> <span class='ocrx_word' id='word_1_218' title='bbox 2534 1626 2590 1682; x_wconf 90' lang='lat' dir='ltr'>hi</span> <span class='ocrx_word' id='word_1_219' title='bbox 2626 1626 2684 1681; x_wconf 92' lang='lat' dir='ltr'>in</span> <span class='ocrx_word' id='word_1_220' title='bbox 2715 1626 2884 1698; x_wconf 90' lang='lat' dir='ltr'>equis</span> <span class='ocrx_word' id='word_1_221' title='bbox 2909 1643 2922 1680; x_wconf 86' lang='lat'><strong>:</strong></span> <span class='ocrx_word' id='word_1_222' title='bbox 2949 1643 3056 1682; x_wconf 91' lang='lat' dir='ltr'>nos</span> <span class='ocrx_word' id='word_1_223' title='bbox 3079 1630 3279 1680; x_wconf 89' lang='lat' dir='ltr'>autem</span> <span class='ocrx_word' id='word_1_224' title='bbox 3311 1625 3369 1680; x_wconf 93' lang='lat' dir='ltr'>in</span> <span class='ocrx_word' id='word_1_225' title='bbox 3393 1623 3615 1680; x_wconf 88' lang='lat' dir='ltr'>nomine</span> <span class='ocrx_word' id='word_1_226' title='bbox 3636 1621 3826 1680; x_wconf 86' lang='lat' dir='ltr'>Domini</span> 
     </span>
    </p>
   </div>
   <div class='ocr_carea' id='block_1_16' title="bbox 477 1713 3221 1790">
    <p class='ocr_par' dir='ltr' id='par_1_16' title="bbox 477 1713 3221 1790">
     <span class='ocr_line' id='line_1_16' title="bbox 477 1713 3221 1790; baseline -0.006 -12"><span class='ocrx_word' id='word_1_227' title='bbox 477 1723 535 1778; x_wconf 91' lang='lat' dir='ltr'>in</span> <span class='ocrx_word' id='word_1_228' title='bbox 571 1722 683 1776; x_wconf 78' lang='lat' dir='ltr'>{ide</span> <span class='ocrx_word' id='word_1_229' title='bbox 707 1723 766 1776; x_wconf 87' lang='lat' dir='ltr'>et</span> <span class='ocrx_word' id='word_1_230' title='bbox 797 1715 1100 1790; x_wconf 70' lang='lat' dir='ltr'>praeceptis</span> <span class='ocrx_word' id='word_1_231' title='bbox 1130 1714 1360 1771; x_wconf 89' lang='lat' dir='ltr'>Domini</span> <span class='ocrx_word' id='word_1_232' title='bbox 1391 1713 1730 1770; x_wconf 88' lang='lat' dir='ltr'>Salvatoris.</span> <span class='ocrx_word' id='word_1_233' title='bbox 1753 1713 1890 1784; x_wconf 86' lang='lat' dir='ltr'>Vos,</span> <span class='ocrx_word' id='word_1_234' title='bbox 1913 1713 2124 1784; x_wconf 83' lang='lat' dir='ltr'>inquit,</span> <span class='ocrx_word' id='word_1_235' title='bbox 2238 1715 2420 1772; x_wconf 89' lang='lat' dir='ltr'>nostri</span> <span class='ocrx_word' id='word_1_236' title='bbox 2453 1714 2855 1770; x_wconf 86' lang='lat' dir='ltr'>invocabimus</span> <span class='ocrx_word' id='word_1_237' title='bbox 2887 1715 3057 1783; x_wconf 81' lang='lat' dir='ltr'>(Psal.</span> <span class='ocrx_word' id='word_1_238' title='bbox 3082 1717 3162 1783; x_wconf 88' lang='lat' dir='ltr'>x).</span> <span class='ocrx_word' id='word_1_239' title='bbox 3194 1736 3221 1762; x_wconf 83' lang='lat'>»</span> 
     </span>
    </p>
   </div>
   <div class='ocr_carea' id='block_1_17' title="bbox 477 1801 3828 1902">
    <p class='ocr_par' dir='ltr' id='par_1_17' title="bbox 477 1801 3828 1902">
     <span class='ocr_line' id='line_1_17' title="bbox 477 1801 3828 1902; baseline -0.003 -35"><span class='ocrx_word' id='word_1_240' title='bbox 477 1811 690 1866; x_wconf 88' lang='lat' dir='ltr'>domus</span> <span class='ocrx_word' id='word_1_241' title='bbox 718 1806 919 1902; x_wconf 71' lang='lat' dir='ltr'>Jacob,</span> <span class='ocrx_word' id='word_1_242' title='bbox 943 1806 1156 1902; x_wconf 75' lang='lat' dir='ltr'>domus</span> <span class='ocrx_word' id='word_1_243' title='bbox 1182 1803 1382 1902; x_wconf 72' lang='lat' dir='ltr'>populi</span> <span class='ocrx_word' id='word_1_244' title='bbox 1415 1803 1552 1902; x_wconf 63' lang='lat' dir='ltr'>mei,</span> <span class='ocrx_word' id='word_1_245' title='bbox 1579 1803 1767 1902; x_wconf 76' lang='lat' dir='ltr'>venite</span> <span class='ocrx_word' id='word_1_246' title='bbox 1795 1818 2048 1900; x_wconf 68' lang='lat' dir='ltr'>mecum,</span> <span class='ocrx_word' id='word_1_247' title='bbox 2072 1805 2130 1900; x_wconf 78' lang='lat' dir='ltr'>et</span> <span class='ocrx_word' id='word_1_248' title='bbox 2158 1837 2204 1902; x_wconf 76' lang='grc' dir='ltr'><strong>Β</strong></span> <span class='ocrx_word' id='word_1_249' title='bbox 2314 1807 2430 1860; x_wconf 87' lang='lat' dir='ltr'>«Et</span> <span class='ocrx_word' id='word_1_250' title='bbox 2458 1803 2678 1876; x_wconf 87' lang='lat' dir='ltr'>repleta</span> <span class='ocrx_word' id='word_1_251' title='bbox 2705 1807 2795 1859; x_wconf 90' lang='lat' dir='ltr'>est</span> <span class='ocrx_word' id='word_1_252' title='bbox 2820 1806 2976 1858; x_wconf 89' lang='lat' dir='ltr'>terra</span> <span class='ocrx_word' id='word_1_253' title='bbox 3003 1803 3133 1874; x_wconf 85' lang='lat' dir='ltr'>ejus</span> <span class='ocrx_word' id='word_1_254' title='bbox 3163 1801 3370 1871; x_wconf 89' lang='lat' dir='ltr'>idolis;</span> <span class='ocrx_word' id='word_1_255' title='bbox 3410 1819 3554 1875; x_wconf 91' lang='lat' dir='ltr'>opus</span> <span class='ocrx_word' id='word_1_256' title='bbox 3589 1816 3828 1856; x_wconf 88' lang='lat' dir='ltr'>manuum</span> 
     </span>
    </p>
   </div>
   <div class='ocr_carea' id='block_1_18' title="bbox 476 1889 3825 1972">
    <p class='ocr_par' dir='ltr' id='par_1_18' title="bbox 476 1889 3825 1972">
     <span class='ocr_line' id='line_1_18' title="bbox 476 1889 3825 1972; baseline -0.004 -17"><span class='ocrx_word' id='word_1_257' title='bbox 476 1897 694 1972; x_wconf 90' lang='lat' dir='ltr'>pariter</span> <span class='ocrx_word' id='word_1_258' title='bbox 722 1893 1096 1952; x_wconf 90' lang='lat' dir='ltr'>ambulemus</span> <span class='ocrx_word' id='word_1_259' title='bbox 1121 1892 1179 1948; x_wconf 91' lang='lat' dir='ltr'>in</span> <span class='ocrx_word' id='word_1_260' title='bbox 1216 1891 1440 1947; x_wconf 91' lang='lat' dir='ltr'>lumine</span> <span class='ocrx_word' id='word_1_261' title='bbox 1469 1890 1726 1958; x_wconf 90' lang='lat' dir='ltr'>Domini,</span> <span class='ocrx_word' id='word_1_262' title='bbox 1747 1892 1819 1946; x_wconf 89' lang='lat' dir='ltr'>de</span> <span class='ocrx_word' id='word_1_263' title='bbox 1841 1907 1955 1963; x_wconf 93' lang='lat' dir='ltr'>quo</span> <span class='ocrx_word' id='word_1_264' title='bbox 1987 1889 2131 1946; x_wconf 88' lang='lat' dir='ltr'>dicit</span> <span class='ocrx_word' id='word_1_265' title='bbox 2158 1889 2204 1902; x_wconf 71' lang='lat'><em>&quot;</em></span> <span class='ocrx_word' id='word_1_266' title='bbox 2237 1910 2480 1949; x_wconf 87' lang='lat' dir='ltr'>suarum</span> <span class='ocrx_word' id='word_1_267' title='bbox 2521 1893 2928 1961; x_wconf 88' lang='lat' dir='ltr'>adoraverunt,</span> <span class='ocrx_word' id='word_1_268' title='bbox 2965 1893 3117 1964; x_wconf 92' lang='lat' dir='ltr'>quod</span> <span class='ocrx_word' id='word_1_269' title='bbox 3153 1891 3420 1947; x_wconf 79' lang='lat' dir='ltr'>fecerunt</span> <span class='ocrx_word' id='word_1_270' title='bbox 3446 1889 3602 1964; x_wconf 84' lang='lat' dir='ltr'>digiti</span> <span class='ocrx_word' id='word_1_271' title='bbox 3644 1905 3825 1946; x_wconf 88' lang='lat' dir='ltr'>eorum.</span> 
     </span>
    </p>
   </div>
   <div class='ocr_carea' id='block_1_19' title="bbox 475 1977 3828 2051">
    <p class='ocr_par' dir='ltr' id='par_1_19' title="bbox 475 1977 3828 2051">
     <span class='ocr_line' id='line_1_19' title="bbox 475 1977 3828 2051; baseline -0.004 -7"><span class='ocrx_word' id='word_1_272' title='bbox 475 1986 788 2044; x_wconf 89' lang='lat' dir='ltr'>Psalmista</span> <span class='ocrx_word' id='word_1_273' title='bbox 811 2003 862 2040; x_wconf 87' lang='lat'>:«</span> <span class='ocrx_word' id='word_1_274' title='bbox 883 1980 1152 2039; x_wconf 83' lang='lat' dir='ltr'>Accedite</span> <span class='ocrx_word' id='word_1_275' title='bbox 1173 1981 1244 2036; x_wconf 92' lang='lat' dir='ltr'>ad</span> <span class='ocrx_word' id='word_1_276' title='bbox 1265 1997 1400 2036; x_wconf 90' lang='lat' dir='ltr'>eum</span> <span class='ocrx_word' id='word_1_277' title='bbox 1422 1984 1480 2036; x_wconf 92' lang='lat' dir='ltr'>et</span> <span class='ocrx_word' id='word_1_278' title='bbox 1499 1978 2124 2051; x_wconf 80' lang='lat' dir='ltr'>illuminamini.(Psal.</span> <span class='ocrx_word' id='word_1_279' title='bbox 2235 1983 2306 2038; x_wconf 88' lang='lat' dir='ltr'>Et</span> <span class='ocrx_word' id='word_1_280' title='bbox 2337 1980 2658 2038; x_wconf 82' lang='lat' dir='ltr'>incnrvavit</span> <span class='ocrx_word' id='word_1_281' title='bbox 2688 1999 2749 2037; x_wconf 90' lang='lat' dir='ltr'>se</span> <span class='ocrx_word' id='word_1_282' title='bbox 2779 1980 2975 2048; x_wconf 92' lang='lat' dir='ltr'>homo,</span> <span class='ocrx_word' id='word_1_283' title='bbox 3006 1983 3064 2036; x_wconf 89' lang='lat' dir='ltr'>et</span> <span class='ocrx_word' id='word_1_284' title='bbox 3090 1979 3444 2037; x_wconf 85' lang='lat' dir='ltr'>humiliatus</span> <span class='ocrx_word' id='word_1_285' title='bbox 3471 1983 3557 2035; x_wconf 88' lang='lat' dir='ltr'>est</span> <span class='ocrx_word' id='word_1_286' title='bbox 3579 1977 3674 2033; x_wconf 89' lang='lat' dir='ltr'>vir.</span> <span class='ocrx_word' id='word_1_287' title='bbox 3696 2001 3719 2026; x_wconf 73' lang='grc' dir='ltr'>»ι</span> <span class='ocrx_word' id='word_1_288' title='bbox 3739 1977 3828 2032; x_wconf 79' lang='lat' dir='ltr'>Hoc</span> 
     </span>
    </p>
   </div>
   <div class='ocr_carea' id='block_1_20' title="bbox 475 2068 3829 2148">
    <p class='ocr_par' dir='ltr' id='par_1_20' title="bbox 475 2068 3829 2148">
     <span class='ocr_line' id='line_1_20' title="bbox 475 2068 3829 2148; baseline -0.003 -16"><span class='ocrx_word' id='word_1_289' title='bbox 475 2075 697 2148; x_wconf 68' lang='grc' dir='ltr'>χχχιιι.)</span> <span class='ocrx_word' id='word_1_290' title='bbox 721 2093 748 2125; x_wconf 72' lang='grc' dir='ltr'>ι</span> <span class='ocrx_word' id='word_1_291' title='bbox 2234 2075 2344 2141; x_wconf 91' lang='lat' dir='ltr'>est,</span> <span class='ocrx_word' id='word_1_292' title='bbox 2366 2075 2424 2126; x_wconf 89' lang='lat' dir='ltr'>et</span> <span class='ocrx_word' id='word_1_293' title='bbox 2453 2070 2670 2126; x_wconf 80' lang='lat' dir='ltr'>infirmi</span> <span class='ocrx_word' id='word_1_294' title='bbox 2701 2069 2821 2126; x_wconf 88' lang='lat' dir='ltr'>sive</span> <span class='ocrx_word' id='word_1_295' title='bbox 2877 2073 3168 2142; x_wconf 89' lang='lat' dir='ltr'>potentes,</span> <span class='ocrx_word' id='word_1_296' title='bbox 3193 2069 3300 2143; x_wconf 90' lang='lat' dir='ltr'>qui</span> <span class='ocrx_word' id='word_1_297' title='bbox 3357 2068 3712 2144; x_wconf 87' lang='lat' dir='ltr'>designantur</span> <span class='ocrx_word' id='word_1_298' title='bbox 3751 2081 3829 2138; x_wconf 77' lang='lat' dir='ltr'>per</span> 
     </span>
    </p>
   </div>
   <div class='ocr_carea' id='block_1_21' title="bbox 547 2155 3827 2236">
    <p class='ocr_par' dir='ltr' id='par_1_21' title="bbox 547 2155 3827 2236">
     <span class='ocr_line' id='line_1_21' title="bbox 547 2155 3827 2236; baseline -0.002 -20"><span class='ocrx_word' id='word_1_299' title='bbox 547 2189 576 2216; x_wconf 84' lang='grc'><em>‹‹</em></span> <span class='ocrx_word' id='word_1_300' title='bbox 603 2160 898 2236; x_wconf 87' lang='lat' dir='ltr'>Projecisti</span> <span class='ocrx_word' id='word_1_301' title='bbox 919 2159 1075 2216; x_wconf 90' lang='lat' dir='ltr'>enim</span> <span class='ocrx_word' id='word_1_302' title='bbox 1096 2158 1379 2231; x_wconf 88' lang='lat' dir='ltr'>populum</span> <span class='ocrx_word' id='word_1_303' title='bbox 1403 2162 1596 2226; x_wconf 91' lang='lat' dir='ltr'>tuum,</span> <span class='ocrx_word' id='word_1_304' title='bbox 1621 2158 1863 2212; x_wconf 91' lang='lat' dir='ltr'>domum</span> <span class='ocrx_word' id='word_1_305' title='bbox 1885 2155 2125 2212; x_wconf 83' lang='lat' dir='ltr'>Jacob.»</span> <span class='ocrx_word' id='word_1_306' title='bbox 2236 2159 2533 2216; x_wconf 86' lang='lat' dir='ltr'>hominem</span> <span class='ocrx_word' id='word_1_307' title='bbox 2565 2159 2665 2231; x_wconf 89' lang='lat' dir='ltr'>qui</span> <span class='ocrx_word' id='word_1_308' title='bbox 2713 2158 2929 2215; x_wconf 92' lang='lat' dir='ltr'>dicitur</span> <span class='ocrx_word' id='word_1_309' title='bbox 2957 2157 3028 2214; x_wconf 90' lang='lat' dir='ltr'>ab</span> <span class='ocrx_word' id='word_1_310' title='bbox 3067 2157 3250 2214; x_wconf 88' lang='lat' dir='ltr'>humo</span> <span class='ocrx_word' id='word_1_311' title='bbox 3277 2176 3295 2214; x_wconf 91' lang='lat'>:</span> <span class='ocrx_word' id='word_1_312' title='bbox 3331 2163 3390 2214; x_wconf 91' lang='lat' dir='ltr'>et</span> <span class='ocrx_word' id='word_1_313' title='bbox 3417 2157 3498 2214; x_wconf 91' lang='lat' dir='ltr'>illi</span> <span class='ocrx_word' id='word_1_314' title='bbox 3525 2157 3617 2230; x_wconf 90' lang='lat' dir='ltr'>qui</span> <span class='ocrx_word' id='word_1_315' title='bbox 3656 2155 3827 2212; x_wconf 85' lang='lat' dir='ltr'>debue-</span> 
     </span>
    </p>
   </div>
   <div class='ocr_carea' id='block_1_22' title="bbox 475 2245 3829 2326">
    <p class='ocr_par' dir='ltr' id='par_1_22' title="bbox 475 2245 3829 2326">
     <span class='ocr_line' id='line_1_22' title="bbox 475 2245 3829 2326; baseline -0.003 -15"><span class='ocrx_word' id='word_1_316' title='bbox 475 2254 792 2326; x_wconf 81' lang='lat' dir='ltr'>Alloquens</span> <span class='ocrx_word' id='word_1_317' title='bbox 813 2249 1116 2324; x_wconf 88' lang='lat' dir='ltr'>prepheta,</span> <span class='ocrx_word' id='word_1_318' title='bbox 1131 2252 1188 2303; x_wconf 92' lang='lat' dir='ltr'>et</span> <span class='ocrx_word' id='word_1_319' title='bbox 1207 2247 1518 2304; x_wconf 81' lang='lat' dir='ltr'>exhortans</span> <span class='ocrx_word' id='word_1_320' title='bbox 1541 2245 1821 2319; x_wconf 89' lang='lat' dir='ltr'>p0pulum</span> <span class='ocrx_word' id='word_1_321' title='bbox 1845 2262 2042 2319; x_wconf 88' lang='lat' dir='ltr'>suum,</span> <span class='ocrx_word' id='word_1_322' title='bbox 2062 2250 2128 2302; x_wconf 89' lang='lat' dir='ltr'>ut</span> <span class='ocrx_word' id='word_1_323' title='bbox 2235 2252 2368 2305; x_wconf 91' lang='lat' dir='ltr'>rant</span> <span class='ocrx_word' id='word_1_324' title='bbox 2395 2265 2524 2305; x_wconf 90' lang='lat' dir='ltr'>esse</span> <span class='ocrx_word' id='word_1_325' title='bbox 2561 2249 2740 2304; x_wconf 84' lang='lat' dir='ltr'>fortes</span> <span class='ocrx_word' id='word_1_326' title='bbox 2783 2251 2842 2304; x_wconf 91' lang='lat' dir='ltr'>et</span> <span class='ocrx_word' id='word_1_327' title='bbox 2887 2247 3152 2312; x_wconf 89' lang='lat' dir='ltr'>virtuosi,</span> <span class='ocrx_word' id='word_1_328' title='bbox 3175 2246 3280 2320; x_wconf 88' lang='lat' dir='ltr'>qui</span> <span class='ocrx_word' id='word_1_329' title='bbox 3331 2245 3715 2320; x_wconf 88' lang='lat' dir='ltr'>intelliguntur</span> <span class='ocrx_word' id='word_1_330' title='bbox 3751 2259 3829 2316; x_wconf 83' lang='lat' dir='ltr'>per</span> 
     </span>
    </p>
   </div>
   <div class='ocr_carea' id='block_1_23' title="bbox 477 2333 3829 2409">
    <p class='ocr_par' dir='ltr' id='par_1_23' title="bbox 477 2333 3829 2409">
     <span class='ocr_line' id='line_1_23' title="bbox 477 2333 3829 2409; baseline -0.004 -8"><span class='ocrx_word' id='word_1_331' title='bbox 477 2341 848 2402; x_wconf 89' lang='lat' dir='ltr'>ambularent</span> <span class='ocrx_word' id='word_1_332' title='bbox 865 2338 926 2394; x_wconf 91' lang='lat' dir='ltr'>in</span> <span class='ocrx_word' id='word_1_333' title='bbox 959 2337 1072 2393; x_wconf 79' lang='lat' dir='ltr'>ﬁde</span> <span class='ocrx_word' id='word_1_334' title='bbox 1094 2335 1326 2392; x_wconf 91' lang='lat' dir='ltr'>Domini</span> <span class='ocrx_word' id='word_1_335' title='bbox 1349 2334 1686 2403; x_wconf 87' lang='lat' dir='ltr'>Salvatoris,</span> <span class='ocrx_word' id='word_1_336' title='bbox 1711 2339 2021 2407; x_wconf 89' lang='lat' dir='ltr'>postquam</span> <span class='ocrx_word' id='word_1_337' title='bbox 2042 2335 2126 2390; x_wconf 91' lang='lat' dir='ltr'>vi-</span> <span class='ocrx_word' id='word_1_338' title='bbox 2233 2338 2424 2392; x_wconf 89' lang='lat' dir='ltr'>virum</span> <span class='ocrx_word' id='word_1_339' title='bbox 2455 2335 2557 2409; x_wconf 86' lang='lat' dir='ltr'>qui</span> <span class='ocrx_word' id='word_1_340' title='bbox 2589 2335 2803 2392; x_wconf 90' lang='lat' dir='ltr'>dicitur</span> <span class='ocrx_word' id='word_1_341' title='bbox 2830 2353 2865 2392; x_wconf 89' lang='lat' dir='ltr'>a</span> <span class='ocrx_word' id='word_1_342' title='bbox 2892 2335 3106 2392; x_wconf 91' lang='lat' dir='ltr'>virtute</span> <span class='ocrx_word' id='word_1_343' title='bbox 3131 2352 3144 2392; x_wconf 91' lang='lat'>:</span> <span class='ocrx_word' id='word_1_344' title='bbox 3169 2352 3384 2393; x_wconf 85' lang='lat' dir='ltr'>omnes</span> <span class='ocrx_word' id='word_1_345' title='bbox 3427 2334 3634 2408; x_wconf 88' lang='lat' dir='ltr'>pariter</span> <span class='ocrx_word' id='word_1_346' title='bbox 3675 2333 3829 2388; x_wconf 62' lang='lat' dir='ltr'>incub</span> 
     </span>
    </p>
   </div>
   <div class='ocr_carea' id='block_1_24' title="bbox 476 2421 3831 2506">
    <p class='ocr_par' dir='ltr' id='par_1_24' title="bbox 476 2421 3831 2506">
     <span class='ocr_line' id='line_1_24' title="bbox 476 2421 3831 2506; baseline -0.004 -16"><span class='ocrx_word' id='word_1_347' title='bbox 476 2423 1562 2506; x_wconf 87' lang='lat' dir='ltr'>ditperSpiritumsanctumduritiam</span> <span class='ocrx_word' id='word_1_348' title='bbox 1581 2423 2124 2480; x_wconf 75' lang='lat' dir='ltr'>cordisJudzeorum</span> <span class='ocrx_word' id='word_1_349' title='bbox 2232 2425 2347 2482; x_wconf 89' lang='lat' dir='ltr'>vati</span> <span class='ocrx_word' id='word_1_350' title='bbox 2408 2430 2568 2496; x_wconf 89' lang='lat' dir='ltr'>sunt,</span> <span class='ocrx_word' id='word_1_351' title='bbox 2609 2429 2668 2481; x_wconf 91' lang='lat' dir='ltr'>et</span> <span class='ocrx_word' id='word_1_352' title='bbox 2712 2423 3007 2480; x_wconf 89' lang='lat' dir='ltr'>humiliati</span> <span class='ocrx_word' id='word_1_353' title='bbox 3062 2425 3136 2480; x_wconf 89' lang='lat' dir='ltr'>ad</span> <span class='ocrx_word' id='word_1_354' title='bbox 3195 2425 3500 2481; x_wconf 85' lang='lat' dir='ltr'>adoranda</span> <span class='ocrx_word' id='word_1_355' title='bbox 3551 2421 3705 2479; x_wconf 90' lang='lat' dir='ltr'>idola.</span> <span class='ocrx_word' id='word_1_356' title='bbox 3740 2421 3831 2477; x_wconf 84' lang='lat' dir='ltr'>Hoc</span> 
     </span>
    </p>
   </div>
   <div class='ocr_carea' id='block_1_25' title="bbox 476 2511 3463 2593">
    <p class='ocr_par' dir='ltr' id='par_1_25' title="bbox 476 2511 3463 2593">
     <span class='ocr_line' id='line_1_25' title="bbox 476 2511 3463 2593; baseline -0.003 -15"><span class='ocrx_word' id='word_1_357' title='bbox 476 2525 535 2578; x_wconf 91' lang='lat' dir='ltr'>et</span> <span class='ocrx_word' id='word_1_358' title='bbox 563 2517 938 2593; x_wconf 76' lang='lat' dir='ltr'>impcenitens</span> <span class='ocrx_word' id='word_1_359' title='bbox 967 2532 1068 2571; x_wconf 92' lang='lat' dir='ltr'>cor</span> <span class='ocrx_word' id='word_1_360' title='bbox 1095 2530 1298 2570; x_wconf 90' lang='lat' dir='ltr'>eorum</span> <span class='ocrx_word' id='word_1_361' title='bbox 1323 2530 1336 2569; x_wconf 87' lang='lat'><strong>:</strong></span> <span class='ocrx_word' id='word_1_362' title='bbox 1363 2512 1555 2569; x_wconf 88' lang='lat' dir='ltr'>subito</span> <span class='ocrx_word' id='word_1_363' title='bbox 1577 2513 1860 2568; x_wconf 89' lang='lat' dir='ltr'>convertit</span> <span class='ocrx_word' id='word_1_364' title='bbox 1888 2511 2125 2569; x_wconf 90' lang='lat' dir='ltr'>oculum</span> <span class='ocrx_word' id='word_1_365' title='bbox 2234 2531 2467 2588; x_wconf 88' lang='lat' dir='ltr'>quoque</span> <span class='ocrx_word' id='word_1_366' title='bbox 2495 2512 2861 2586; x_wconf 88' lang='lat' dir='ltr'>temporibus</span> <span class='ocrx_word' id='word_1_367' title='bbox 2895 2513 3057 2569; x_wconf 72' lang='lat' dir='ltr'>Isaiae</span> <span class='ocrx_word' id='word_1_368' title='bbox 3094 2514 3326 2570; x_wconf 80' lang='lat' dir='ltr'>factum</span> <span class='ocrx_word' id='word_1_369' title='bbox 3355 2518 3463 2570; x_wconf 88' lang='lat' dir='ltr'>est.</span> 
     </span>
    </p>
   </div>
   <div class='ocr_carea' id='block_1_26' title="bbox 468 2595 3829 2690">
    <p class='ocr_par' dir='ltr' id='par_1_26' title="bbox 468 2595 3829 2690">
     <span class='ocr_line' id='line_1_26' title="bbox 468 2595 3829 2690; baseline -0.005 -24"><span class='ocrx_word' id='word_1_370' title='bbox 468 2608 693 2690; x_wconf 66' lang='lat' dir='ltr'>pientis</span> <span class='ocrx_word' id='word_1_371' title='bbox 715 2607 786 2664; x_wconf 91' lang='lat' dir='ltr'>ad</span> <span class='ocrx_word' id='word_1_372' title='bbox 809 2607 1018 2676; x_wconf 91' lang='lat' dir='ltr'>Deum,</span> <span class='ocrx_word' id='word_1_373' title='bbox 1039 2602 1240 2659; x_wconf 84' lang='lat' dir='ltr'>dicens</span> <span class='ocrx_word' id='word_1_374' title='bbox 1266 2620 1279 2658; x_wconf 89' lang='lat'><strong>:</strong></span> <span class='ocrx_word' id='word_1_375' title='bbox 1310 2603 1441 2658; x_wconf 93' lang='lat' dir='ltr'>Ideo</span> <span class='ocrx_word' id='word_1_376' title='bbox 1457 2602 1692 2675; x_wconf 84' lang='lat' dir='ltr'>(inquit)</span> <span class='ocrx_word' id='word_1_377' title='bbox 1714 2601 1933 2674; x_wconf 90' lang='lat' dir='ltr'>hortor,</span> <span class='ocrx_word' id='word_1_378' title='bbox 1957 2606 2024 2657; x_wconf 90' lang='lat' dir='ltr'>ut</span> <span class='ocrx_word' id='word_1_379' title='bbox 2052 2603 2125 2658; x_wconf 91' lang='lat' dir='ltr'>ad</span> <span class='ocrx_word' id='word_1_380' title='bbox 2305 2627 2334 2656; x_wconf 90' lang='grc'>‹‹</span> <span class='ocrx_word' id='word_1_381' title='bbox 2366 2603 2449 2659; x_wconf 86' lang='lat' dir='ltr'>Ne</span> <span class='ocrx_word' id='word_1_382' title='bbox 2481 2618 2618 2675; x_wconf 88' lang='lat' dir='ltr'>ergo</span> <span class='ocrx_word' id='word_1_383' title='bbox 2649 2600 2915 2658; x_wconf 86' lang='lat' dir='ltr'>dimittas</span> <span class='ocrx_word' id='word_1_384' title='bbox 2942 2599 3050 2657; x_wconf 91' lang='lat' dir='ltr'>eis.</span> <span class='ocrx_word' id='word_1_385' title='bbox 3074 2622 3102 2651; x_wconf 86' lang='lat'><strong>»</strong></span> <span class='ocrx_word' id='word_1_386' title='bbox 3127 2601 3301 2668; x_wconf 87' lang='lat' dir='ltr'>Quod</span> <span class='ocrx_word' id='word_1_387' title='bbox 3341 2599 3696 2673; x_wconf 83' lang='lat' dir='ltr'>Septuaginta</span> <span class='ocrx_word' id='word_1_388' title='bbox 3717 2595 3829 2690; x_wconf 79' lang='lat' dir='ltr'>alio-</span> 
     </span>
    </p>
   </div>
   <div class='ocr_carea' id='block_1_27' title="bbox 477 2683 3825 2766">
    <p class='ocr_par' dir='ltr' id='par_1_27' title="bbox 477 2683 3825 2766">
     <span class='ocr_line' id='line_1_27' title="bbox 477 2683 3825 2766; baseline -0.005 -10"><span class='ocrx_word' id='word_1_389' title='bbox 477 2683 534 2756; x_wconf 75' lang='lat' dir='ltr'>te</span> <span class='ocrx_word' id='word_1_390' title='bbox 553 2697 808 2766; x_wconf 87' lang='lat' dir='ltr'>veniant,</span> <span class='ocrx_word' id='word_1_391' title='bbox 832 2709 1182 2766; x_wconf 87' lang='lat' dir='ltr'>mecumque</span> <span class='ocrx_word' id='word_1_392' title='bbox 1201 2695 1302 2748; x_wconf 90' lang='lat' dir='ltr'>tuo</span> <span class='ocrx_word' id='word_1_393' title='bbox 1323 2690 1545 2747; x_wconf 89' lang='lat' dir='ltr'>lumine</span> <span class='ocrx_word' id='word_1_394' title='bbox 1569 2691 1966 2764; x_wconf 83' lang='lat' dir='ltr'>perfruantur,</span> <span class='ocrx_word' id='word_1_395' title='bbox 1987 2691 2128 2764; x_wconf 88' lang='lat' dir='ltr'>quia</span> <span class='ocrx_word' id='word_1_396' title='bbox 2235 2694 2408 2750; x_wconf 89' lang='lat' dir='ltr'>modo</span> <span class='ocrx_word' id='word_1_397' title='bbox 2438 2689 2800 2764; x_wconf 89' lang='lat' dir='ltr'>interpretati</span> <span class='ocrx_word' id='word_1_398' title='bbox 2834 2693 2994 2758; x_wconf 91' lang='lat' dir='ltr'>sunt,</span> <span class='ocrx_word' id='word_1_399' title='bbox 3027 2689 3138 2746; x_wconf 91' lang='lat' dir='ltr'>sub</span> <span class='ocrx_word' id='word_1_400' title='bbox 3169 2706 3430 2762; x_wconf 78' lang='lat' dir='ltr'>persona</span> <span class='ocrx_word' id='word_1_401' title='bbox 3460 2687 3554 2746; x_wconf 92' lang='lat' dir='ltr'>Dei</span> <span class='ocrx_word' id='word_1_402' title='bbox 3583 2683 3825 2744; x_wconf 84' lang='lat' dir='ltr'>dicentis:</span> 
     </span>
    </p>
   </div>
   <div class='ocr_carea' id='block_1_28' title="bbox 476 2771 3830 2861">
    <p class='ocr_par' dir='ltr' id='par_1_28' title="bbox 476 2771 3830 2861">
     <span class='ocr_line' id='line_1_28' title="bbox 476 2771 3830 2861; baseline -0.005 -17"><span class='ocrx_word' id='word_1_403' title='bbox 476 2791 713 2861; x_wconf 86' lang='lat' dir='ltr'>prepter</span> <span class='ocrx_word' id='word_1_404' title='bbox 741 2783 1181 2840; x_wconf 87' lang='lat' dir='ltr'>multitudinem</span> <span class='ocrx_word' id='word_1_405' title='bbox 1217 2785 1588 2854; x_wconf 87' lang='lat' dir='ltr'>peccatorum</span> <span class='ocrx_word' id='word_1_406' title='bbox 1613 2779 1896 2853; x_wconf 88' lang='lat' dir='ltr'>reliquisti</span> <span class='ocrx_word' id='word_1_407' title='bbox 1922 2799 2042 2848; x_wconf 91' lang='lat' dir='ltr'>eos,</span> <span class='ocrx_word' id='word_1_408' title='bbox 2067 2783 2127 2837; x_wconf 91' lang='lat' dir='ltr'>et</span> <span class='ocrx_word' id='word_1_409' title='bbox 2235 2783 2316 2838; x_wconf 89' lang='lat' dir='ltr'>Ne</span> <span class='ocrx_word' id='word_1_410' title='bbox 2343 2798 2480 2854; x_wconf 86' lang='lat' dir='ltr'>ergo</span> <span class='ocrx_word' id='word_1_411' title='bbox 2509 2779 2804 2836; x_wconf 90' lang='lat' dir='ltr'>dimittam</span> <span class='ocrx_word' id='word_1_412' title='bbox 2833 2778 2940 2835; x_wconf 91' lang='lat' dir='ltr'>eis.</span> <span class='ocrx_word' id='word_1_413' title='bbox 2965 2781 3339 2852; x_wconf 82' lang='lat' dir='ltr'>QuaprOpter</span> <span class='ocrx_word' id='word_1_414' title='bbox 3363 2778 3642 2852; x_wconf 88' lang='lat' dir='ltr'>geminam</span> <span class='ocrx_word' id='word_1_415' title='bbox 3668 2771 3830 2846; x_wconf 86' lang='lat' dir='ltr'>recipit</span> 
     </span>
    </p>
   </div>
   <div class='ocr_carea' id='block_1_29' title="bbox 477 2865 3828 2948">
    <p class='ocr_par' dir='ltr' id='par_1_29' title="bbox 477 2865 3828 2948">
     <span class='ocr_line' id='line_1_29' title="bbox 477 2865 3828 2948; baseline -0.005 -15"><span class='ocrx_word' id='word_1_416' title='bbox 477 2874 740 2948; x_wconf 83' lang='lat' dir='ltr'>abjecisti</span> <span class='ocrx_word' id='word_1_417' title='bbox 775 2871 1056 2946; x_wconf 88' lang='lat' dir='ltr'>populum</span> <span class='ocrx_word' id='word_1_418' title='bbox 1088 2872 1384 2944; x_wconf 90' lang='lat' dir='ltr'>quondam</span> <span class='ocrx_word' id='word_1_419' title='bbox 1419 2873 1607 2937; x_wconf 91' lang='lat' dir='ltr'>tuum,</span> <span class='ocrx_word' id='word_1_420' title='bbox 1630 2871 1871 2925; x_wconf 89' lang='lat' dir='ltr'>domum</span> <span class='ocrx_word' id='word_1_421' title='bbox 1905 2869 2128 2926; x_wconf 87' lang='lat' dir='ltr'>scilicet</span> <span class='ocrx_word' id='word_1_422' title='bbox 2233 2869 2674 2943; x_wconf 87' lang='lat' dir='ltr'>expositionem.</span> <span class='ocrx_word' id='word_1_423' title='bbox 2706 2868 2766 2925; x_wconf 93' lang='lat' dir='ltr'>Si</span> <span class='ocrx_word' id='word_1_424' title='bbox 2813 2885 2950 2941; x_wconf 88' lang='lat' dir='ltr'>ergo</span> <span class='ocrx_word' id='word_1_425' title='bbox 2981 2868 3052 2923; x_wconf 90' lang='lat' dir='ltr'>ad</span> <span class='ocrx_word' id='word_1_426' title='bbox 3095 2884 3418 2940; x_wconf 84' lang='lat' dir='ltr'>personam</span> <span class='ocrx_word' id='word_1_427' title='bbox 3467 2866 3562 2924; x_wconf 87' lang='lat' dir='ltr'>Dei</span> <span class='ocrx_word' id='word_1_428' title='bbox 3609 2865 3828 2928; x_wconf 81' lang='lat' dir='ltr'>refertur,</span> 
     </span>
    </p>
   </div>
   <div class='ocr_carea' id='block_1_30' title="bbox 477 2950 3827 3034">
    <p class='ocr_par' dir='ltr' id='par_1_30' title="bbox 477 2950 3827 3034">
     <span class='ocr_line' id='line_1_30' title="bbox 477 2950 3827 3034; baseline -0.005 -12"><span class='ocrx_word' id='word_1_429' title='bbox 477 2965 680 3022; x_wconf 85' lang='lat' dir='ltr'>Jacob.</span> <span class='ocrx_word' id='word_1_430' title='bbox 715 2963 1042 3034; x_wconf 81' lang='lat' dir='ltr'>Redditque</span> <span class='ocrx_word' id='word_1_431' title='bbox 1089 2977 1328 3016; x_wconf 88' lang='lat' dir='ltr'>causam</span> <span class='ocrx_word' id='word_1_432' title='bbox 1372 2977 1551 3032; x_wconf 91' lang='lat' dir='ltr'>quare</span> <span class='ocrx_word' id='word_1_433' title='bbox 1608 2959 1915 3032; x_wconf 88' lang='lat' dir='ltr'>projecerit</span> <span class='ocrx_word' id='word_1_434' title='bbox 1969 2959 2122 3016; x_wconf 92' lang='lat' dir='ltr'>illos.</span> <span class='ocrx_word' id='word_1_435' title='bbox 2236 2964 2303 3016; x_wconf 92' lang='lat' dir='ltr'>ut</span> <span class='ocrx_word' id='word_1_436' title='bbox 2322 2965 2472 3016; x_wconf 85' lang='lat' dir='ltr'>Deus</span> <span class='ocrx_word' id='word_1_437' title='bbox 2493 2957 2726 3014; x_wconf 91' lang='lat' dir='ltr'>locutus</span> <span class='ocrx_word' id='word_1_438' title='bbox 2750 2956 2827 3012; x_wconf 91' lang='lat' dir='ltr'>sit</span> <span class='ocrx_word' id='word_1_439' title='bbox 2847 2953 3101 3013; x_wconf 80' lang='lat' dir='ltr'>hoczita</span> <span class='ocrx_word' id='word_1_440' title='bbox 3119 2960 3209 3013; x_wconf 91' lang='lat' dir='ltr'>est</span> <span class='ocrx_word' id='word_1_441' title='bbox 3234 2950 3827 3030; x_wconf 78' lang='lat' dir='ltr'>intelligendumzquia</span> 
     </span>
    </p>
   </div>
   <div class='ocr_carea' id='block_1_31' title="bbox 482 3044 3826 3124">
    <p class='ocr_par' dir='ltr' id='par_1_31' title="bbox 482 3044 3826 3124">
     <span class='ocr_line' id='line_1_31' title="bbox 482 3044 3826 3124; baseline -0.002 -19"><span class='ocrx_word' id='word_1_442' title='bbox 482 3078 504 3105; x_wconf 70' lang='grc' dir='ltr'>ι</span> <span class='ocrx_word' id='word_1_443' title='bbox 530 3053 677 3121; x_wconf 87' lang='lat' dir='ltr'>Quia</span> <span class='ocrx_word' id='word_1_444' title='bbox 697 3051 895 3124; x_wconf 90' lang='lat' dir='ltr'>repleti</span> <span class='ocrx_word' id='word_1_445' title='bbox 925 3054 1066 3106; x_wconf 89' lang='lat' dir='ltr'>sunt</span> <span class='ocrx_word' id='word_1_446' title='bbox 1085 3054 1151 3104; x_wconf 91' lang='lat' dir='ltr'>ut</span> <span class='ocrx_word' id='word_1_447' title='bbox 1173 3049 1334 3117; x_wconf 89' lang='lat' dir='ltr'>olim,</span> <span class='ocrx_word' id='word_1_448' title='bbox 1350 3053 1406 3104; x_wconf 91' lang='lat' dir='ltr'>et</span> <span class='ocrx_word' id='word_1_449' title='bbox 1427 3067 1680 3122; x_wconf 83' lang='lat' dir='ltr'>augures</span> <span class='ocrx_word' id='word_1_450' title='bbox 1701 3050 2032 3104; x_wconf 87' lang='lat' dir='ltr'>habuerunt</span> <span class='ocrx_word' id='word_1_451' title='bbox 2060 3052 2128 3105; x_wconf 85' lang='lat' dir='ltr'>ut</span> <span class='ocrx_word' id='word_1_452' title='bbox 2232 3053 2398 3106; x_wconf 88' lang='lat' dir='ltr'>tanta</span> <span class='ocrx_word' id='word_1_453' title='bbox 2427 3049 2585 3105; x_wconf 87' lang='lat' dir='ltr'>mala</span> <span class='ocrx_word' id='word_1_454' title='bbox 2615 3047 2895 3115; x_wconf 84' lang='lat' dir='ltr'>fecerunt,</span> <span class='ocrx_word' id='word_1_455' title='bbox 2921 3064 3038 3103; x_wconf 88' lang='lat' dir='ltr'>non</span> <span class='ocrx_word' id='word_1_456' title='bbox 3070 3063 3316 3120; x_wconf 85' lang='lat' dir='ltr'>parcam</span> <span class='ocrx_word' id='word_1_457' title='bbox 3339 3047 3445 3116; x_wconf 91' lang='lat' dir='ltr'>eis,</span> <span class='ocrx_word' id='word_1_458' title='bbox 3469 3063 3568 3105; x_wconf 88' lang='lat' dir='ltr'>nec</span> <span class='ocrx_word' id='word_1_459' title='bbox 3584 3044 3826 3103; x_wconf 85' lang='lat' dir='ltr'>dimittam</span> 
     </span>
    </p>
   </div>
   <div class='ocr_carea' id='block_1_32' title="bbox 479 3133 3826 3210">
    <p class='ocr_par' dir='ltr' id='par_1_32' title="bbox 479 3133 3826 3210">
     <span class='ocr_line' id='line_1_32' title="bbox 479 3133 3826 3210; baseline -0.004 -13"><span class='ocrx_word' id='word_1_460' title='bbox 479 3139 849 3197; x_wconf 63' lang='lat' dir='ltr'>Philistiim.»</span> <span class='ocrx_word' id='word_1_461' title='bbox 876 3137 1042 3192; x_wconf 89' lang='lat' dir='ltr'>Hunc</span> <span class='ocrx_word' id='word_1_462' title='bbox 1073 3135 1267 3190; x_wconf 90' lang='lat' dir='ltr'>locum</span> <span class='ocrx_word' id='word_1_463' title='bbox 1291 3137 1430 3207; x_wconf 91' lang='lat' dir='ltr'>quia</span> <span class='ocrx_word' id='word_1_464' title='bbox 1457 3135 1670 3192; x_wconf 87' lang='lat' dir='ltr'>diversi</span> <span class='ocrx_word' id='word_1_465' title='bbox 1697 3136 1924 3191; x_wconf 86' lang='lat' dir='ltr'>diverso</span> <span class='ocrx_word' id='word_1_466' title='bbox 1954 3136 2125 3191; x_wconf 88' lang='lat' dir='ltr'>modo</span> <span class='ocrx_word' id='word_1_467' title='bbox 2165 3203 2196 3210; x_wconf 81' lang='lat'>_</span> <span class='ocrx_word' id='word_1_468' title='bbox 2235 3137 2688 3195; x_wconf 89' lang='lat' dir='ltr'>innumerabilia</span> <span class='ocrx_word' id='word_1_469' title='bbox 2716 3135 2938 3193; x_wconf 90' lang='lat' dir='ltr'>scelera</span> <span class='ocrx_word' id='word_1_470' title='bbox 2965 3153 3190 3193; x_wconf 89' lang='lat' dir='ltr'>eorum.</span> <span class='ocrx_word' id='word_1_471' title='bbox 3213 3136 3274 3192; x_wconf 93' lang='lat' dir='ltr'>Si</span> <span class='ocrx_word' id='word_1_472' title='bbox 3306 3136 3582 3210; x_wconf 90' lang='lat' dir='ltr'>propheta</span> <span class='ocrx_word' id='word_1_473' title='bbox 3598 3133 3826 3207; x_wconf 85' lang='lat' dir='ltr'>loquitur,</span> 
     </span>
    </p>
   </div>
   <div class='ocr_carea' id='block_1_33' title="bbox 448 3203 3829 3300">
    <p class='ocr_par' dir='ltr' id='par_1_33' title="bbox 448 3203 3829 3300">
     <span class='ocr_line' id='line_1_33' title="bbox 448 3203 3829 3300; baseline -0.003 -17"><span class='ocrx_word' id='word_1_474' title='bbox 448 3227 787 3300; x_wconf 86' lang='lat' dir='ltr'>-explanare</span> <span class='ocrx_word' id='word_1_475' title='bbox 808 3225 1098 3291; x_wconf 91' lang='lat' dir='ltr'>nituntur,</span> <span class='ocrx_word' id='word_1_476' title='bbox 1123 3203 1436 3279; x_wconf 87' lang='lat' dir='ltr'>dicendum</span> <span class='ocrx_word' id='word_1_477' title='bbox 1459 3229 1549 3280; x_wconf 89' lang='lat' dir='ltr'>est</span> <span class='ocrx_word' id='word_1_478' title='bbox 1561 3225 1732 3295; x_wconf 84' lang='lat' dir='ltr'>juxta</span> <span class='ocrx_word' id='word_1_479' title='bbox 1753 3223 2125 3280; x_wconf 84' lang='lat' dir='ltr'>traditionem</span> <span class='ocrx_word' id='word_1_480' title='bbox 2154 3203 2198 3270; x_wconf 76' lang='lat' dir='ltr'><strong>C</strong></span> <span class='ocrx_word' id='word_1_481' title='bbox 2237 3227 2320 3285; x_wconf 88' lang='lat' dir='ltr'>sic</span> <span class='ocrx_word' id='word_1_482' title='bbox 2349 3232 2439 3284; x_wconf 90' lang='lat' dir='ltr'>est</span> <span class='ocrx_word' id='word_1_483' title='bbox 2485 3227 2857 3284; x_wconf 89' lang='lat' dir='ltr'>sentiendum</span> <span class='ocrx_word' id='word_1_484' title='bbox 2893 3242 2906 3282; x_wconf 88' lang='lat'><strong>:</strong></span> <span class='ocrx_word' id='word_1_485' title='bbox 2939 3242 3011 3280; x_wconf 91' lang='lat' dir='ltr'>ne</span> <span class='ocrx_word' id='word_1_486' title='bbox 3037 3241 3175 3298; x_wconf 92' lang='lat' dir='ltr'>ergo</span> <span class='ocrx_word' id='word_1_487' title='bbox 3204 3203 3477 3282; x_wconf 66' lang='lat' dir='ltr'>dimittas</span> <span class='ocrx_word' id='word_1_488' title='bbox 3520 3225 3600 3282; x_wconf 92' lang='lat' dir='ltr'>eis</span> <span class='ocrx_word' id='word_1_489' title='bbox 3641 3203 3829 3296; x_wconf 74' lang='lat' dir='ltr'>peccata</span> 
     </span>
    </p>
   </div>
   <div class='ocr_carea' id='block_1_34' title="bbox 479 3311 3828 3388">
    <p class='ocr_par' dir='ltr' id='par_1_34' title="bbox 479 3311 3828 3388">
     <span class='ocr_line' id='line_1_34' title="bbox 479 3311 3828 3388; baseline -0.003 -17"><span class='ocrx_word' id='word_1_490' title='bbox 479 3313 899 3387; x_wconf 89' lang='lat' dir='ltr'>magistrorum</span> <span class='ocrx_word' id='word_1_491' title='bbox 925 3328 938 3367; x_wconf 88' lang='lat'>:</span> <span class='ocrx_word' id='word_1_492' title='bbox 963 3316 1020 3368; x_wconf 92' lang='lat' dir='ltr'>et</span> <span class='ocrx_word' id='word_1_493' title='bbox 1047 3311 1185 3382; x_wconf 89' lang='lat' dir='ltr'>quid</span> <span class='ocrx_word' id='word_1_494' title='bbox 1233 3311 1517 3368; x_wconf 88' lang='lat' dir='ltr'>sincerius</span> <span class='ocrx_word' id='word_1_495' title='bbox 1554 3311 1674 3366; x_wconf 92' lang='lat' dir='ltr'>illis</span> <span class='ocrx_word' id='word_1_496' title='bbox 1704 3311 1894 3368; x_wconf 89' lang='lat' dir='ltr'>visum</span> <span class='ocrx_word' id='word_1_497' title='bbox 1929 3313 2125 3370; x_wconf 85' lang='lat' dir='ltr'>fuerit.</span> <span class='ocrx_word' id='word_1_498' title='bbox 2233 3315 2571 3388; x_wconf 87' lang='lat' dir='ltr'>eorum,qui</span> <span class='ocrx_word' id='word_1_499' title='bbox 2605 3319 2769 3371; x_wconf 87' lang='lat' dir='ltr'>tanta</span> <span class='ocrx_word' id='word_1_500' title='bbox 2798 3313 2956 3370; x_wconf 88' lang='lat' dir='ltr'>mala</span> <span class='ocrx_word' id='word_1_501' title='bbox 2987 3317 3496 3387; x_wconf 80' lang='lat' dir='ltr'>perpetraverunt.</span> <span class='ocrx_word' id='word_1_502' title='bbox 3518 3311 3828 3370; x_wconf 85' lang='lat' dir='ltr'>Animadver-</span> 
     </span>
    </p>
   </div>
   <div class='ocr_carea' id='block_1_35' title="bbox 478 3393 3829 3477">
    <p class='ocr_par' dir='ltr' id='par_1_35' title="bbox 478 3393 3829 3477">
     <span class='ocr_line' id='line_1_35' title="bbox 478 3393 3829 3477; baseline -0.003 -18"><span class='ocrx_word' id='word_1_503' title='bbox 478 3401 705 3475; x_wconf 81' lang='lat' dir='ltr'>Repleti</span> <span class='ocrx_word' id='word_1_504' title='bbox 756 3404 896 3456; x_wconf 90' lang='lat' dir='ltr'>sunt</span> <span class='ocrx_word' id='word_1_505' title='bbox 925 3399 1162 3471; x_wconf 89' lang='lat' dir='ltr'>(inquit)</span> <span class='ocrx_word' id='word_1_506' title='bbox 1201 3399 1374 3455; x_wconf 90' lang='lat' dir='ltr'>idolis</span> <span class='ocrx_word' id='word_1_507' title='bbox 1423 3399 1761 3455; x_wconf 82' lang='lat' dir='ltr'>inﬁdelitate</span> <span class='ocrx_word' id='word_1_508' title='bbox 1811 3405 1868 3455; x_wconf 91' lang='lat' dir='ltr'>ct</span> <span class='ocrx_word' id='word_1_509' title='bbox 1912 3401 2131 3459; x_wconf 86' lang='lat' dir='ltr'>scelere</span> <span class='ocrx_word' id='word_1_510' title='bbox 2231 3407 2473 3461; x_wconf 89' lang='lat' dir='ltr'>tendum</span> <span class='ocrx_word' id='word_1_511' title='bbox 2501 3409 2591 3461; x_wconf 90' lang='lat' dir='ltr'>est</span> <span class='ocrx_word' id='word_1_512' title='bbox 2619 3407 2817 3460; x_wconf 89' lang='lat' dir='ltr'>autem</span> <span class='ocrx_word' id='word_1_513' title='bbox 2861 3403 3206 3476; x_wconf 89' lang='lat' dir='ltr'>prophetam</span> <span class='ocrx_word' id='word_1_514' title='bbox 3239 3421 3366 3460; x_wconf 85' lang='lat' dir='ltr'>non</span> <span class='ocrx_word' id='word_1_515' title='bbox 3399 3399 3684 3477; x_wconf 86' lang='lat' dir='ltr'>imprecari</span> <span class='ocrx_word' id='word_1_516' title='bbox 3708 3393 3829 3454; x_wconf 79' lang='lat' dir='ltr'>mala</span> 
     </span>
    </p>
   </div>
   <div class='ocr_carea' id='block_1_36' title="bbox 475 3484 3829 3566">
    <p class='ocr_par' dir='ltr' id='par_1_36' title="bbox 475 3484 3829 3566">
     <span class='ocr_line' id='line_1_36' title="bbox 475 3484 3829 3566; baseline -0.003 -18"><span class='ocrx_word' id='word_1_517' title='bbox 475 3494 852 3566; x_wconf 90' lang='lat' dir='ltr'>peccatorum</span> <span class='ocrx_word' id='word_1_518' title='bbox 879 3493 941 3545; x_wconf 89' lang='lat' dir='ltr'>ut</span> <span class='ocrx_word' id='word_1_519' title='bbox 961 3487 1101 3544; x_wconf 92' lang='lat' dir='ltr'>olim</span> <span class='ocrx_word' id='word_1_520' title='bbox 1125 3505 1139 3544; x_wconf 88' lang='lat'><strong>:</strong></span> <span class='ocrx_word' id='word_1_521' title='bbox 1167 3489 1223 3544; x_wconf 89' lang='lat' dir='ltr'>id</span> <span class='ocrx_word' id='word_1_522' title='bbox 1246 3493 1356 3557; x_wconf 88' lang='lat' dir='ltr'>est,</span> <span class='ocrx_word' id='word_1_523' title='bbox 1378 3489 1530 3545; x_wconf 89' lang='lat' dir='ltr'>sicut</span> <span class='ocrx_word' id='word_1_524' title='bbox 1549 3491 1844 3561; x_wconf 91' lang='lat' dir='ltr'>quondam</span> <span class='ocrx_word' id='word_1_525' title='bbox 1874 3491 1931 3544; x_wconf 91' lang='lat' dir='ltr'>in</span> <span class='ocrx_word' id='word_1_526' title='bbox 1964 3491 2129 3564; x_wconf 62' lang='lat' dir='ltr'>[Egy-</span> <span class='ocrx_word' id='word_1_527' title='bbox 2231 3496 2432 3550; x_wconf 86' lang='lat' dir='ltr'>contra</span> <span class='ocrx_word' id='word_1_528' title='bbox 2453 3491 2736 3565; x_wconf 89' lang='lat' dir='ltr'>populum</span> <span class='ocrx_word' id='word_1_529' title='bbox 2761 3508 2936 3547; x_wconf 90' lang='lat' dir='ltr'>suum</span> <span class='ocrx_word' id='word_1_530' title='bbox 2962 3508 2976 3546; x_wconf 89' lang='lat'><strong>:</strong></span> <span class='ocrx_word' id='word_1_531' title='bbox 3002 3492 3102 3547; x_wconf 88' lang='lat' dir='ltr'>sed</span> <span class='ocrx_word' id='word_1_532' title='bbox 3124 3491 3568 3548; x_wconf 85' lang='lat' dir='ltr'>subaudiuntur</span> <span class='ocrx_word' id='word_1_533' title='bbox 3583 3507 3646 3546; x_wconf 86' lang='lat' dir='ltr'>ea</span> <span class='ocrx_word' id='word_1_534' title='bbox 3664 3503 3769 3560; x_wconf 65' lang='lat' dir='ltr'>qua</span> <span class='ocrx_word' id='word_1_535' title='bbox 3785 3484 3829 3538; x_wconf 92' lang='lat' dir='ltr'>in</span> 
     </span>
    </p>
   </div>
   <div class='ocr_carea' id='block_1_37' title="bbox 475 3577 3830 3656">
    <p class='ocr_par' dir='ltr' id='par_1_37' title="bbox 475 3577 3830 3656">
     <span class='ocr_line' id='line_1_37' title="bbox 475 3577 3830 3656; baseline -0.003 -20"><span class='ocrx_word' id='word_1_536' title='bbox 475 3585 594 3656; x_wconf 92' lang='lat' dir='ltr'>pto,</span> <span class='ocrx_word' id='word_1_537' title='bbox 618 3597 684 3637; x_wconf 91' lang='lat' dir='ltr'>ac</span> <span class='ocrx_word' id='word_1_538' title='bbox 708 3579 1086 3654; x_wconf 88' lang='lat' dir='ltr'>postmodum</span> <span class='ocrx_word' id='word_1_539' title='bbox 1108 3577 1165 3633; x_wconf 94' lang='lat' dir='ltr'>in</span> <span class='ocrx_word' id='word_1_540' title='bbox 1188 3582 1344 3635; x_wconf 89' lang='lat' dir='ltr'>terra</span> <span class='ocrx_word' id='word_1_541' title='bbox 1364 3577 1835 3650; x_wconf 90' lang='lat' dir='ltr'>repromissionis</span> <span class='ocrx_word' id='word_1_542' title='bbox 1857 3579 2129 3652; x_wconf 90' lang='lat' dir='ltr'>tempori-</span> <span class='ocrx_word' id='word_1_543' title='bbox 2229 3581 2471 3638; x_wconf 89' lang='lat' dir='ltr'>veritate</span> <span class='ocrx_word' id='word_1_544' title='bbox 2490 3585 2630 3637; x_wconf 90' lang='lat' dir='ltr'>sunt</span> <span class='ocrx_word' id='word_1_545' title='bbox 2652 3583 3001 3654; x_wconf 69' lang='lat' dir='ltr'>t&#39;utura,quae</span> <span class='ocrx_word' id='word_1_546' title='bbox 3021 3583 3187 3636; x_wconf 90' lang='lat' dir='ltr'>erant</span> <span class='ocrx_word' id='word_1_547' title='bbox 3207 3579 3336 3638; x_wconf 85' lang='lat' dir='ltr'>illis</span> <span class='ocrx_word' id='word_1_548' title='bbox 3365 3597 3521 3638; x_wconf 88' lang='lat' dir='ltr'>more</span> <span class='ocrx_word' id='word_1_549' title='bbox 3541 3577 3830 3653; x_wconf 79' lang='lat' dir='ltr'>prephetan-</span> 
     </span>
    </p>
   </div>
   <div class='ocr_carea' id='block_1_38' title="bbox 475 3664 3831 3744">
    <p class='ocr_par' dir='ltr' id='par_1_38' title="bbox 475 3664 3831 3744">
     <span class='ocr_line' id='line_1_38' title="bbox 475 3664 3831 3744; baseline -0.003 -17"><span class='ocrx_word' id='word_1_550' title='bbox 475 3671 589 3727; x_wconf 92' lang='lat' dir='ltr'>bus</span> <span class='ocrx_word' id='word_1_551' title='bbox 601 3670 896 3742; x_wconf 91' lang='lat' dir='ltr'>judicum,</span> <span class='ocrx_word' id='word_1_552' title='bbox 921 3671 979 3724; x_wconf 92' lang='lat' dir='ltr'>et</span> <span class='ocrx_word' id='word_1_553' title='bbox 997 3667 1361 3740; x_wconf 90' lang='lat' dir='ltr'>temporibus</span> <span class='ocrx_word' id='word_1_554' title='bbox 1380 3667 1690 3723; x_wconf 87' lang='lat' dir='ltr'>Jeroboam</span> <span class='ocrx_word' id='word_1_555' title='bbox 1713 3671 1885 3740; x_wconf 88' lang='lat' dir='ltr'>atque</span> <span class='ocrx_word' id='word_1_556' title='bbox 1905 3669 2127 3740; x_wconf 85' lang='lat' dir='ltr'>Achab,</span> <span class='ocrx_word' id='word_1_557' title='bbox 2229 3670 2306 3728; x_wconf 90' lang='lat' dir='ltr'>tis</span> <span class='ocrx_word' id='word_1_558' title='bbox 2327 3669 2712 3744; x_wconf 68' lang='lat' dir='ltr'>praedicenda,</span> <span class='ocrx_word' id='word_1_559' title='bbox 2733 3687 2767 3725; x_wconf 92' lang='lat' dir='ltr'>a</span> <span class='ocrx_word' id='word_1_560' title='bbox 2788 3667 3068 3742; x_wconf 90' lang='lat' dir='ltr'>saperiori</span> <span class='ocrx_word' id='word_1_561' title='bbox 3099 3668 3226 3724; x_wconf 92' lang='lat' dir='ltr'>loco</span> <span class='ocrx_word' id='word_1_562' title='bbox 3249 3687 3282 3724; x_wconf 93' lang='lat' dir='ltr'>u</span> <span class='ocrx_word' id='word_1_563' title='bbox 3299 3669 3359 3726; x_wconf 88' lang='lat' dir='ltr'>bi</span> <span class='ocrx_word' id='word_1_564' title='bbox 3392 3664 3748 3744; x_wconf 88' lang='lat' dir='ltr'>legitur,quia</span> <span class='ocrx_word' id='word_1_565' title='bbox 3763 3677 3831 3716; x_wconf 84' lang='lat' dir='ltr'>re-</span> 
     </span>
    </p>
   </div>
   <div class='ocr_carea' id='block_1_39' title="bbox 473 3749 3829 3833">
    <p class='ocr_par' dir='ltr' id='par_1_39' title="bbox 473 3749 3829 3833">
     <span class='ocr_line' id='line_1_39' title="bbox 473 3749 3829 3833; baseline -0.004 -17"><span class='ocrx_word' id='word_1_566' title='bbox 473 3763 531 3816; x_wconf 92' lang='lat' dir='ltr'>et</span> <span class='ocrx_word' id='word_1_567' title='bbox 561 3776 814 3833; x_wconf 88' lang='lat' dir='ltr'>augures</span> <span class='ocrx_word' id='word_1_568' title='bbox 846 3775 986 3814; x_wconf 88' lang='lat' dir='ltr'>suos</span> <span class='ocrx_word' id='word_1_569' title='bbox 1011 3760 1068 3814; x_wconf 91' lang='lat' dir='ltr'>et</span> <span class='ocrx_word' id='word_1_570' title='bbox 1087 3757 1319 3813; x_wconf 92' lang='lat' dir='ltr'>divinos</span> <span class='ocrx_word' id='word_1_571' title='bbox 1346 3755 1681 3812; x_wconf 88' lang='lat' dir='ltr'>habuerunt</span> <span class='ocrx_word' id='word_1_572' title='bbox 1702 3761 1766 3812; x_wconf 87' lang='lat' dir='ltr'>ut</span> <span class='ocrx_word' id='word_1_573' title='bbox 1786 3757 2122 3827; x_wconf 87' lang='lat' dir='ltr'>Philistiim,</span> <span class='ocrx_word' id='word_1_574' title='bbox 2231 3759 2371 3832; x_wconf 92' lang='lat' dir='ltr'>pleti</span> <span class='ocrx_word' id='word_1_575' title='bbox 2402 3761 2542 3815; x_wconf 89' lang='lat' dir='ltr'>sunt</span> <span class='ocrx_word' id='word_1_576' title='bbox 2570 3761 2634 3814; x_wconf 91' lang='lat' dir='ltr'>ut</span> <span class='ocrx_word' id='word_1_577' title='bbox 2661 3757 2820 3826; x_wconf 90' lang='lat' dir='ltr'>olim,</span> <span class='ocrx_word' id='word_1_578' title='bbox 2839 3761 2897 3814; x_wconf 92' lang='lat' dir='ltr'>et</span> <span class='ocrx_word' id='word_1_579' title='bbox 2923 3772 3178 3830; x_wconf 87' lang='lat' dir='ltr'>augures</span> <span class='ocrx_word' id='word_1_580' title='bbox 3208 3756 3551 3814; x_wconf 85' lang='lat' dir='ltr'>habuerunt</span> <span class='ocrx_word' id='word_1_581' title='bbox 3581 3759 3639 3812; x_wconf 89' lang='lat' dir='ltr'>ut</span> <span class='ocrx_word' id='word_1_582' title='bbox 3664 3749 3829 3809; x_wconf 60' lang='lat' dir='ltr'>Philiso</span> 
     </span>
    </p>
   </div>
   <div class='ocr_carea' id='block_1_40' title="bbox 469 3844 3831 3920">
    <p class='ocr_par' dir='ltr' id='par_1_40' title="bbox 469 3844 3831 3920">
     <span class='ocr_line' id='line_1_40' title="bbox 469 3844 3831 3920; baseline -0.003 -16"><span class='ocrx_word' id='word_1_583' title='bbox 469 3847 556 3904; x_wconf 91' lang='lat' dir='ltr'>vel</span> <span class='ocrx_word' id='word_1_584' title='bbox 593 3846 888 3904; x_wconf 72' lang='lat' dir='ltr'>Palaestini</span> <span class='ocrx_word' id='word_1_585' title='bbox 912 3845 1087 3903; x_wconf 90' lang='lat' dir='ltr'>vicini</span> <span class='ocrx_word' id='word_1_586' title='bbox 1119 3864 1343 3914; x_wconf 90' lang='lat' dir='ltr'>eorum,</span> <span class='ocrx_word' id='word_1_587' title='bbox 1372 3863 1405 3901; x_wconf 90' lang='lat' dir='ltr'>a</span> <span class='ocrx_word' id='word_1_588' title='bbox 1435 3844 1652 3918; x_wconf 90' lang='lat' dir='ltr'>quibus</span> <span class='ocrx_word' id='word_1_589' title='bbox 1681 3864 1780 3902; x_wconf 91' lang='lat' dir='ltr'>eos</span> <span class='ocrx_word' id='word_1_590' title='bbox 1809 3845 1900 3902; x_wconf 85' lang='lat' dir='ltr'>lex</span> <span class='ocrx_word' id='word_1_591' title='bbox 1927 3845 2124 3918; x_wconf 88' lang='lat' dir='ltr'>prohi-</span> <span class='ocrx_word' id='word_1_592' title='bbox 2231 3847 2584 3920; x_wconf 89' lang='lat' dir='ltr'>tiim,usque</span> <span class='ocrx_word' id='word_1_593' title='bbox 2605 3847 2684 3920; x_wconf 74' lang='lat' dir='ltr'>ad</span> <span class='ocrx_word' id='word_1_594' title='bbox 2701 3847 2879 3903; x_wconf 90' lang='lat' dir='ltr'>istum</span> <span class='ocrx_word' id='word_1_595' title='bbox 2900 3863 2912 3902; x_wconf 92' lang='lat'>:</span> <span class='ocrx_word' id='word_1_596' title='bbox 2935 3845 3036 3919; x_wconf 91' lang='lat' dir='ltr'>qui</span> <span class='ocrx_word' id='word_1_597' title='bbox 3057 3850 3178 3900; x_wconf 90' lang='lat' dir='ltr'>tam</span> <span class='ocrx_word' id='word_1_598' title='bbox 3200 3847 3274 3902; x_wconf 89' lang='lat' dir='ltr'>ad</span> <span class='ocrx_word' id='word_1_599' title='bbox 3301 3848 3538 3904; x_wconf 71' lang='lat' dir='ltr'>Judaaos</span> <span class='ocrx_word' id='word_1_600' title='bbox 3557 3845 3831 3902; x_wconf 73' lang='lat' dir='ltr'>refer-turea</span> 
     </span>
    </p>
   </div>
   <div class='ocr_carea' id='block_1_41' title="bbox 473 3933 3830 4010">
    <p class='ocr_par' dir='ltr' id='par_1_41' title="bbox 473 3933 3830 4010">
     <span class='ocr_line' id='line_1_41' title="bbox 473 3933 3830 4010; baseline -0.002 -16"><span class='ocrx_word' id='word_1_601' title='bbox 473 3937 920 4010; x_wconf 89' lang='lat' dir='ltr'>bet.Augurium</span> <span class='ocrx_word' id='word_1_602' title='bbox 942 3934 1342 4003; x_wconf 89' lang='lat' dir='ltr'>estdivinatio,</span> <span class='ocrx_word' id='word_1_603' title='bbox 1359 3938 1599 4006; x_wconf 88' lang='lat' dir='ltr'>sumpta</span> <span class='ocrx_word' id='word_1_604' title='bbox 1612 3935 1837 3991; x_wconf 89' lang='lat' dir='ltr'>etdicta</span> <span class='ocrx_word' id='word_1_605' title='bbox 1853 3953 1884 3991; x_wconf 89' lang='lat' dir='ltr'>a</span> <span class='ocrx_word' id='word_1_606' title='bbox 1902 3937 2124 4010; x_wconf 88' lang='lat' dir='ltr'>garritu</span> <span class='ocrx_word' id='word_1_607' title='bbox 2233 3937 2406 3994; x_wconf 89' lang='lat' dir='ltr'>modo</span> <span class='ocrx_word' id='word_1_608' title='bbox 2427 3953 2542 4009; x_wconf 87' lang='lat' dir='ltr'>quo</span> <span class='ocrx_word' id='word_1_609' title='bbox 2564 3935 2840 4003; x_wconf 85' lang='lat' dir='ltr'>diximus,</span> <span class='ocrx_word' id='word_1_610' title='bbox 2857 3951 3035 4008; x_wconf 90' lang='lat' dir='ltr'>quam</span> <span class='ocrx_word' id='word_1_611' title='bbox 3067 3935 3141 3990; x_wconf 91' lang='lat' dir='ltr'>ad</span> <span class='ocrx_word' id='word_1_612' title='bbox 3163 3933 3458 3992; x_wconf 88' lang='lat' dir='ltr'>Chaldeos</span> <span class='ocrx_word' id='word_1_613' title='bbox 3480 3936 3830 4000; x_wconf 77' lang='lat' dir='ltr'>Romanosque</span> 
     </span>
    </p>
   </div>
   <div class='ocr_carea' id='block_1_42' title="bbox 469 4023 3833 4098">
    <p class='ocr_par' dir='ltr' id='par_1_42' title="bbox 469 4023 3833 4098">
     <span class='ocr_line' id='line_1_42' title="bbox 469 4023 3833 4098; baseline -0.003 -17"><span class='ocrx_word' id='word_1_614' title='bbox 469 4025 688 4082; x_wconf 90' lang='lat' dir='ltr'>avium.</span> <span class='ocrx_word' id='word_1_615' title='bbox 713 4025 853 4080; x_wconf 88' lang='lat' dir='ltr'>Inde</span> <span class='ocrx_word' id='word_1_616' title='bbox 874 4024 1153 4079; x_wconf 91' lang='lat' dir='ltr'>dicuntur</span> <span class='ocrx_word' id='word_1_617' title='bbox 1173 4041 1447 4096; x_wconf 89' lang='lat' dir='ltr'>augures,</span> <span class='ocrx_word' id='word_1_618' title='bbox 1463 4041 1495 4077; x_wconf 11' lang='lat' dir='ltr'>at</span> <span class='ocrx_word' id='word_1_619' title='bbox 1518 4023 1740 4097; x_wconf 87' lang='lat' dir='ltr'>garritu</span> <span class='ocrx_word' id='word_1_620' title='bbox 1764 4023 1955 4080; x_wconf 91' lang='lat' dir='ltr'>avium</span> <span class='ocrx_word' id='word_1_621' title='bbox 1979 4025 2124 4080; x_wconf 87' lang='lat' dir='ltr'>divi-</span> <span class='ocrx_word' id='word_1_622' title='bbox 2233 4026 2332 4098; x_wconf 91' lang='lat' dir='ltr'>qui</span> <span class='ocrx_word' id='word_1_623' title='bbox 2363 4025 2521 4081; x_wconf 86' lang='lat' dir='ltr'>illius</span> <span class='ocrx_word' id='word_1_624' title='bbox 2552 4025 2751 4098; x_wconf 90' lang='lat' dir='ltr'>populi</span> <span class='ocrx_word' id='word_1_625' title='bbox 2802 4024 3228 4096; x_wconf 64' lang='lat' dir='ltr'>depraedatores</span> <span class='ocrx_word' id='word_1_626' title='bbox 3277 4024 3538 4094; x_wconf 79' lang='lat' dir='ltr'>fuerunt,</span> <span class='ocrx_word' id='word_1_627' title='bbox 3568 4030 3833 4090; x_wconf 83' lang='lat' dir='ltr'>eorumque</span> 
     </span>
    </p>
   </div>
   <div class='ocr_carea' id='block_1_43' title="bbox 470 4107 3814 4187">
    <p class='ocr_par' dir='ltr' id='par_1_43' title="bbox 470 4107 3814 4187">
     <span class='ocr_line' id='line_1_43' title="bbox 470 4107 3814 4187; baseline -0.003 -18"><span class='ocrx_word' id='word_1_628' title='bbox 470 4111 768 4169; x_wconf 89' lang='lat' dir='ltr'>nationem</span> <span class='ocrx_word' id='word_1_629' title='bbox 791 4110 1232 4167; x_wconf 89' lang='lat' dir='ltr'>sumentes.Cui</span> <span class='ocrx_word' id='word_1_630' title='bbox 1253 4111 1656 4184; x_wconf 86' lang='lat' dir='ltr'>superstitioni</span> <span class='ocrx_word' id='word_1_631' title='bbox 1683 4113 1934 4169; x_wconf 80' lang='lat' dir='ltr'>maxime</span> <span class='ocrx_word' id='word_1_632' title='bbox 1957 4113 2127 4169; x_wconf 75' lang='lat' dir='ltr'>Palze-</span> <span class='ocrx_word' id='word_1_633' title='bbox 2231 4120 2443 4172; x_wconf 72' lang='lat' dir='ltr'>terram</span> <span class='ocrx_word' id='word_1_634' title='bbox 2475 4113 2841 4170; x_wconf 90' lang='lat' dir='ltr'>incoluerunt</span> <span class='ocrx_word' id='word_1_635' title='bbox 2872 4111 3155 4180; x_wconf 90' lang='lat' dir='ltr'>dicentes,</span> <span class='ocrx_word' id='word_1_636' title='bbox 3181 4113 3346 4186; x_wconf 90' lang='lat' dir='ltr'>quod</span> <span class='ocrx_word' id='word_1_637' title='bbox 3377 4117 3626 4187; x_wconf 85' lang='lat' dir='ltr'>protecta</span> <span class='ocrx_word' id='word_1_638' title='bbox 3650 4107 3814 4166; x_wconf 73' lang='lat' dir='ltr'>Judeo</span> 
     </span>
    </p>
   </div>
   <div class='ocr_carea' id='block_1_44' title="bbox 469 4189 3831 4276">
    <p class='ocr_par' dir='ltr' id='par_1_44' title="bbox 469 4189 3831 4276">
     <span class='ocr_line' id='line_1_44' title="bbox 469 4189 3831 4276; baseline -0.001 -21"><span class='ocrx_word' id='word_1_639' title='bbox 469 4200 610 4256; x_wconf 86' lang='lat' dir='ltr'>stini</span> <span class='ocrx_word' id='word_1_640' title='bbox 642 4199 794 4254; x_wconf 91' lang='lat' dir='ltr'>inter</span> <span class='ocrx_word' id='word_1_641' title='bbox 823 4203 1064 4254; x_wconf 82' lang='lat' dir='ltr'>caeteras</span> <span class='ocrx_word' id='word_1_642' title='bbox 1104 4203 1309 4270; x_wconf 90' lang='lat' dir='ltr'>gentes</span> <span class='ocrx_word' id='word_1_643' title='bbox 1353 4199 1534 4254; x_wconf 90' lang='lat' dir='ltr'>dediti</span> <span class='ocrx_word' id='word_1_644' title='bbox 1581 4205 1765 4256; x_wconf 85' lang='lat' dir='ltr'>erant.</span> <span class='ocrx_word' id='word_1_645' title='bbox 1790 4202 2121 4258; x_wconf 88' lang='lat' dir='ltr'>Notandum</span> <span class='ocrx_word' id='word_1_646' title='bbox 2234 4221 2363 4260; x_wconf 91' lang='lat' dir='ltr'>rum</span> <span class='ocrx_word' id='word_1_647' title='bbox 2394 4202 2629 4276; x_wconf 91' lang='lat' dir='ltr'>populo,</span> <span class='ocrx_word' id='word_1_648' title='bbox 2655 4201 3066 4258; x_wconf 86' lang='lat' dir='ltr'>habitaverunt</span> <span class='ocrx_word' id='word_1_649' title='bbox 3094 4200 3156 4257; x_wconf 92' lang='lat' dir='ltr'>in</span> <span class='ocrx_word' id='word_1_650' title='bbox 3185 4201 3398 4260; x_wconf 75' lang='lat' dir='ltr'>Judzea</span> <span class='ocrx_word' id='word_1_651' title='bbox 3424 4189 3831 4273; x_wconf 69' lang='lat' dir='ltr'>alienigeneqni</span> 
     </span>
    </p>
   </div>
   <div class='ocr_carea' id='block_1_45' title="bbox 469 4279 3830 4365">
    <p class='ocr_par' dir='ltr' id='par_1_45' title="bbox 469 4279 3830 4365">
     <span class='ocr_line' id='line_1_45' title="bbox 469 4279 3830 4365; baseline -0.001 -22"><span class='ocrx_word' id='word_1_652' title='bbox 469 4289 669 4343; x_wconf 90' lang='lat' dir='ltr'>autem</span> <span class='ocrx_word' id='word_1_653' title='bbox 719 4284 1088 4358; x_wconf 89' lang='lat' dir='ltr'>temporibus</span> <span class='ocrx_word' id='word_1_654' title='bbox 1119 4284 1289 4354; x_wconf 77' lang='lat' dir='ltr'>Osiae,</span> <span class='ocrx_word' id='word_1_655' title='bbox 1330 4286 1626 4358; x_wconf 87' lang='lat' dir='ltr'>Joatbam,</span> <span class='ocrx_word' id='word_1_656' title='bbox 1667 4293 1726 4342; x_wconf 87' lang='lat' dir='ltr'>et</span> <span class='ocrx_word' id='word_1_657' title='bbox 1770 4289 1980 4358; x_wconf 87' lang='lat' dir='ltr'>Achaz,</span> <span class='ocrx_word' id='word_1_658' title='bbox 2014 4291 2123 4346; x_wconf 91' lang='lat' dir='ltr'>sub</span> <span class='ocrx_word' id='word_1_659' title='bbox 2233 4292 2436 4365; x_wconf 88' lang='lat' dir='ltr'>repleti</span> <span class='ocrx_word' id='word_1_660' title='bbox 2461 4295 2601 4347; x_wconf 89' lang='lat' dir='ltr'>sunt</span> <span class='ocrx_word' id='word_1_661' title='bbox 2627 4289 2818 4358; x_wconf 91' lang='lat' dir='ltr'>idolis,</span> <span class='ocrx_word' id='word_1_662' title='bbox 2842 4289 3294 4364; x_wconf 88' lang='lat' dir='ltr'>habueruntque</span> <span class='ocrx_word' id='word_1_663' title='bbox 3313 4307 3586 4365; x_wconf 86' lang='lat' dir='ltr'>augures,</span> <span class='ocrx_word' id='word_1_664' title='bbox 3607 4291 3659 4344; x_wconf 90' lang='lat' dir='ltr'>et</span> <span class='ocrx_word' id='word_1_665' title='bbox 3674 4279 3830 4358; x_wconf 76' lang='lat' dir='ltr'>pueris</span> 
     </span>
    </p>
   </div>
   <div class='ocr_carea' id='block_1_46' title="bbox 467 4367 3831 4454">
    <p class='ocr_par' dir='ltr' id='par_1_46' title="bbox 467 4367 3831 4454">
     <span class='ocr_line' id='line_1_46' title="bbox 467 4367 3831 4454; baseline 0.001 -26"><span class='ocrx_word' id='word_1_666' title='bbox 467 4371 687 4446; x_wconf 90' lang='lat' dir='ltr'>quibus</span> <span class='ocrx_word' id='word_1_667' title='bbox 734 4371 918 4428; x_wconf 87' lang='lat' dir='ltr'>Isaias</span> <span class='ocrx_word' id='word_1_668' title='bbox 965 4371 1350 4445; x_wconf 89' lang='lat' dir='ltr'>prophetavit,</span> <span class='ocrx_word' id='word_1_669' title='bbox 1382 4373 1617 4430; x_wconf 72' lang='lat' dir='ltr'>Judmos</span> <span class='ocrx_word' id='word_1_670' title='bbox 1645 4374 1924 4433; x_wconf 87' lang='lat' dir='ltr'>habuisse</span> <span class='ocrx_word' id='word_1_671' title='bbox 1969 4377 2127 4434; x_wconf 89' lang='lat' dir='ltr'>idola</span> <span class='ocrx_word' id='word_1_672' title='bbox 2233 4380 2442 4438; x_wconf 89' lang='lat' dir='ltr'>alienis</span> <span class='ocrx_word' id='word_1_673' title='bbox 2472 4379 2865 4436; x_wconf 66' lang='lat' dir='ltr'>adhaeserunt.</span> <span class='ocrx_word' id='word_1_674' title='bbox 2889 4381 2960 4436; x_wconf 87' lang='lat' dir='ltr'>Et</span> <span class='ocrx_word' id='word_1_675' title='bbox 2988 4377 3209 4454; x_wconf 89' lang='lat' dir='ltr'>repleta</span> <span class='ocrx_word' id='word_1_676' title='bbox 3238 4385 3331 4438; x_wconf 88' lang='lat' dir='ltr'>est</span> <span class='ocrx_word' id='word_1_677' title='bbox 3358 4384 3514 4438; x_wconf 88' lang='lat' dir='ltr'>terra</span> <span class='ocrx_word' id='word_1_678' title='bbox 3537 4377 3658 4451; x_wconf 87' lang='lat' dir='ltr'>ejus</span> <span class='ocrx_word' id='word_1_679' title='bbox 3681 4367 3831 4445; x_wconf 63' lang='lat' dir='ltr'>equis.</span> 
     </span>
    </p>
   </div>
   <div class='ocr_carea' id='block_1_47' title="bbox 465 4457 3833 4543">
    <p class='ocr_par' dir='ltr' id='par_1_47' title="bbox 465 4457 3833 4543">
     <span class='ocr_line' id='line_1_47' title="bbox 465 4457 3833 4543; baseline -0.001 -26"><span class='ocrx_word' id='word_1_680' title='bbox 465 4460 622 4517; x_wconf 91' lang='lat' dir='ltr'>sicut</span> <span class='ocrx_word' id='word_1_681' title='bbox 640 4461 938 4534; x_wconf 90' lang='lat' dir='ltr'>quondam</span> <span class='ocrx_word' id='word_1_682' title='bbox 959 4459 1606 4533; x_wconf 88' lang='lat' dir='ltr'>habuerunt.Sequitur</span> <span class='ocrx_word' id='word_1_683' title='bbox 1624 4479 1675 4518; x_wconf 83' lang='grc'>;‹‹</span> <span class='ocrx_word' id='word_1_684' title='bbox 1693 4465 1761 4518; x_wconf 89' lang='lat' dir='ltr'>Et</span> <span class='ocrx_word' id='word_1_685' title='bbox 1777 4464 1974 4536; x_wconf 88' lang='lat' dir='ltr'>pueris</span> <span class='ocrx_word' id='word_1_686' title='bbox 1991 4465 2102 4520; x_wconf 89' lang='lat' dir='ltr'>alie</span> <span class='ocrx_word' id='word_1_687' title='bbox 2230 4475 2290 4526; x_wconf 92' lang='lat' dir='ltr'>et</span> <span class='ocrx_word' id='word_1_688' title='bbox 2320 4457 2778 4526; x_wconf 89' lang='lat' dir='ltr'>innumerabiles</span> <span class='ocrx_word' id='word_1_689' title='bbox 2797 4467 3094 4543; x_wconf 78' lang='lat' dir='ltr'>quadriga:</span> <span class='ocrx_word' id='word_1_690' title='bbox 3128 4469 3278 4540; x_wconf 91' lang='lat' dir='ltr'>ejus.</span> <span class='ocrx_word' id='word_1_691' title='bbox 3301 4469 3410 4525; x_wconf 91' lang='lat' dir='ltr'>Per</span> <span class='ocrx_word' id='word_1_692' title='bbox 3432 4467 3585 4542; x_wconf 92' lang='lat' dir='ltr'>quod</span> <span class='ocrx_word' id='word_1_693' title='bbox 3605 4462 3833 4534; x_wconf 79' lang='lat' dir='ltr'>designa-</span> 
     </span>
    </p>
   </div>
   <div class='ocr_carea' id='block_1_48' title="bbox 466 4544 3832 4636">
    <p class='ocr_par' dir='ltr' id='par_1_48' title="bbox 466 4544 3832 4636">
     <span class='ocr_line' id='line_1_48' title="bbox 466 4544 3832 4636; baseline -0.001 -30"><span class='ocrx_word' id='word_1_694' title='bbox 466 4551 560 4608; x_wconf 92' lang='lat' dir='ltr'>nis</span> <span class='ocrx_word' id='word_1_695' title='bbox 607 4551 1000 4618; x_wconf 68' lang='lat' dir='ltr'>adhaeserunt,</span> <span class='ocrx_word' id='word_1_696' title='bbox 1028 4569 1056 4601; x_wconf 72' lang='grc' dir='ltr'><strong><em>υ</em></strong></span> <span class='ocrx_word' id='word_1_697' title='bbox 1077 4548 1135 4604; x_wconf 90' lang='lat' dir='ltr'>id</span> <span class='ocrx_word' id='word_1_698' title='bbox 1165 4554 1257 4606; x_wconf 89' lang='lat' dir='ltr'>est</span> <span class='ocrx_word' id='word_1_699' title='bbox 1287 4567 1422 4606; x_wconf 90' lang='lat' dir='ltr'>cum</span> <span class='ocrx_word' id='word_1_700' title='bbox 1454 4551 1656 4623; x_wconf 90' lang='lat' dir='ltr'>pueris</span> <span class='ocrx_word' id='word_1_701' title='bbox 1687 4569 1720 4607; x_wconf 91' lang='lat' dir='ltr'>a</span> <span class='ocrx_word' id='word_1_702' title='bbox 1749 4552 1865 4608; x_wconf 92' lang='lat' dir='ltr'>Deo</span> <span class='ocrx_word' id='word_1_703' title='bbox 1915 4553 2124 4613; x_wconf 90' lang='lat' dir='ltr'>alienis</span> <span class='ocrx_word' id='word_1_704' title='bbox 2151 4569 2200 4636; x_wconf 76' lang='grc' dir='ltr'>ι)</span> <span class='ocrx_word' id='word_1_705' title='bbox 2229 4565 2327 4616; x_wconf 90' lang='lat' dir='ltr'>tur</span> <span class='ocrx_word' id='word_1_706' title='bbox 2345 4559 2375 4615; x_wconf 87' lang='lat' dir='ltr'><strong>J</strong></span> <span class='ocrx_word' id='word_1_707' title='bbox 2385 4559 2683 4615; x_wconf 67' lang='lat' dir='ltr'>udzeorum</span> <span class='ocrx_word' id='word_1_708' title='bbox 2717 4558 3233 4630; x_wconf 84' lang='lat' dir='ltr'>Romanorumque</span> <span class='ocrx_word' id='word_1_709' title='bbox 3265 4557 3532 4626; x_wconf 85' lang='lat' dir='ltr'>avaritia,</span> <span class='ocrx_word' id='word_1_710' title='bbox 3553 4553 3746 4628; x_wconf 87' lang='lat' dir='ltr'>quibus</span> <span class='ocrx_word' id='word_1_711' title='bbox 3763 4544 3832 4602; x_wconf 85' lang='lat' dir='ltr'>ni-</span> 
     </span>
    </p>
   </div>
   <div class='ocr_carea' id='block_1_49' title="bbox 465 4636 3833 4721">
    <p class='ocr_par' dir='ltr' id='par_1_49' title="bbox 465 4636 3833 4721">
     <span class='ocr_line' id='line_1_49' title="bbox 465 4636 3833 4721; baseline -0.001 -26"><span class='ocrx_word' id='word_1_712' title='bbox 465 4639 735 4696; x_wconf 85' lang='lat' dir='ltr'>fornicati</span> <span class='ocrx_word' id='word_1_713' title='bbox 760 4641 921 4694; x_wconf 89' lang='lat' dir='ltr'>sunt.</span> <span class='ocrx_word' id='word_1_714' title='bbox 946 4638 1143 4694; x_wconf 90' lang='lat' dir='ltr'>Potest</span> <span class='ocrx_word' id='word_1_715' title='bbox 1165 4643 1360 4694; x_wconf 90' lang='lat' dir='ltr'>autem</span> <span class='ocrx_word' id='word_1_716' title='bbox 1385 4639 1617 4695; x_wconf 90' lang='lat' dir='ltr'>duobus</span> <span class='ocrx_word' id='word_1_717' title='bbox 1637 4640 1826 4697; x_wconf 84' lang='lat' dir='ltr'>modis</span> <span class='ocrx_word' id='word_1_718' title='bbox 1850 4641 2120 4718; x_wconf 87' lang='lat' dir='ltr'>intelligi,</span> <span class='ocrx_word' id='word_1_719' title='bbox 2231 4649 2312 4704; x_wconf 91' lang='lat' dir='ltr'>hil</span> <span class='ocrx_word' id='word_1_720' title='bbox 2345 4651 2434 4704; x_wconf 89' lang='lat' dir='ltr'>est</span> <span class='ocrx_word' id='word_1_721' title='bbox 2463 4647 2715 4718; x_wconf 89' lang='lat' dir='ltr'>avarius,</span> <span class='ocrx_word' id='word_1_722' title='bbox 2737 4649 2888 4702; x_wconf 90' lang='lat' dir='ltr'>teste</span> <span class='ocrx_word' id='word_1_723' title='bbox 2931 4646 3100 4702; x_wconf 89' lang='lat' dir='ltr'>beato</span> <span class='ocrx_word' id='word_1_724' title='bbox 3127 4645 3501 4721; x_wconf 76' lang='lat' dir='ltr'>Hieronymo.</span> <span class='ocrx_word' id='word_1_725' title='bbox 3525 4642 3742 4716; x_wconf 80' lang='lat' dir='ltr'>Repleta</span> <span class='ocrx_word' id='word_1_726' title='bbox 3765 4636 3833 4691; x_wconf 82' lang='lat' dir='ltr'>est</span> 
     </span>
    </p>
   </div>
   <div class='ocr_carea' id='block_1_50' title="bbox 463 4727 3833 4808">
    <p class='ocr_par' dir='ltr' id='par_1_50' title="bbox 463 4727 3833 4808">
     <span class='ocr_line' id='line_1_50' title="bbox 463 4727 3833 4808; baseline -0.001 -24"><span class='ocrx_word' id='word_1_727' title='bbox 463 4732 528 4784; x_wconf 89' lang='lat' dir='ltr'>ut</span> <span class='ocrx_word' id='word_1_728' title='bbox 547 4743 681 4782; x_wconf 91' lang='lat' dir='ltr'>cum</span> <span class='ocrx_word' id='word_1_729' title='bbox 705 4727 905 4798; x_wconf 86' lang='lat' dir='ltr'>pueris</span> <span class='ocrx_word' id='word_1_730' title='bbox 929 4744 1049 4782; x_wconf 78' lang='lat' dir='ltr'>suae</span> <span class='ocrx_word' id='word_1_731' title='bbox 1072 4727 1266 4801; x_wconf 91' lang='lat' dir='ltr'>gentis</span> <span class='ocrx_word' id='word_1_732' title='bbox 1289 4728 1594 4784; x_wconf 89' lang='lat' dir='ltr'>libidinem</span> <span class='ocrx_word' id='word_1_733' title='bbox 1613 4747 1779 4786; x_wconf 87' lang='lat' dir='ltr'>suam</span> <span class='ocrx_word' id='word_1_734' title='bbox 1804 4731 2120 4805; x_wconf 87' lang='lat' dir='ltr'>explerent,</span> <span class='ocrx_word' id='word_1_735' title='bbox 2232 4740 2388 4792; x_wconf 88' lang='lat' dir='ltr'>terra</span> <span class='ocrx_word' id='word_1_736' title='bbox 2417 4751 2651 4808; x_wconf 88' lang='lat' dir='ltr'>quoque</span> <span class='ocrx_word' id='word_1_737' title='bbox 2681 4732 2983 4790; x_wconf 88' lang='lat' dir='ltr'>Israelitici</span> <span class='ocrx_word' id='word_1_738' title='bbox 3027 4732 3228 4805; x_wconf 90' lang='lat' dir='ltr'>populi</span> <span class='ocrx_word' id='word_1_739' title='bbox 3277 4733 3452 4806; x_wconf 87' lang='lat' dir='ltr'>equis</span> <span class='ocrx_word' id='word_1_740' title='bbox 3481 4729 3833 4788; x_wconf 68' lang='lat' dir='ltr'>Chaldeomm</span> 
     </span>
    </p>
   </div>
   <div class='ocr_carea' id='block_1_51' title="bbox 462 4811 3835 4895">
    <p class='ocr_par' dir='ltr' id='par_1_51' title="bbox 462 4811 3835 4895">
     <span class='ocr_line' id='line_1_51' title="bbox 462 4811 3835 4895; baseline 0 -23"><span class='ocrx_word' id='word_1_741' title='bbox 462 4816 559 4890; x_wconf 87' lang='lat' dir='ltr'>qui</span> <span class='ocrx_word' id='word_1_742' title='bbox 583 4832 686 4888; x_wconf 90' lang='lat' dir='ltr'>per</span> <span class='ocrx_word' id='word_1_743' title='bbox 706 4814 815 4872; x_wconf 89' lang='lat' dir='ltr'>hoc</span> <span class='ocrx_word' id='word_1_744' title='bbox 837 4814 1034 4872; x_wconf 91' lang='lat' dir='ltr'>scelus</span> <span class='ocrx_word' id='word_1_745' title='bbox 1050 4816 1225 4872; x_wconf 90' lang='lat' dir='ltr'>alieni</span> <span class='ocrx_word' id='word_1_746' title='bbox 1249 4821 1416 4872; x_wconf 90' lang='lat' dir='ltr'>erant</span> <span class='ocrx_word' id='word_1_747' title='bbox 1432 4835 1466 4872; x_wconf 93' lang='lat' dir='ltr'>a</span> <span class='ocrx_word' id='word_1_748' title='bbox 1481 4817 1766 4892; x_wconf 91' lang='lat' dir='ltr'>Deo,quia</span> <span class='ocrx_word' id='word_1_749' title='bbox 1784 4821 1977 4877; x_wconf 91' lang='lat' dir='ltr'>omnis</span> <span class='ocrx_word' id='word_1_750' title='bbox 1998 4840 2125 4894; x_wconf 90' lang='lat' dir='ltr'>pec-</span> <span class='ocrx_word' id='word_1_751' title='bbox 2233 4826 2747 4895; x_wconf 84' lang='lat' dir='ltr'>Romanorumque</span> <span class='ocrx_word' id='word_1_752' title='bbox 2767 4825 2825 4878; x_wconf 93' lang='lat' dir='ltr'>et</span> <span class='ocrx_word' id='word_1_753' title='bbox 2844 4822 3082 4878; x_wconf 86' lang='lat' dir='ltr'>fuerunt</span> <span class='ocrx_word' id='word_1_754' title='bbox 3103 4821 3567 4879; x_wconf 89' lang='lat' dir='ltr'>innumerabiles</span> <span class='ocrx_word' id='word_1_755' title='bbox 3586 4811 3835 4890; x_wconf 55' lang='lat' dir='ltr'>quadriga</span> 
     </span>
    </p>
   </div>
   <div class='ocr_carea' id='block_1_52' title="bbox 460 4904 2964 4986">
    <p class='ocr_par' dir='ltr' id='par_1_52' title="bbox 460 4904 2964 4986">
     <span class='ocr_line' id='line_1_52' title="bbox 460 4904 2964 4986; baseline 0.002 -25"><span class='ocrx_word' id='word_1_756' title='bbox 460 4904 807 4978; x_wconf 88' lang='lat' dir='ltr'>catorlonge</span> <span class='ocrx_word' id='word_1_757' title='bbox 823 4921 855 4961; x_wconf 91' lang='lat' dir='ltr'>a</span> <span class='ocrx_word' id='word_1_758' title='bbox 870 4905 987 4961; x_wconf 89' lang='lat' dir='ltr'>Deo</span> <span class='ocrx_word' id='word_1_759' title='bbox 1005 4904 1206 4972; x_wconf 90' lang='lat' dir='ltr'>est,vel</span> <span class='ocrx_word' id='word_1_760' title='bbox 1223 4905 1400 4962; x_wconf 78' lang='lat' dir='ltr'>etiam</span> <span class='ocrx_word' id='word_1_761' title='bbox 1419 4923 1554 4962; x_wconf 89' lang='lat' dir='ltr'>cum</span> <span class='ocrx_word' id='word_1_762' title='bbox 1576 4910 1775 4980; x_wconf 90' lang='lat' dir='ltr'>pueris</span> <span class='ocrx_word' id='word_1_763' title='bbox 1789 4911 2118 4984; x_wconf 86' lang='lat' dir='ltr'>gentilium.</span> <span class='ocrx_word' id='word_1_764' title='bbox 2233 4915 2382 4986; x_wconf 87' lang='lat' dir='ltr'>ejus,</span> <span class='ocrx_word' id='word_1_765' title='bbox 2411 4913 2519 4968; x_wconf 87' lang='lat' dir='ltr'>hoc</span> <span class='ocrx_word' id='word_1_766' title='bbox 2550 4916 2640 4967; x_wconf 84' lang='lat' dir='ltr'>est</span> <span class='ocrx_word' id='word_1_767' title='bbox 2667 4910 2964 4966; x_wconf 91' lang='lat' dir='ltr'>vitiorum.</span> 
     </span>
    </p>
   </div>
   <div class='ocr_carea' id='block_1_53' title="bbox 459 4992 3835 5074">
    <p class='ocr_par' dir='ltr' id='par_1_53' title="bbox 459 4992 3835 5074">
     <span class='ocr_line' id='line_1_53' title="bbox 459 4992 3835 5074; baseline 0 -25"><span class='ocrx_word' id='word_1_768' title='bbox 459 4993 522 5049; x_wconf 92' lang='lat' dir='ltr'>In</span> <span class='ocrx_word' id='word_1_769' title='bbox 555 4999 784 5050; x_wconf 90' lang='lat' dir='ltr'>tantum</span> <span class='ocrx_word' id='word_1_770' title='bbox 817 4993 974 5049; x_wconf 90' lang='lat' dir='ltr'>enim</span> <span class='ocrx_word' id='word_1_771' title='bbox 1007 4993 1352 5051; x_wconf 87' lang='lat' dir='ltr'>detestando</span> <span class='ocrx_word' id='word_1_772' title='bbox 1377 4999 1434 5050; x_wconf 90' lang='lat' dir='ltr'>et</span> <span class='ocrx_word' id='word_1_773' title='bbox 1456 4995 1746 5066; x_wconf 84' lang='lat' dir='ltr'>horrendo</span> <span class='ocrx_word' id='word_1_774' title='bbox 1773 4999 1912 5054; x_wconf 91' lang='lat' dir='ltr'>vitio</span> <span class='ocrx_word' id='word_1_775' title='bbox 1934 5001 2124 5057; x_wconf 91' lang='lat' dir='ltr'>deser-</span> <span class='ocrx_word' id='word_1_776' title='bbox 2305 5024 2336 5054; x_wconf 87' lang='lat'>«</span> <span class='ocrx_word' id='word_1_777' title='bbox 2358 5001 2666 5074; x_wconf 87' lang='lat' dir='ltr'>Ingredere</span> <span class='ocrx_word' id='word_1_778' title='bbox 2685 4999 2745 5054; x_wconf 89' lang='lat' dir='ltr'>in</span> <span class='ocrx_word' id='word_1_779' title='bbox 2767 5003 3014 5072; x_wconf 87' lang='lat' dir='ltr'>petram,</span> <span class='ocrx_word' id='word_1_780' title='bbox 3037 5000 3396 5056; x_wconf 88' lang='lat' dir='ltr'>abscondere</span> <span class='ocrx_word' id='word_1_781' title='bbox 3417 4999 3478 5054; x_wconf 90' lang='lat' dir='ltr'>in</span> <span class='ocrx_word' id='word_1_782' title='bbox 3501 4999 3653 5054; x_wconf 79' lang='lat' dir='ltr'>fossa</span> <span class='ocrx_word' id='word_1_783' title='bbox 3667 4992 3835 5049; x_wconf 65' lang='lat' dir='ltr'>humo,</span> 
     </span>
    </p>
   </div>
   <div class='ocr_carea' id='block_1_54' title="bbox 457 5079 3835 5161">
    <p class='ocr_par' dir='ltr' id='par_1_54' title="bbox 457 5079 3835 5161">
     <span class='ocr_line' id='line_1_54' title="bbox 457 5079 3835 5161; baseline -0.002 -24"><span class='ocrx_word' id='word_1_784' title='bbox 457 5083 696 5141; x_wconf 89' lang='lat' dir='ltr'>viebant</span> <span class='ocrx_word' id='word_1_785' title='bbox 715 5081 924 5150; x_wconf 63' lang='lat' dir='ltr'>Judaai,</span> <span class='ocrx_word' id='word_1_786' title='bbox 949 5086 1013 5137; x_wconf 91' lang='lat' dir='ltr'>ut</span> <span class='ocrx_word' id='word_1_787' title='bbox 1032 5083 1211 5138; x_wconf 92' lang='lat' dir='ltr'>etiam</span> <span class='ocrx_word' id='word_1_788' title='bbox 1244 5100 1459 5156; x_wconf 88' lang='lat' dir='ltr'>pueros</span> <span class='ocrx_word' id='word_1_789' title='bbox 1484 5086 1800 5157; x_wconf 91' lang='lat' dir='ltr'>gentilium</span> <span class='ocrx_word' id='word_1_790' title='bbox 1836 5088 2125 5146; x_wconf 84' lang='lat' dir='ltr'>formosos</span> <span class='ocrx_word' id='word_1_791' title='bbox 2232 5109 2266 5147; x_wconf 95' lang='lat' dir='ltr'>a</span> <span class='ocrx_word' id='word_1_792' title='bbox 2296 5089 2441 5145; x_wconf 79' lang='lat' dir='ltr'>facie</span> <span class='ocrx_word' id='word_1_793' title='bbox 2467 5089 2698 5144; x_wconf 90' lang='lat' dir='ltr'>timoris</span> <span class='ocrx_word' id='word_1_794' title='bbox 2721 5088 2973 5157; x_wconf 92' lang='lat' dir='ltr'>Domini,</span> <span class='ocrx_word' id='word_1_795' title='bbox 2995 5093 3053 5144; x_wconf 89' lang='lat' dir='ltr'>et</span> <span class='ocrx_word' id='word_1_796' title='bbox 3074 5106 3109 5144; x_wconf 91' lang='lat' dir='ltr'>a</span> <span class='ocrx_word' id='word_1_797' title='bbox 3127 5088 3313 5161; x_wconf 90' lang='lat' dir='ltr'>gloria</span> <span class='ocrx_word' id='word_1_798' title='bbox 3334 5085 3658 5160; x_wconf 73' lang='lat' dir='ltr'>maiestatis</span> <span class='ocrx_word' id='word_1_799' title='bbox 3681 5079 3835 5150; x_wconf 71' lang='lat' dir='ltr'>ejus.»</span> 
     </span>
    </p>
   </div>
   <div class='ocr_carea' id='block_1_55' title="bbox 459 5171 3836 5250">
    <p class='ocr_par' dir='ltr' id='par_1_55' title="bbox 459 5171 3836 5250">
     <span class='ocr_line' id='line_1_55' title="bbox 459 5171 3836 5250; baseline -0.001 -22"><span class='ocrx_word' id='word_1_800' title='bbox 459 5176 739 5240; x_wconf 89' lang='lat' dir='ltr'>emerent,</span> <span class='ocrx_word' id='word_1_801' title='bbox 759 5171 1027 5243; x_wconf 90' lang='lat' dir='ltr'>aquibus</span> <span class='ocrx_word' id='word_1_802' title='bbox 1045 5171 1460 5244; x_wconf 84' lang='lat' dir='ltr'>hujuscemodi</span> <span class='ocrx_word' id='word_1_803' title='bbox 1479 5172 1784 5230; x_wconf 87' lang='lat' dir='ltr'>libidinem</span> <span class='ocrx_word' id='word_1_804' title='bbox 1799 5176 2113 5248; x_wconf 83' lang='lat' dir='ltr'>explerent.</span> <span class='ocrx_word' id='word_1_805' title='bbox 2227 5179 2348 5234; x_wconf 82' lang='lat' dir='ltr'>Vox</span> <span class='ocrx_word' id='word_1_806' title='bbox 2379 5176 2674 5250; x_wconf 71' lang='lat' dir='ltr'>prophetm</span> <span class='ocrx_word' id='word_1_807' title='bbox 2717 5177 3010 5233; x_wconf 86' lang='lat' dir='ltr'>hortantis</span> <span class='ocrx_word' id='word_1_808' title='bbox 3041 5177 3322 5250; x_wconf 76' lang='lat' dir='ltr'>populum</span> <span class='ocrx_word' id='word_1_809' title='bbox 3354 5193 3556 5248; x_wconf 89' lang='lat' dir='ltr'>suum,</span> <span class='ocrx_word' id='word_1_810' title='bbox 3588 5177 3652 5229; x_wconf 88' lang='lat' dir='ltr'>ut</span> <span class='ocrx_word' id='word_1_811' title='bbox 3679 5171 3836 5239; x_wconf 75' lang='lat' dir='ltr'>ingre-</span> 
     </span>
    </p>
   </div>
   <div class='ocr_carea' id='block_1_56' title="bbox 533 5258 3837 5340">
    <p class='ocr_par' dir='ltr' id='par_1_56' title="bbox 533 5258 3837 5340">
     <span class='ocr_line' id='line_1_56' title="bbox 533 5258 3837 5340; baseline -0.002 -23"><span class='ocrx_word' id='word_1_812' title='bbox 533 5283 560 5311; x_wconf 90' lang='grc'>‹‹</span> <span class='ocrx_word' id='word_1_813' title='bbox 585 5261 828 5334; x_wconf 81' lang='lat' dir='ltr'>Repleta</span> <span class='ocrx_word' id='word_1_814' title='bbox 859 5266 950 5318; x_wconf 89' lang='lat' dir='ltr'>est</span> <span class='ocrx_word' id='word_1_815' title='bbox 999 5266 1153 5318; x_wconf 90' lang='lat' dir='ltr'>terra</span> <span class='ocrx_word' id='word_1_816' title='bbox 1199 5267 1439 5336; x_wconf 90' lang='lat' dir='ltr'>argento</span> <span class='ocrx_word' id='word_1_817' title='bbox 1489 5267 1546 5320; x_wconf 92' lang='lat' dir='ltr'>et</span> <span class='ocrx_word' id='word_1_818' title='bbox 1591 5281 1757 5332; x_wconf 91' lang='lat' dir='ltr'>auro,</span> <span class='ocrx_word' id='word_1_819' title='bbox 1791 5269 1850 5320; x_wconf 91' lang='lat' dir='ltr'>et</span> <span class='ocrx_word' id='word_1_820' title='bbox 1883 5283 1997 5322; x_wconf 90' lang='lat' dir='ltr'>non</span> <span class='ocrx_word' id='word_1_821' title='bbox 2030 5272 2120 5323; x_wconf 90' lang='lat' dir='ltr'>est</span> <span class='ocrx_word' id='word_1_822' title='bbox 2227 5266 2500 5324; x_wconf 87' lang='lat' dir='ltr'>diaturin</span> <span class='ocrx_word' id='word_1_823' title='bbox 2524 5270 2772 5340; x_wconf 89' lang='lat' dir='ltr'>petram,</span> <span class='ocrx_word' id='word_1_824' title='bbox 2795 5269 2854 5320; x_wconf 90' lang='lat' dir='ltr'>et</span> <span class='ocrx_word' id='word_1_825' title='bbox 2874 5266 3346 5322; x_wconf 88' lang='lat' dir='ltr'>abseondaturin</span> <span class='ocrx_word' id='word_1_826' title='bbox 3369 5265 3549 5334; x_wconf 85' lang='lat' dir='ltr'>fossa,</span> <span class='ocrx_word' id='word_1_827' title='bbox 3571 5258 3837 5330; x_wconf 75' lang='lat' dir='ltr'>coopertus</span> 
     </span>
    </p>
   </div>
   <div class='ocr_carea' id='block_1_57' title="bbox 458 5345 3836 5429">
    <p class='ocr_par' dir='ltr' id='par_1_57' title="bbox 458 5345 3836 5429">
     <span class='ocr_line' id='line_1_57' title="bbox 458 5345 3836 5429; baseline -0.001 -25"><span class='ocrx_word' id='word_1_828' title='bbox 458 5349 594 5404; x_wconf 82' lang='lat' dir='ltr'>ﬁnis</span> <span class='ocrx_word' id='word_1_829' title='bbox 625 5351 1036 5406; x_wconf 88' lang='lat' dir='ltr'>thesaurorum</span> <span class='ocrx_word' id='word_1_830' title='bbox 1069 5352 1218 5422; x_wconf 90' lang='lat' dir='ltr'>ejus.</span> <span class='ocrx_word' id='word_1_831' title='bbox 1247 5375 1273 5400; x_wconf 88' lang='grc'><strong>››</strong></span> <span class='ocrx_word' id='word_1_832' title='bbox 1297 5352 1452 5407; x_wconf 88' lang='lat' dir='ltr'>Inter</span> <span class='ocrx_word' id='word_1_833' title='bbox 1480 5355 1686 5409; x_wconf 68' lang='lat' dir='ltr'>caetera</span> <span class='ocrx_word' id='word_1_834' title='bbox 1712 5353 1872 5424; x_wconf 88' lang='lat' dir='ltr'>vitia,</span> <span class='ocrx_word' id='word_1_835' title='bbox 1900 5355 2118 5427; x_wconf 90' lang='lat' dir='ltr'>quibus</span> <span class='ocrx_word' id='word_1_836' title='bbox 2225 5357 2478 5429; x_wconf 87' lang='lat' dir='ltr'>desuper</span> <span class='ocrx_word' id='word_1_837' title='bbox 2505 5355 2704 5411; x_wconf 89' lang='lat' dir='ltr'>humo.</span> <span class='ocrx_word' id='word_1_838' title='bbox 2728 5356 2808 5410; x_wconf 84' lang='lat' dir='ltr'>Ac</span> <span class='ocrx_word' id='word_1_839' title='bbox 2847 5355 2898 5410; x_wconf 93' lang='lat' dir='ltr'>si</span> <span class='ocrx_word' id='word_1_840' title='bbox 2943 5353 3159 5411; x_wconf 91' lang='lat' dir='ltr'>diceret</span> <span class='ocrx_word' id='word_1_841' title='bbox 3188 5354 3317 5411; x_wconf 89' lang='lat' dir='ltr'>aliis</span> <span class='ocrx_word' id='word_1_842' title='bbox 3346 5353 3539 5411; x_wconf 85' lang='lat' dir='ltr'>verbis</span> <span class='ocrx_word' id='word_1_843' title='bbox 3563 5369 3577 5408; x_wconf 94' lang='lat'>:</span> <span class='ocrx_word' id='word_1_844' title='bbox 3600 5345 3836 5429; x_wconf 44' lang='lat' dir='ltr'>Hortalus</span> 
     </span>
    </p>
   </div>
   <div class='ocr_carea' id='block_1_58' title="bbox 458 5426 3838 5509">
    <p class='ocr_par' dir='ltr' id='par_1_58' title="bbox 458 5426 3838 5509">
     <span class='ocr_line' id='line_1_58' title="bbox 458 5426 3838 5509; baseline 0.001 -17"><span class='ocrx_word' id='word_1_845' title='bbox 458 5437 646 5493; x_wconf 66' lang='lat' dir='ltr'>Judaei</span> <span class='ocrx_word' id='word_1_846' title='bbox 669 5439 1092 5509; x_wconf 89' lang='lat' dir='ltr'>deserviebant,</span> <span class='ocrx_word' id='word_1_847' title='bbox 1117 5441 1292 5496; x_wconf 91' lang='lat' dir='ltr'>etiam</span> <span class='ocrx_word' id='word_1_848' title='bbox 1327 5441 1713 5498; x_wconf 90' lang='lat' dir='ltr'>immoderata</span> <span class='ocrx_word' id='word_1_849' title='bbox 1741 5426 1982 5498; x_wconf 86' lang='lat' dir='ltr'>avaritia</span> <span class='ocrx_word' id='word_1_850' title='bbox 2009 5462 2115 5500; x_wconf 86' lang='lat' dir='ltr'>cu-</span> <span class='ocrx_word' id='word_1_851' title='bbox 2226 5426 2476 5502; x_wconf 48' lang='lat' dir='ltr'>sum—ut</span> <span class='ocrx_word' id='word_1_852' title='bbox 2521 5442 2905 5500; x_wconf 87' lang='lat' dir='ltr'>ambularetis</span> <span class='ocrx_word' id='word_1_853' title='bbox 2935 5443 2995 5498; x_wconf 95' lang='lat' dir='ltr'>in</span> <span class='ocrx_word' id='word_1_854' title='bbox 3028 5443 3252 5499; x_wconf 85' lang='lat' dir='ltr'>lum‘ine</span> <span class='ocrx_word' id='word_1_855' title='bbox 3305 5441 3562 5509; x_wconf 88' lang='lat' dir='ltr'>Domini,</span> <span class='ocrx_word' id='word_1_856' title='bbox 3585 5437 3678 5495; x_wconf 84' lang='lat' dir='ltr'>sed</span> <span class='ocrx_word' id='word_1_857' title='bbox 3723 5426 3838 5504; x_wconf 60' lang='lat' dir='ltr'>qui!</span> 
     </span>
    </p>
   </div>
   <div class='ocr_carea' id='block_1_59' title="bbox 463 5523 3837 5602">
    <p class='ocr_par' dir='ltr' id='par_1_59' title="bbox 463 5523 3837 5602">
     <span class='ocr_line' id='line_1_59' title="bbox 463 5523 3837 5602; baseline 0.001 -24"><span class='ocrx_word' id='word_1_858' title='bbox 463 5525 803 5598; x_wconf 90' lang='lat' dir='ltr'>piditasque</span> <span class='ocrx_word' id='word_1_859' title='bbox 825 5529 1272 5602; x_wconf 88' lang='lat' dir='ltr'>signatur,dum</span> <span class='ocrx_word' id='word_1_860' title='bbox 1294 5530 1511 5586; x_wconf 89' lang='lat' dir='ltr'>dicitur</span> <span class='ocrx_word' id='word_1_861' title='bbox 1535 5548 1547 5586; x_wconf 91' lang='lat'>:</span> <span class='ocrx_word' id='word_1_862' title='bbox 1573 5531 1698 5586; x_wconf 90' lang='lat' dir='ltr'>Non</span> <span class='ocrx_word' id='word_1_863' title='bbox 1731 5536 1820 5586; x_wconf 86' lang='lat' dir='ltr'>est</span> <span class='ocrx_word' id='word_1_864' title='bbox 1844 5532 1977 5588; x_wconf 82' lang='lat' dir='ltr'>ﬁnis</span> <span class='ocrx_word' id='word_1_865' title='bbox 1998 5533 2120 5590; x_wconf 90' lang='lat' dir='ltr'>tbe-</span> <span class='ocrx_word' id='word_1_866' title='bbox 2227 5533 2498 5590; x_wconf 89' lang='lat' dir='ltr'>noluistis</span> <span class='ocrx_word' id='word_1_867' title='bbox 2531 5532 2752 5601; x_wconf 90' lang='lat' dir='ltr'>audire,</span> <span class='ocrx_word' id='word_1_868' title='bbox 2778 5549 2910 5588; x_wconf 88' lang='lat' dir='ltr'>ecce</span> <span class='ocrx_word' id='word_1_869' title='bbox 2948 5531 3230 5588; x_wconf 86' lang='lat' dir='ltr'>denuntio</span> <span class='ocrx_word' id='word_1_870' title='bbox 3253 5535 3310 5588; x_wconf 91' lang='lat' dir='ltr'>et</span> <span class='ocrx_word' id='word_1_871' title='bbox 3339 5531 3561 5595; x_wconf 85' lang='lat' dir='ltr'>hortor,</span> <span class='ocrx_word' id='word_1_872' title='bbox 3586 5530 3648 5582; x_wconf 90' lang='lat' dir='ltr'>ut</span> <span class='ocrx_word' id='word_1_873' title='bbox 3674 5523 3837 5592; x_wconf 66' lang='lat' dir='ltr'>ingn-</span> 
     </span>
    </p>
   </div>
   <div class='ocr_carea' id='block_1_60' title="bbox 461 5603 3848 5694">
    <p class='ocr_par' dir='ltr' id='par_1_60' title="bbox 461 5603 3848 5694">
     <span class='ocr_line' id='line_1_60' title="bbox 461 5603 3848 5694; baseline -0.001 -22"><span class='ocrx_word' id='word_1_874' title='bbox 461 5628 772 5672; x_wconf 85' lang='lat' dir='ltr'>saurorum</span> <span class='ocrx_word' id='word_1_875' title='bbox 822 5617 972 5688; x_wconf 89' lang='lat' dir='ltr'>ejus,</span> <span class='ocrx_word' id='word_1_876' title='bbox 1009 5616 1067 5672; x_wconf 91' lang='lat' dir='ltr'>id</span> <span class='ocrx_word' id='word_1_877' title='bbox 1099 5621 1210 5684; x_wconf 87' lang='lat' dir='ltr'>est,</span> <span class='ocrx_word' id='word_1_878' title='bbox 1233 5618 1486 5676; x_wconf 68' lang='lat' dir='ltr'>avaritiae</span> <span class='ocrx_word' id='word_1_879' title='bbox 1519 5623 1576 5677; x_wconf 92' lang='lat' dir='ltr'>et</span> <span class='ocrx_word' id='word_1_880' title='bbox 1606 5619 1942 5692; x_wconf 89' lang='lat' dir='ltr'>cupiditatis</span> <span class='ocrx_word' id='word_1_881' title='bbox 1988 5620 2116 5678; x_wconf 87' lang='lat' dir='ltr'>illo-</span> <span class='ocrx_word' id='word_1_882' title='bbox 2228 5621 2470 5679; x_wconf 90' lang='lat' dir='ltr'>diamini</span> <span class='ocrx_word' id='word_1_883' title='bbox 2502 5621 2562 5677; x_wconf 91' lang='lat' dir='ltr'>in</span> <span class='ocrx_word' id='word_1_884' title='bbox 2592 5624 2818 5694; x_wconf 88' lang='lat' dir='ltr'>petram</span> <span class='ocrx_word' id='word_1_885' title='bbox 2847 5625 2907 5678; x_wconf 91' lang='lat' dir='ltr'>et</span> <span class='ocrx_word' id='word_1_886' title='bbox 2935 5619 3309 5678; x_wconf 88' lang='lat' dir='ltr'>abscondami</span> <span class='ocrx_word' id='word_1_887' title='bbox 3323 5619 3387 5674; x_wconf 85' lang='lat' dir='ltr'>ni</span> <span class='ocrx_word' id='word_1_888' title='bbox 3415 5617 3660 5683; x_wconf 77' lang='lat' dir='ltr'>infossa,</span> <span class='ocrx_word' id='word_1_889' title='bbox 3697 5603 3848 5669; x_wconf 65' lang='lat' dir='ltr'>veli“</span> 
     </span>
    </p>
   </div>
  </div>
