4060 6180
249 361 377 426 733

1315 365 1719 431 COMMENT.
1766 368 1846 429 IN
1893 366 2185 431 lSAlAM.
2231 401 2310 414 -—
2350 370 2503 433 LIB.
2546 369 2591 432 Ι.

3539 370 3669 445 ’134³

248 495 618 570 speluncis,a
648 496 792 553 facie
821 495 1051 555 timoris
1081 498 1336 567 Domini,
1357 498 1446 554 vel
1477 517 1511 556 a
1533 499 1679 555 facie
1714 500 1897 572 Baby-
1930 503 1982 569 Α
2018 500 2075 556 in
2100 519 2213 573 quo
2230 503 2608 559 damnabitur
2626 504 2917 577 superbus
2937 506 3206 565 diabolus
3226 527 3361 566 cum
3385 511 3660 570 omnibus

242 584 401 642 'lonis
421 586 732 653 exercitus,
748 585 847 659 qui
871 586 1213 660 designatur
1232 605 1335 660 per
1352 589 1621 644 timorem
1645 589 1897 658 Domini,

242 679 303 731 et
331 692 366 730 a
395 673 585 747 gloria
619 675 945 745 majestatis
973 676 1122 746 ejus,
1144 677 1421 748 quoniam
1453 694 1556 748 per
1587 676 1715 733 illos
1740 678 1903 734 misit

240 764 517 819 timorem
550 779 726 819 suum
759 780 936 835 super
963 765 1291 829 Judaeos,ct
1321 765 1680 838 glorificatus
1712 771 1801 823 est
1829 769 1902 823 de

238 851 516 908 hostibus
546 851 672 909 suis
694 852 1269 921 Judzeis,vindictam
1303 854 1657 926 recipiendo.
1691 857 1770 911 De
1792 856 1901 911 hac

237 940 624 997 tribulatione
646 941 817 1013 cujus
834 941 1145 997 formidine
1161 942 1373 999 abscon
1384 944 1593 999 derunt
1613 961 1674 999 se
1694 944 1753 999 in
1778 962 1904 1016 spe-

240 1030 435 1086 luncis
466 1032 524 1085 et
554 1029 767 1101 puteis,
796 1030 951 1085 sicut
981 1030 1239 1086 historiaa
1273 1034 1820 1097 narrant,Dominus
1841 1033 1900 1089 in

238 1119 555 1191 Evangelio
576 1118 692 1175 ait:
719 1142 745 1167 ‹‹
767 1120 931 1175 Tunc
953 1119 1149 1175 dicent
1168 1120 1704 1187 montibus,Cadite
1725 1141 1904 1195 super

238 1225 382 1263 nos:
411 1211 469 1263 et
500 1199 680 1279 petris
708 1209 1062 1265 Abscondite
1103 1226 1212 1265 nos
1251 1211 1400 1280 (Luc.
1430 1213 1611 1278 xxm).
1639 1234 1666 1260 »
1698 1212 1897 1267 Altiori

236 1300 438 1352 autem
470 1295 789 1363 intellectu,
813 1297 1146 1370 praecipitur
1177 1298 1345 1354 nobis
1393 1298 1670 1356 omnibus
1712 1305 1777 1356 ut
1806 1301 1900 1356 in-

235 1385 580 1459 grediamur
606 1385 667 1440 in
701 1388 924 1457 petram
958 1404 992 1442 a
1021 1386 1167 1442 facie
1198 1386 1426 1443 timoris
1465 1389 1784 1455 Domini,id
1814 1393 1903 1446 est

236 1474 585 1548 confugium
617 1474 909 1530 faciamus
949 1475 1020 1530 ad
1058 1475 1459 1532 Christum'de
1491 1494 1605 1549 quo
1635 1477 1851 1533 dicitur
1885 1495 1897 1533 :

237 1587 267 1614 ε(
308 1563 475 1619 Petra
504 1567 595 1619 est
614 1563 909 1635 refugium
931 1563 1215 1619 erinaccis
1236 1566 1408 1633 (ρδαι.
1436 1568 1617 1634 cm).»
1631 1566 1901 1623 Christus

239 1652 404 1708 enim
430 1667 534 1725 per
562 1650 1008 1709 similitudinem
1035 1657 1198 1725 petra
1227 1658 1333 1719 est,
1352 1653 1505 1709 sicut
1529 1653 1745 1711 Paulus
1769 1672 1902 1727 apo-

236 1740 430 1797 stolus
476 1740 663 1796 dicit:
704 1762 733 1791 ‹‹
764 1741 931 1797 Petra
978 1744 1177 1796 autem
1228 1746 1353 1797 erat
1400 1742 1668 1798 Christus
1698 1744 1747 1811 (I
1776 1744 1897 1799 Cor.

144 1854 150 1859 -
235 1832 321 1898 ι).
340 1851 367 1879 ››
402 1829 465 1885 In
498 1833 722 1902 petram
756 1845 893 1902 ergo
925 1829 1306 1903 ingredietur,
1332 1830 1602 1903 quisquis
1622 1832 1904 1887 veraciter
1931 1872 1979 1937 Β

238 1919 513 1988 credens,
548 1918 687 1975 facit
714 1919 1057 1990 confugium
1090 1919 1162 1974 ad
1194 1918 1411 1992 ipsum,
1447 1936 1518 1975 ne
1546 1919 1607 1975 in
1648 1921 1898 1977 adventu

236 2007 407 2063 illius
465 2023 600 2063 cum
657 2008 882 2064 venerit
937 2007 1179 2080 perdere
1232 2008 1529 2081 reprobos,
1564 2010 1896 2078 damnetur,

238 2096 642 2152 Absconditur
660 2096 720 2151 in
752 2097 908 2152 fossa
938 2096 1141 2165 humo,
1176 2097 1274 2169 qui
1306 2097 1533 2154 intrans
1564 2098 1623 2153 in
1656 2098 1900 2153 cubicu-

235 2182 367 2239 lum
403 2188 530 2240 orat
559 2184 789 2240 Patrem
822 2200 1020 2240 suum.
1052 2184 1156 2240 Vel
1186 2185 1364 2241 etiam
1411 2186 1794 2242 absconditur
1838 2187 1899 2242 in

241 2274 412 2329 fossa
431 2272 738 2344 humo,qui
760 2272 819 2329 in
841 2276 1071 2353 terreno
1094 2290 1333 2346 corpore
1349 2274 1728 2343 constitutus,
1743 2278 1899 2348 quod

240 2362 595 2436 designatur
624 2378 728 2435 per
754 2363 1006 2418 humum
1038 2363 1347 2419 abscondit
1374 2368 1431 2419 et
1461 2363 1610 2420 celat
1652 2365 1899 2421 inﬁrmi-

236 2455 400 2507 tates
424 2450 710 2518 carnales,
742 2467 816 2507 ne
841 2451 1112 2507 videlicet
1161 2450 1361 2507 omnia
1410 2451 1755 2509 illecebrosa
1801 2471 1906 2526 per

234 2539 641 2612 operationem
666 2539 989 2596 forinsecus
1010 2541 1437 2613 ostendat,qua3
1458 2557 1590 2598 caro
1612 2532 1905 2599 desiderat

236 2629 547 2702 perﬁcere.

317 2741 349 2769 α
374 2714 540 2773 Oculi
566 2716 853 2774 sublimes
873 2717 1131 2774 hominis
1151 2717 1445 2775 humiliati
1465 2722 1622 2785 sunt,
1637 2723 1694 2775 et
1716 2720 1906 2775 incur-

236 2806 482 2863 vabitur
510 2806 757 2862 altitudo
778 2805 1033 2863 virorum
1061 2823 1074 2862 :
1100 2806 1451 2863 exaltabitur
1486 2811 1681 2864 autem
1707 2808 1905 2863 Domi—

240 2912 366 2950 nus
397 2894 561 2951 solus
590 2894 651 2950 in
683 2894 777 2950 die
807 2893 965 2950 illa.»
993 2894 1101 2950 Per
1125 2894 1325 2951 oculos
1355 2895 1626 2952 sublimis
1647 2896 1907 2952 hominis

245 2984 355 3057 qui
386 2982 685 3039 humiliati
716 2987 873 3052 sunt,
901 2983 1904 3057 altitudinemquevirorum,accipi-

249 3078 354 3129 tur
374 3074 565 3129 fastus
577 3072 846 3145 potentiae
868 3077 925 3127 et
944 3072 1219 3129 nobilitas
1235 3073 1485 3145 generis.
1510 3073 1676 3142 Cum,
1694 3073 1904 3147 inquit,

249 3162 463 3218 hostes
483 3161 1102 3234 supervenerint,tunc
1123 3179 1228 3218 nec
1248 3162 1481 3229 divitiae,
1506 3179 1611 3219 nec
1634 3163 1908 3219 nobilitas

2009 592 2510 647 eonsectatoribus
2541 593 2689 664 ejus,
2709 598 2766 649 et
2796 593 3205 652 humiliabitur
3233 616 3411 672 super
3454 618 3660 659 omnes

2011 684 2351 750 arrogantes
2381 685 2437 735 et
2467 683 2772 753 superbos.

2082 791 2107 816 ‹‹
2144 769 2213 823 Et
2261 786 2439 840 super
2478 786 2683 825 omnes
2727 771 2932 827 cedros
2993 773 3193 829 Libani
3251 777 3557 847 sublimes,
3601 784 3660 836 et

2010 861 2251 924 erectas,
2285 861 2343 912 ct
2372 875 2549 929 super
2578 875 2783 914 omnes
2805 877 3055 931 quercus
3088 863 3295 919 Basan.
3325 887 3351 913 ››
3375 867 3661 922 Subaudi-

2010 949 2126 1011 tur,
2144 946 2335 1001 veniet
2365 945 2488 1001 dies
2511 946 2762 1001 Domini.
2779 947 3036 1005 Libanus
3067 968 3238 1008 mons
3259 957 3348 1009 est
3370 954 3658 1011 Phoenicis

2011 1034 2267 1105 regionis
2297 1033 2725 1089 excelsissimas
2760 1036 2964 1091 cedros
2993 1039 3483 1113 continens,qua3,
3508 1043 3661 1099 sicut

2009 1121 2390 1177 Cassiodorus
2442 1122 2502 1176 in
2553 1122 2913 1193 expositione
2961 1125 3324 1196 psalmorum
3358 1130 3517 1200 dicit,
3552 1150 3661 1189 sua

2010 1209 2357 1284 proceritate
2388 1211 2812 1265 transcendunt
2840 1229 3074 1268 omnem
3106 1214 3476 1274 altitudinem
3498 1222 3661 1275 arbo-

2010 1316 2162 1356 rum.
2201 1300 2385 1354 Basan
2429 1315 2564 1354 vero
2616 1298 2775 1371 regio
2823 1305 2913 1355 est
2957 1302 3204 1370 Arabiae,
3236 1304 3331 1358 cui
3357 1305 3663 1378 imperavit

2009 1388 2095 1461 0g
2124 1405 2240 1455 rex,
2257 1388 2481 1443 habens
2495 1386 2851 1459 glandiferas
2874 1406 3413 1463 quercus,quarum
3437 1394 3662 1452 fructus

2010 1494 2317 1550 porcorum
2351 1480 2441 1532 est
2480 1475 2669 1543 cibus,
2703 1494 2817 1532 non
2869 1477 3199 1534 hominum.
3235 1481 3662 1553 Metaphoricos

2009 1570 2203 1621 autem
2229 1583 2331 1638 per
2359 1566 2562 1620 cedros
2586 1564 2788 1621 Libani
2823 1567 3108 1623 sublimes
3144 1572 3201 1625 et
3220 1574 3464 1638 erectas,
3490 1570 3660 1629 intel-

2008 1654 2275 1727 liguntur
2305 1653 2542 1725 superbi
2564 1653 2813 1726 quique;
2838 1643 3203 1728 perqucrcus
3224 1662 3423 1715 autem
3450 1661 3659 1728 Basan,

2010 1759 2137 1815 quae
2170 1742 2590 1813 interpretatur
2618 1741 2962 1813 ignominia,
2994 1743 3094 1816 qui
3124 1762 3302 1816 opera
3324 1745 3660 1818 ignominiaa

2009 1834 2276 1887 exercent
2304 1835 2361 1886 et
2390 1829 2451 1886 in
2495 1847 2658 1886 como
2704 1829 2970 1887 libidinis
2994 1832 3333 1889 volutantur
3362 1850 3377 1889 :
3409 1851 3659 1907 quorum

2009 1920 2236 1976 fructus
2294 1936 2605 1991 porcorum
2654 1922 2765 1987 est,
2797 1919 2855 1975 id
2905 1924 3013 1989 est,
3065 1922 3422 1977 daemonum.
3472 1924 3662 1997 Super

2009 2024 2213 2063 omnes
2262 2008 2460 2063 autem
2510 2008 2676 2074 istos,
2704 2006 2961 2064 vindicta
3000 2012 3060 2065 et
3104 2009 3228 2065 dies
3277 2010 3376 2066 irae
3423 2010 3658 2068 Domini

2009 2100 2342 2168 consurget.
2379 2096 2458 2151 De
2516 2094 2736 2151 talibus
2790 2097 2981 2153 cedris
3038 2097 3254 2153 dicitur
3309 2099 3369 2154 in
3430 2099 3658 2171 psalmo

2009 2186 2180 2258 (Psal.
2211 2188 2413 2253 xxvm)
2447 2202 2458 2240 :
2494 2184 2668 2239 «Vox
2714 2185 2940 2241 Domini
2988 2186 3342 2243 conterentis
3372 2189 3596 2245 cedros.
3631 2211 3660 2239 ››

2008 2274 2080 2329 Et
2110 2274 2247 2328 item
2284 2291 2297 2328 :
2331 2273 2458 2328 Vidi
2482 2272 2732 2345 impium
2753 2274 3435 2346 superexaltatum,sicut
3454 2277 3660 2333 cedros

2012 2361 2237 2418 Libani.

2083 2475 2110 2501 ‹‹
2131 2452 2200 2507 Et
2219 2468 2397 2525 super
2417 2468 2621 2507 omnes
2643 2455 2873 2507 montes
2892 2450 3173 2521 excelsos,
3186 2455 3244 2508 et
3263 2469 3440 2524 super
3459 2470 3663 2511 omnes

2011 2540 2190 2596 colles
2221 2544 2280 2596 et
2309 2540 2582 2596 elevatos.
2620 2562 2647 2589 »
2681 2539 2998 2608 Subaudis,
3032 2541 3223 2597 veniet
3257 2541 3382 2599 dies
3412 2542 3661 2599 Domini.

2012 2630 2241 2685 Montes
2264 2632 2321 2684 et
2349 2628 2526 2685 colles
2554 2627 2900 2700 plerumque
2931 2628 2990 2684 in
3022 2629 3236 2685 bonam
3264 2634 3487 2702 partem
3520 2631 3667 2688 acci-

2013 2718 2277 2792 piuntur.
2313 2718 2420 2773 Pro
2465 2716 2685 2773 sanctis
2722 2715 3014 2784 videlicet,
3044 2717 3323 2774 varietate
3377 2719 3662 2775 virtutum

2012 2806 2321 2862 decoratis.
2344 2804 2693 2877 Plerumque
2724 2809 2921 2860 autem
2952 2805 3064 2877 ipsi
3097 2805 3263 2877 impii
3294 2823 3398 2878 pro
3421 2806 3663 2863 diversi-

2012 2899 2131 2951 tate
2142 2894 2439 2961 vitiorum,
2455 2892 2824 2965 maximeque
2844 2894 3341 2965 superbi,montcs
3365 2894 3660 2967 appellan-

2013 2987 2109 3039 tur
2137 2986 2195 3039 et
2223 2982 2422 3048 colles,
2437 2982 2592 3037 sicut
2612 2982 2672 3036 in
2694 2982 2964 3053 praesenti
2986 2981 3132 3037 loco.
3148 2983 3226 3037 De
3248 2981 3342 3038 his
3362 2982 3661 3039 montibus

2013 3072 2378 3144 collibusque
2425 3070 2567 3126 dicit
2612 3070 2874 3126 Ezechiel
2922 3070 3252 3143 propheta:
3289 3072 3470 3127 «Haec
3519 3071 3662 3129 dicit

2013 3161 2299 3217 Dominus
2338 3160 2638 3216 montibus
2674 3163 2733 3215 et
2770 3158 3217 3215 collibuszEcce
3249 3176 3355 3233 ego
3385 3160 3660 3217 inducam

243 3251 629 3325 generls,nec
649 3250 912 3323 potentia
942 3250 1290 3323 dignitatum
1319 3251 1573 3323 aliquem
1598 3252 1906 3309 defendere
1935 3238 1979 3306 C
2016 3268 2194 3323 super
2221 3267 2324 3305 vos
2352 3249 2613 3322 gladium
2647 3248 2858 3321 (Ezech.
2889 3248 3099 3321 xxxvn).
3139 3270 3166 3298 »

243 3339 489 3412 poterit,
506 3340 723 3411 quippe
752 3356 886 3394 cum
913 3357 1029 3394 una
1049 3339 1127 3395 sit
1146 3339 1450 3411 captivitas
1470 3339 1763 3397 omnibus.
1794 3341 1904 3397 Sed

239 3426 892 3483 humiliabunturoculi
918 3427 1511 3500 potentis,divitisque
1525 3429 1906 3501 hominis,qui

238 3515 477 3571 torvide
498 3532 632 3571 cum
650 3515 962 3588 supercilio
981 3515 1332 3587 respiciebat
1351 3515 1626 3589 aliquem.
1641 3517 1909 3574 Incurva-

239 3604 412 3660 bitur
441 3620 675 3677 quoque
705 3604 953 3660 altitudo
974 3604 1255 3672 virorum,
1270 3604 1329 3659 id
1350 3608 1457 3673 est,
1478 3609 1904 3675 contemnetur,

238 3710 310 3749 ac
342 3710 455 3765 pro
478 3692 660 3749 nihilo
681 3692 1051 3766 reputabitur
1071 3692 1345 3749 nobilitas
1365 3693 1907 3765 generis.Dominus

242 3787 453 3837 autem
485 3781 649 3838 solus
679 3781 1122 3837 exaltabitumin
1154 3780 1249 3836 die
1278 3780 1523 3849 illa,hoc
1546 3786 1637 3838 est
1665 3782 1725 3838 in
1758 3787 1906 3839 tem-

238 3886 390 3943 pore
418 3871 707 3926 adventus
738 3870 1141 3926 Chaldaeorum
1175 3871 1710 3942 Romanorumque,
1736 3872 1907 3943 cujus

237 3958 400 4015 iram
431 3962 492 4015 et
517 3958 836 4015 vindictam
868 3957 1069 4013 nullus
1100 3957 1315 4029 poterit
1351 3959 1623 4031 effugere.
1657 3958 1910 4015 Possunt

238 4052 451 4104 autem
484 4046 606 4102 hinc
637 4047 839 4102 eadem
872 4063 991 4102 non
1018 4046 1483 4118 incompetenter
1512 4047 1586 4101 ad
1624 4047 1778 4102 dicm
1810 4065 1905 4102 ex-

237 4135 423 4193 tremi
454 4135 745 4191 examinis
775 4134 976 4192 referri
1001 4152 1013 4191 :
1038 4135 1099 4189 in
1132 4152 1249 4208 qua
1269 4134 1462 4190 omnis
1485 4139 1750 4191 creatura
1769 4135 1909 4191 divi-

239 4242 335 4279 na
371 4224 672 4295 majestati
705 4227 883 4296 atque
914 4222 1185 4296 potentiae
1217 4222 1648 4290 humiliabitur,
1672 4226 1729 4279 et
1749 4240 1905 4280 com-

240 4312 558 4386 paratione
588 4311 749 4368 illius
780 4316 1091 4386 cognoscet
1121 4328 1183 4368 se
1213 4311 1359 4367 nihil
1397 4328 1546 4367 esse.
1579 4311 1909 4385 Redditque

239 4418 519 4467 causam,
548 4417 729 4473 quare
757 4402 967 4456 debeat
1001 4398 1297 4455 humiliari
1329 4403 1382 4454 et
1416 4398 1727 4456 incurvari.

316 4514 348 4541 ‹‹
388 4489 541 4557 Quia
570 4490 698 4545 dies
727 4489 959 4546 Domini
983 4489 1341 4544 exercituum
1363 4505 1540 4560 super
1558 4506 1793 4546 omnem
1816 4508 1910 4545 su-

241 4580 603 4653 perbum,et
624 4578 939 4646 excelsum,
964 4582 1022 4633 et
1045 4594 1223 4649 super
1245 4593 1476 4633 omnem
1500 4582 1869 4651 arrogantem
1893 4594 1904 4633 :
1940 4603 1986 4668 ο

239 4672 302 4724 et
333 4666 778 4723 bumiliabitur.
800 4690 828 4717 ››
850 4665 1194 4737 Ubicunque
1216 4666 1288 4721 de
1309 4664 1569 4721 vindicta
1589 4669 1646 4721 et
1672 4665 1913 4722 victoria

240 4755 490 4813 Domini
515 4756 893 4827 propheticus
913 4772 1107 4811 sermo
1129 4754 1726 4826 loquitur,Dominum
1751 4771 1910 4810 exer-

241 4846 486 4902 cituum
512 4842 722 4899 solitus
748 4848 838 4898 est
864 4843 1034 4898 illum
1073 4842 1375 4911 vocare,id
1405 4845 1514 4911 est,
1539 4842 1908 4910 militiarum,

241 4934 410 5006 quod
425 4933 710 4988 Hebraice
721 4932 1189 4988 dicitursabaoth
1199 4974 1212 4987 .
1222 4932 1349 5004 Ipse
1359 4931 1516 4987 enim
1529 4935 1618 4987 est
1629 4931 1913 4988 Dominus

241 5021 606 5077 militiarum
629 5021 1021 5088 suarum,sive
1036 5019 1765 5093 exercituum,angelorum
1799 5020 1911 5076 sci-

240 5109 406 5178 licet,
440 5113 623 5181 atque
654 5108 983 5166 hominum.
1017 5110 1152 5165 Dies
1191 5113 1384 5165 autem
1430 5108 1680 5177 Domini,
1711 5108 1770 5164 id
1803 5112 1910 5180 est,

241 5198 377 5253 dies
406 5196 678 5252 vindicta:
710 5197 890 5266 illius,
910 5198 1225 5269 dupliciter
1252 5196 1601 5268 intelligitur
1632 5214 1645 5251 :
1677 5201 1913 5269 tempus

239 5286 528 5341 videlicet
556 5286 914 5357 captivitatis
960 5287 1325 5353 Judaeorum,
1359 5302 1487 5357 quae
1531 5285 1690 5341 venit
1738 5303 1915 5358 super

241 5391 491 5431 omnem
523 5377 868 5447 superbum,
883 5380 941 5432 et
969 5375 1349 5442 excelsum,et
1368 5390 1546 5446 super
1564 5391 1799 5429 omnem
1820 5392 1912 5431 ar-

241 5466 585 5535 rogantem.
619 5467 756 5530 Qure
806 5464 921 5519 tria
969 5479 1154 5519 unum
1204 5478 1447 5517 sensum
1495 5461 1779 5530 obtinent,
1812 5480 1915 5534 per

240 5568 381 5624 quae
416 5550 832 5624 intelliguntur
862 5551 1155 5624 principes
1175 5550 1535 5617 Judzeorum,
1560 5552 1912 5618 sacerdotes,

244 5639 537 5697 Pharisaei
567 5644 626 5696 et
645 5640 870 5699 scribae.
894 5641 1153 5710 Tempus
1184 5655 1418 5711 quoque
1449 5637 1638 5694 ultimi
1679 5640 1911 5713 judicii,

2090 3362 2117 3390 «
2143 3340 2214 3395 Et
2244 3355 2424 3411 super
2444 3354 2677 3393 omnem
2701 3336 2909 3392 turrim
2926 3337 3236 3406 excelsam,
3251 3342 3309 3394 et
3340 3355 3517 3411 super
3536 3355 3661 3395 om-

2018 3446 2149 3484 nem
2182 3445 2418 3483 murum
2452 3427 2770 3483 munitum.
2794 3449 2821 3476 ››
2854 3426 3170 3494 Subaudis,
3193 3427 3383 3483 veniet
3412 3427 3538 3483 dies
3559 3428 3666 3483 Do-

2017 3518 2186 3573 mini.
2239 3521 2537 3583 Quantum
2588 3517 2660 3571 ad
2711 3515 2917 3570 littera:
2968 3532 3208 3571 sensum
3238 3520 3463 3588 spectat
3493 3517 3662 3573 adve-

2016 3606 2213 3661 niente
2236 3607 2499 3661 Romano
2523 3603 2930 3660 exercitu.dies
2955 3602 3181 3658 Domini
3202 3602 3468 3658 vindictae
3489 3619 3667 3676 super

2016 3695 2225 3751 turrim
2259 3698 2317 3749 et
2346 3711 2523 3764 super
2551 3708 2784 3747 omnem
2834 3708 3071 3747 murum
3118 3692 3455 3747 Judaaorum
3503 3691 3615 3746 fuit
3648 3708 3661 3746 :

2016 3783 2293 3856 quoniam
2325 3781 2593 3837 funditus
2625 3784 2766 3836 sunt
2795 3794 3000 3834 omnes
3020 3778 3666 3850 eversi.Metaphoricos

2015 3875 2210 3928 autem
2244 3888 2347 3943 per
2373 3869 2585 3925 turrim
2618 3873 2675 3924 et
2702 3882 2940 3922 murum
2965 3866 3369 3938 intelliguntur
3387 3866 3585 3939 hi,qui
3604 3870 3665 3924 in

2016 3959 2321 4016 altitudine
2340 3958 2591 4013 turrium
2611 3961 2669 4012 et
2696 3955 2973 4011 firmitate
2995 3971 3295 4010 murorum
3319 3954 3516 4027 potius
3534 3972 3667 4011 con-

2016 4049 2277 4105 fidebant
2304 4064 2484 4119 quam
2514 4045 2575 4101 in
2603 4046 2943 4116 Deo.Super
2972 4062 3121 4116 quos
3146 4044 3273 4100 dies
3298 4043 3539 4100 ultionis
3560 4045 3667 4101 Do-

2017 4136 2161 4192 mini
2192 4136 2369 4203 venit,
2393 4135 2534 4207 quia
2583 4134 2757 4201 fame,
2790 4132 3166 4199 mortalitate,
3198 4135 3257 4187 et
3305 4131 3500 4204 gladio
3530 4137 3669 4189 sunt

2017 4223 2348 4296 consumpti
2383 4227 2442 4279 et
2488 4223 2549 4278 in
2601 4221 2855 4295 pretium
2902 4219 3190 4276 distracti.
3220 4219 3325 4276 Vel
3355 4221 3535 4277 etiam
3566 4239 3669 4295 per

2015 4313 2227 4369 turrim
2248 4311 2580 4386 specialiter
2600 4309 3113 4384 possuntintelligi
3140 4309 3224 4364 illi
3246 4309 3345 4383 qui
3368 4311 3670 4383 praemine-

2016 4404 2160 4459 bant
2188 4402 2244 4457 in
2280 4400 2516 4475 pepulo,
2532 4400 2685 4457 sicut
2713 4399 2894 4454 turris
2920 4399 2977 4453 in
3009 4398 3258 4454 civitate.
3292 4399 3400 4454 Per
3428 4416 3665 4455 murum

2015 4510 2150 4549 vero
2181 4490 2499 4558 munitum,
2533 4487 2739 4544 divites
2771 4491 3179 4560 potentesque,
3211 4485 3313 4558 qui
3344 4502 3407 4541 se
3437 4487 3663 4543 munie-

2017 4583 2160 4637 bant
2190 4579 2409 4636 divitiis
2443 4597 2456 4634 :
2489 4593 2669 4649 super
2698 4593 2846 4647 quos
2871 4573 3103 4629 Domini
3134 4574 3261 4630 dies
3287 4574 3498 4629 veniet.

2091 4695 2118 4720 ι(
2153 4671 2221 4725 Et
2250 4684 2427 4740 super
2454 4682 2660 4721 omnes
2690 4679 2865 4718 naves
2893 4660 3157 4729 Tharsis,
3190 4665 3249 4717 et
3277 4678 3455 4732 super
3494 4679 3667 4719 omne

2021 4759 2176 4832 quod
2206 4758 2334 4813 visu
2367 4754 2678 4829 pulchrum
2709 4755 2816 4807 est.
2852 4772 2880 4800 ››
2912 4749 3231 4819 Subaudis,
3260 4749 3386 4806 dies
3434 4750 3667 4807 Domini

2019 4848 2229 4903 veniet.
2266 4843 2486 4901 llebrzei
2509 4840 2707 4897 omnia
2736 4840 2923 4895 maria
2971 4838 3214 4896 Tharsis
3262 4838 3578 4913 appellant,
3611 4843 3668 4895 et

2021 4933 2531 5007 congregationem
2563 4946 2849 5002 aquarum
2880 4929 3119 4984 nomine
3148 4929 3331 4985 maris
3360 4928 3617 4984 vocitant
3647 4945 3661 4982 :

2012 5025 2185 5097 juxta
2213 5022 2357 5078 illud
2390 5021 2448 5075 in
2478 5018 2686 5077 Genesi
2721 5035 2734 5073 :
2769 5042 2797 5069 ‹‹
2831 5018 3440 5091 Congregationesque
3485 5032 3664 5087 aqua-

2023 5130 2153 5169 rum
2185 5110 2499 5183 appellavit
2527 5108 2715 5164 maria
2735 5108 3003 5176 (Gen.1).»
3025 5109 3385 5177 Quapropter
3407 5104 3516 5159 hoc
3541 5104 3667 5160 loco

2021 5219 2137 5258 non
2184 5199 2529 5273 simpliciter
2559 5197 2705 5253 illud
2738 5212 2899 5251 mare
2929 5194 3334 5265 accipiendum
3377 5196 3484 5261 est,
3509 5194 3666 5265 quod

2021 5292 2248 5362 adjacet
2266 5295 2432 5345 terra:
2463 5283 2935 5358 repromissionis
2965 5300 2978 5337 :
3011 5283 3111 5337 sed
3141 5281 3316 5337 etiam
3347 5280 3546 5336 omnia
3567 5282 3668 5336 ilu-

2022 5380 2184 5436 mina
2211 5379 2420 5437 vicina.
2436 5392 2538 5447 per
2559 5392 2683 5445 quae
2704 5370 2890 5428 Judaei
2922 5369 3077 5426 soliti
3103 5374 3270 5425 erant
3299 5370 3589 5443 navigare,
3612 5373 3671 5425 et

2022 5465 2254 5538 negotia
2282 5477 2566 5519 exercere.
2608 5461 2676 5514 Et
2721 5456 3062 5513 translative
3110 5474 3212 5529 per
3250 5474 3425 5513 naves
3453 5457 3667 5513 intelli-

2021 5558 2241 5627 guntur
2269 5552 2349 5617 bi,
2383 5549 2482 5621 qui
2515 5548 2575 5602 in
2606 5547 2853 5602 navibus
2902 5545 3241 5613 residentes,
3257 5545 3669 5618 negotiationis

2022 5656 2200 5697 causa
2228 5636 2469 5711 pelagus
2497 5639 2554 5691 et
2602 5634 2849 5690 ﬂumina
2893 5634 3266 5707 navigabant.
3302 5635 3489 5709 Super
3517 5652 3668 5709 quos
