4048 6190
245 366 359 440 7‘3"?

238 602 392 657 feret
422 599 710 656 Dominus
743 600 816 656 ab
846 600 1000 657 Juda
1029 605 1087 656 et
1116 601 1188 656 ab
1218 599 1603 657 Hierusalem.
1631 601 1757 655 Non
1791 601 1898 656 du-

238 690 435 756 bium,
471 689 612 762 quin
640 707 845 745 omnes
876 690 1021 743 istos
1054 689 1366 744 abstulerit
1396 689 1681 744 Dominus
1733 707 1767 744 a
1795 690 1899 745 Ju-

241 778 627 834 dzeis.Virum
658 778 813 833 enim
847 777 1184 833 bellatorem
1217 783 1274 832 et
1296 778 1504 832 fortem
1539 795 1898 849 quemquam

242 885 361 923 non
395 867 635 933 habent,
670 866 770 921 sed
804 883 1010 922 omnes
1041 871 1180 921 sunt
1212 867 1428 921 infirmi
1481 871 1539 920 et
1588 866 1741 939 pleni
1792 867 1900 921 for-

241 954 490 1011 midine.
527 955 587 1008 In
619 954 728 1008 hoc
760 971 991 1026 quoque
1015 960 1257 1027 apparet
1287 955 1634 1026 eosjudices
1664 973 1776 1009 non
1803 954 1901 1008 ha-

240 1045 403 1109 bere,
437 1042 577 1116 quia
608 1043 718 1115 ipsi
743 1042 1091 1114 judicantur
1121 1060 1156 1097 a
1184 1043 1466 1098 Romanis
1508 1042 1895 1114 principibus.

242 1132 540 1205 Propheta
562 1149 757 1200 verus,
792 1148 1083 1204 senexque
1114 1131 1373 1203 sapiens,
1392 1132 1521 1202 jam
1567 1131 1742 1187 desiit
1771 1149 1900 1189 esse

240 1230 309 1276 εγ
343 1221 483 1276 illis.
517 1222 586 1276 Et
615 1238 730 1276 non
763 1219 952 1275 solum
986 1219 1154 1287 alios,
1186 1221 1284 1274 sed
1319 1219 1495 1275 etiam
1540 1220 1701 1291 ipsos
1746 1221 1896 1276 ario-

240 1310 332 1365 los
371 1313 503 1381 (pro
549 1309 765 1381 quibus
814 1308 1198 1381 Septuaginta
1252 1309 1480 1363 divinos
1529 1308 1898 1380 interpretati

240 1399 408 1469 sunt)
437 1396 687 1452 abstulit
712 1396 999 1452 Dominus
1031 1397 1104 1452 ab
1146 1396 1251 1452 eis.
1284 1396 1461 1451 Arioli
1515 1400 1711 1452 autem
1760 1403 1901 1453 sunt

240 1488 664 1554 incantatores,
691 1485 789 1558 qui
819 1486 1177 1557 quibusdam
1232 1485 1726 1541 incantationibus
1777 1503 1899 1542 rem

234 1579 557 1649 peragunt.
589 1575 696 1630 Per
719 1589 869 1647 quos
900 1573 1078 1629 etiam
1121 1573 1468 1646 plerumque
1518 1575 1716 1630 futura
1755 1592 1898 1647 prze-

237 1665 541 1730 dieantur,
573 1664 729 1719 sicut
756 1663 826 1717 de
873 1661 1111 1718 Balaam
1144 1663 1329 1732 (Num.
1382 1664 1538 1732 xxxv)
1587 1663 1769 1718 ariolo
1818 1664 1899 1718 le-

228 1753 463 1828 gimus,
497 1755 558 1808 et
595 1752 667 1807 de
716 1750 931 1807 divinis
979 1750 1030 1820 (I
1055 1751 1184 1820 Reg.
1215 1753 1299 1821 v1)
1348 1750 1610 1822 quinque
1661 1750 1899 1806 urbium

234 1842 712 1898 Pbilistinorum.
764 1840 984 1895 Sensus
1036 1843 1234 1895 autem
1285 1842 1394 1907 est,
1447 1841 1601 1912 quod
1661 1857 1795 1895 vera
1843 1843 1902 1894 et

224 1928 396 1986 falsa
423 1930 644 2002 pariter
664 1946 698 1984 a
717 1928 935 1984 Judmis
967 1929 1329 1983 auferantur.

313 2042 343 2069 κ
378 2005 712 2091 Principem
743 2033 920 2089 super
948 2016 1401 2091 quinquaginta,
1420 2022 1477 2073 et
1499 2017 1901 2073 honorabilem

235 2102 436 2174 vultu,
462 2111 522 2163 et
549 2106 929 2162 consiliarum
962 2106 1284 2178 sapientem
1333 2107 1404 2162 de
1453 2106 1813 2174 architectis,
1846 2110 1903 2161 et

236 2198 598 2270 prudentem
628 2195 842 2266 eloquii
876 2194 1131 2268 mystici.
1166 2217 1194 2245 »
1233 2196 1294 2250 In
1325 2195 1435 2251 hoc
1484 2195 1609 2250 loco
1658 2212 1692 2249 a
1738 2199 1903 2267 parte

230 2290 441 2342 totum
473 2284 845 2357 accipientes,
880 2300 983 2356 per
1014 2283 1339 2356 principem
1381 2301 1561 2356 super
1610 2282 1899 2356 quinqua-

234 2372 547 2446 ginta(qui
566 2373 1515 2445 quinquagenariusnuncupatur)
1530 2389 1731 2427 omnes
1749 2370 1902 2443 prin-

232 2462 411 2535 cipes
442 2454 781 2518 Judmorum
815 2459 1199 2533 intelligimus
1226 2477 1355 2516 esse
1377 2460 1783 2515 ablatos.Inter
1801 2477 1902 2515 ca:-

226 2556 410 2607 teras
441 2567 674 2622 quoque
704 2549 1137 2622 gratias,etiam
1164 2549 1274 2604 hoe
1304 2549 1527 2605 auferet
1553 2549 1837 2604 Dominus
1868 2566 1903 2604 a

231 2638 508 2694 Iudaeis:
544 2641 610 2692 ut
639 2636 866 2692 nullum
902 2638 1156 2693 habeant
1187 2636 1586 2692 honorabilem
1608 2637 1899 2709 vultu,qui

230 2744 353 2801 pro
388 2744 499 2783 sua
528 2727 852 2782 reverentia
880 2726 1224 2782 honorctur:
1245 2726 1475 2781 nullum
1500 2726 1895 2793 eonsiliarum,

220 2815 342 2872 sed
379 2820 595 2871 cuncta
628 2815 843 2871 facient
888 2815 1111 2886 absque
1159 2814 1421 2870 consilio.
1457 2815 1900 2886 Principemque

226 2905 562 2973 artificum,
580 2903 772 2977 qualis
807 2904 915 2959 fuit
940 2902 1188 2959 Beseleel
1210 2923 1222 2972 ;
1247 2907 1304 2958 et
1321 2905 1662 2975 prudentem
1682 2902 1899 2973 eloquii

233 2992 508 3067 mystici,
557 2992 616 3047 id
664 2996 772 3061 est,
823 2994 1171 3064 prudentem
1222 2993 1538 3060 doctorem,
1581 2992 1679 3063 qui
1731 2992 1900 3046 docet

216 3083 486 3155 eloquia
515 3081 765 3155 mystica
794 3081 911 3137 sive
940 3081 1170 3151 divina;
1195 3081 1302 3150 vel,
1334 3086 1399 3136 ut
1428 3082 1668 3153 quidam
1698 3080 1901 3135 volunt

228 3172 462 3240 "dicere,
478 3172 824 3244 prudentem
858 3171 1319 3243 auditorem,qui
1353 3170 1540 3243 possit
1569 3171 1899 3226 discernere

1309 378 1716 443 CGMMENT.
1764 382 1839 441 ΙΝ
1886 382 2175 444 lSAIAM.
2224 420 2300 428 ——
2344 386 2494 447 LIB.
2540 387 2588 448 Ι.

238 511 613 586 prophetam,
635 516 693 567 et
720 510 1033 579 hariolum,
1064 517 1121 567 et
1145 528 1367 571 senem.
1406 536 1427 563 ιι
1459 512 1754 568 Subaudis
1786 530 1889 568 au-
1926 519 1976 586 Α

3496 388 3649 460 ’738

2084 539 2105 564 ι
2140 516 2209 571 Et
2237 517 2417 574 irruet
2447 519 2719 591 pepulus,
2736 521 2824 576 vir
2844 523 2912 577 ad
2942 523 3225 596 virum,et
3247 528 3654 601 unusquisque

2008 604 2079 657 ad
2112 606 2439 675 proximum
2472 610 3332 686 suum.’l‘umultuabiturpuer
3349 619 3553 673 contra
3572 633 3658 674 se-

2010 698 2240 758 nem,et
2272 693 2547 764 ignobilis
2580 702 2782 752 contra
2814 698 3091 753 nobilem.
3117 723 3142 747 ››
3173 702 3317 756 Cum
3345 705 3507 775 pueri
3531 705 3656 760 fue-

2008 779 2125 833 rint
2158 781 2454 853 principes
2482 800 2705 851 ecrum,
2725 790 2782 840 et
2802 786 3114 842 effeminati
3135 782 3352 845 fuerint
3372 792 3455 846 eis
3474 792 3655 847 domi-

2007 868 2152 933 nati,
2188 873 2326 923 tunc
2360 871 2563 941 utique
2596 890 2699 927 nec
2732 874 2936 940 mtatis,
2972 892 3075 930 nec
3121 876 3425 949 dignitatis
3473 879 3655 936 ullius

2008 957 2150 1010 ordo
2174 958 2527 1012 servabitur:
2557 960 2655 1013 sed
2692 960 2876 1015 irruet
2905 962 3024 1018 sive
3053 972 3363 1039 consurget
3403 967 3654 1039 populus

2010 1044 2289 1100 adversus
2318 1047 2725 1118 semetipsum,
2758 1048 2950 1104 soluto
2983 1051 3193 1107 fmdere
3224 1054 3383 1124 pacis
3404 1059 3460 1109 et
3478 1055 3656 1111 civili-

2008 1132 2179 1187 tatis:
2201 1132 2288 1186 vir
2316 1134 2539 1189 scilicet
2569 1140 2773 1191 contra
2802 1137 3013 1207 virum,
3048 1146 3105 1193 et
3136 1144 3543 1215 unusquisque
3559 1145 3657 1200 ad-

2006 1236 2209 1276 versus
2230 1220 2558 1292 proximum
2581 1241 2779 1279 suum.
2797 1224 2947 1280 Puer
2966 1243 3200 1299 quoque
3220 1232 3656 1288 aetatemurmu-

2009 1307 2161 1362 rabit
2190 1314 2392 1364 contra
2423 1328 2644 1380 Senem,
2678 1313 2797 1367 sive
2826 1313 3047 1369 stultus
3076 1320 3277 1371 contra
3295 1318 3615 1389 sapientem
3639 1338 3652 1388 ;

2007 1402 2065 1450 et
2092 1396 2369 1466 ignobilis
2401 1404 2604 1454 contra
2631 1401 2908 1457 nobilem.
2942 1402 3035 1457 Sic
3086 1404 3152 1458 fit
3200 1403 3547 1478 plerumque
3596 1407 3657 1462 in

2008 1491 2214 1540 sancta
2244 1487 2766 1560 Ecclesia,propter
2792 1496 3028 1562 peccata
3058 1492 3278 1564 populi.
3296 1495 3662 1551 Auferuntur

2005 1573 2163 1628 enim
2194 1574 2488 1645 principes
2517 1574 2589 1631 ad
2623 1576 2894 1633 bellanda
2924 1579 3122 1650 praelia
3172 1580 3403 1636 Domini
3456 1583 3657 1653 fortes,

2008 1666 2379 1734 rectoresque
2401 1663 2656 1736 religiosi
2670 1679 2688 1723 :
2702 1665 2797 1737 qui
2823 1665 3051 1736 plebem
3065 1668 3165 1723 Dei
3187 1671 3513 1727 secundum
3530 1672 3661 1744 ejus

2010 1750 2293 1823 placitum
2349 1756 2635 1806 noverunt
2680 1769 2900 1825 regere,
2942 1755 3263 1810 consiliarii
3319 1773 3573 1830 quoque,
3601 1764 3661 1815 et

2008 1839 2277 1894 doctores
2298 1840 2635 1911 prudentes.
2655 1841 2866 1913 Sicque
2885 1843 3268 1899 confunditur
3283 1846 3477 1902 omnis
3491 1848 3654 1917 ordo,

2011 1932 2068 1983 et
2097 1928 2402 2001 consurgit
2428 1928 2518 1983 vir
2545 1934 2748 1985 contra
2777 1931 3017 1985 fratrem
3051 1948 3226 1988 suum
3253 1950 3267 1988 :
3300 1949 3447 2006 puer
3474 1934 3659 1992 sumit

2011 2016 2317 2071 audaciam
2349 2018 2758 2072 murmurandi
2787 2022 2990 2074 contra
3038 2036 3260 2090 senem,
3294 2027 3352 2077 et
3380 2023 3657 2096 ignobilis

2011 2121 2239 2178 genere,
2273 2110 2329 2160 et
2357 2106 2793 2161 conversatione
2825 2124 3076 2175 morum,
3109 2113 3313 2165 contra
3341 2111 3618 2167 nobilem.

2083 2218 2110 2243 ‹‹
2145 2195 2556 2266 Apprehendet
2603 2195 2691 2249 vir
2739 2196 2974 2251 fratrem
3026 2214 3225 2265 suum,
3269 2200 3656 2256 domesticum

2010 2283 2193 2355 patris
2224 2283 2379 2351 sui,«
2408 2284 2461 2338 id
2496 2285 3212 2358 est,vernaculum,quem
3228 2292 3394 2359 pater
3411 2290 3661 2359 ejnsnu-

2011 2371 2355 2427 trivit.Dum
2388 2372 2590 2427 civitas
2623 2373 2985 2429 Hierusalem
3018 2375 3323 2432 obsidione
3343 2372 3662 2434 vallaretur

2011 2478 2045 2515 a
2068 2462 2325 2516 Romano
2356 2461 2833 2529 exercitu,Judazi
2866 2463 3019 2518 infra
3039 2465 3255 2519 moenia
3272 2483 3389 2521 sua:
3411 2465 3661 2523 civitatis

2010 2549 2290 2617 conclusi,
2325 2549 2380 2603 in
2417 2555 2534 2605 tres
2566 2555 2759 2621 partes
2791 2556 2957 2607 erant
2986 2552 3179 2607 divisi.
3212 2552 3323 2608 Alii
3365 2555 3658 2626 siquidem

2010 2638 2294 2708 templum
2329 2656 2640 2709 arcemque
2664 2640 2801 2694 Sion
2824 2640 3122 2711 tenebant,
3146 2640 3243 2695 alii
3266 2659 3399 2697 vero
3432 2647 3658 2714 partem

2008 2726 2367 2797 superiorem
2387 2727 2657 2793 civitatis,
2675 2732 2849 2798 atque
2880 2727 2977 2781 alii
3009 2728 3661 2801 inferioremzetquem-

2007 2832 2237 2885 cunque
2260 2815 2394 2886 quis
2414 2816 2641 2871 volebat
2652 2810 2764 2870 sibi
2788 2816 3109 2887 principem
3124 2817 3658 2888 constituebat,non

2008 2903 2197 2959 solum
2211 2904 2586 2958 vernaculum
2602 2902 2785 2975 patris
2798 2904 2887 2958 sui
2900 2904 3018 2970 ,sed
3032 2903 3207 2959 etiam
3228 2903 3408 2959 alium
3424 2906 3652 2962 dicens:

2008 3015 2035 3042 ‹‹
2070 2992 2492 3047 Vestimentum
2518 2991 2623 3046 tibi
2655 2997 2762 3059 est,
2782 2992 3055 3064 princeps
3081 2996 3205 3048 esto
3232 2995 3651 3052 noster.Ruina

2008 3085 2202 3135 autem
2236 3080 2356 3135 haec
2378 3081 2487 3135 sub
2520 3097 2698 3135 manu
2724 3085 2845 3135 tua.
2878 3100 2905 3131 ιι
2944 3081 3013 3135 Et
3041 3084 3133 3135 est
3163 3098 3373 3138 sensus
3410 3099 3422 3137 :
3460 3083 3650 3140 Habes

2007 3169 2202 3223 cibum
2237 3174 2295 3224 et
2321 3169 2758 3237 vestimentum,
2790 3172 2914 3225 esto
2946 3169 3116 3226 nobis
3148 3170 3420 3244 princeps
3453 3189 3467 3227 :
3522 3174 3652 3228 tan-

228 3260 722 3334 praedicationem
754 3260 1016 3315 docentis
1048 3278 1060 3315 :
1096 3259 1262 3315 illum
1297 3260 1522 3315 auferet
1551 3260 1622 3314 ab
1656 3258 1760 3315 eis.
1785 3260 1894 3314 Ad-
1932 3262 1975 3328 ί]
2005 3259 2331 3323 tummodo,
2366 3263 2429 3313 ut
2476 3257 2687 3313 liberes
2732 3275 2839 3314 nos
2885 3259 2960 3313 ab
3009 3258 3319 3330 ingruente
3369 3261 3544 3329 fame,
3596 3264 3656 3317 et

234 3350 526 3406 miranda
553 3353 642 3404 est
672 3349 831 3405 enim
864 3349 1155 3406 sententia
1184 3350 1492 3421 cujusdam
1535 3354 1715 3422 poetae
1746 3349 1899 3404 Grae-

228 3438 286 3493 'ci
326 3457 343 3493 :
383 3436 487 3509 qui
522 3435 666 3491 dicit
696 3436 955 3509 primum
982 3451 1111 3491 esse
1142 3436 1377 3491 beatum
1409 3434 1510 3507 qui
1542 3451 1645 3508 per
1692 3451 1753 3491 se
1802 3451 1899 3489 sa-

228 3526 370 3600 piat
402 3543 418 3581 :
450 3525 804 3593 secundum,
839 3525 939 3597 qui
971 3525 1294 3597 sapientem
1326 3522 1549 3580 audiat.

305 3638 341 3665 ι(
379 3615 454 3670 Et
483 3614 636 3671 dabo
668 3628 880 3687 pueros
911 3611 1203 3685 principes
1234 3629 1457 3680 eorum,
1497 3617 1555 3668 et
1582 3611 1901 3669 effeminati

233 3702 718 3761 dominabuntur
743 3703 850 3759 eis.
870 3724 898 3751 »
932 3702 1229 3773 Loquente
1260 3718 1329 3757 ex
1353 3718 1604 3776 persona
1634 3718 1743 3757 sua
1775 3717 1902 3773 pro-

224 3794 521 3867 phetaea
549 3808 678 3865 quae
709 3791 982 3864 superius
1027 3790 1187 3846 dicta
1237 3795 1397 3861 sunt,
1443 3791 1637 3845 subito
1687 3806 1900 3846 secun-

222 3878 384 3938 dum
417 3886 644 3936 morem
680 3879 1110 3953 propheticum,
1144 3879 1403 3951 loquitur
1423 3896 1492 3934 ex
1520 3896 1768 3951 persona
1791 3893 1901 3934 sua

230 3977 397 4027 Deus
423 3984 532 4043 per
556 3969 921 4043 prOphetam,
937 3969 1137 4024 dicens
1161 3985 1174 4024 :
1199 3968 1359 4023 Dabo
1381 3985 1590 4040 pueros
1610 3967 1900 4041 principes

224 4070 473 4127 eorum,
507 4057 567 4113 id
598 4062 713 4124 est,
744 4057 995 4113 sublatis
1028 4057 1122 4112 bis
1171 4074 1320 4130 quos
1366 4061 1501 4112 ante
1547 4056 1897 4111 donaveram

226 4149 570 4222 principes,
619 4146 890 4203 videlicet
948 4146 1476 4220 quinquagenario,
1525 4161 1800 4218 seneque,
1841 4150 1901 4201 et

222 4239 537 4312 prudente
568 4235 903 4292 consiliario
935 4253 949 4292 :
985 4254 1089 4309 pro
1121 4236 1214 4291 his
1244 4236 1393 4291 dabo
1424 4235 1717 4308 principes
1736 4233 1901 4290 lasci-

228 4347 360 4397 vos,
397 4330 460 4383 et
491 4325 832 4395 dissolutos,
867 4343 1029 4382 more
1061 4326 1536 4398 puerorum.Non
1558 4325 1715 4380 enim
1757 4340 1894 4396 pue-

227 4423 334 4474 ros
369 4416 750 4473 solummodo
782 4419 949 4471 aetate
977 4415 1260 4471 debemus
1293 4414 1635 4487 intelligere,
1656 4413 1758 4468 sed
1784 4429 1901 4468 mo-

226 4506 406 4562 ribus
436 4509 503 4561 et
531 4504 988 4561 conversatione.
1020 4505 1100 4561 De
1137 4502 1351 4560 talibus
1383 4503 1580 4575 pueris
1618 4503 1899 4577 principi-

231 4596 347 4651 bus
380 4594 447 4650 in
482 4592 833 4650 Ecclesiaste
863 4593 1115 4667 legimus
1143 4610 1155 4648 :
1201 4617 1227 4643 «
1260 4593 1355 4647 Va:
1391 4591 1517 4660 tibi,
1551 4595 1706 4647 terra
1728 4593 1900 4663 cujus

228 4703 335 4742 rex
374 4684 622 4757 juvenis
662 4687 751 4740 est
790 4683 1058 4756 (Eccl.x)l
1095 4684 1155 4738 id
1187 4687 1296 4751 est,
1323 4680 1664 4753 juvenilitcr
1694 4697 1895 4753 agens.

227 4774 405 4831 Talis
437 4772 557 4827 fuit
604 4772 859 4828 Roboam
895 4772 1017 4845 qui,
1053 4773 1325 4845 despecto
1374 4770 1616 4825 consilio
1667 4787 1897 4837 senum,

226 4868 490 4920 secutus
537 4866 629 4918 est
675 4862 922 4918 consilia
958 4863 1243 4932 juvenum
1294 4860 1396 4930 (II!
1436 4861 1560 4931 Reg.
1594 4862 1716 4927 xu).
1751 4859 1897 4925 Non,

229 4952 401 5026 quod
436 4967 588 5025 puer
612 4955 715 5005 aut
735 4950 973 5022 juvenis
1005 4953 1160 5005 esset
1190 4952 1355 5004 aetate
1397 4948 1634 5020 quando
1681 4945 1903 5018 accepit

224 5056 527 5115 regnum,
559 5044 761 5112 utpote
792 5040 946 5111 quod
979 5039 1367 5113 quadraginta
1400 5054 1499 5092 sex
1546 5040 1671 5091 erat
1720 5052 1900 5090 anno-

229 5148 401 5199 rum,
438 5129 546 5185 sed
582 5130 737 5200 quod
772 5127 1074 5201 pueriliter
1097 5126 1299 5199 gessit,
1323 5130 1378 5180 et
1410 5125 1904 5191 dissolute.Quod-

230 5233 355 5293 que
387 5218 685 5291 sequitur,
705 5221 763 5273 et
793 5214 1111 5273 effeminati
1141 5214 1606 5270 dominabuntur
1632 5213 1901 5281 eis,idem

220 5325 464 5365 sensus
497 5310 604 5362 est.
638 5305 968 5362 Etl'eminati
1018 5308 1214 5360 autem
1265 5306 1422 5370 sunt,
1457 5301 1556 5373 qui
1611 5301 1902 5379 fortitudi-

232 5413 381 5453 nem
414 5394 921 5467 stabilitatemque
944 5393 1171 5449 virilem
1189 5394 1249 5448 in
1272 5391 1583 5447 femineam
1597 5389 1900 5446 mollitiem

121 5511 125 5514 ~
220 5484 470 5542 habent
518 5484 842 5540 redactam.
877 5483 1049 5539 Tales
1079 5486 1222 5538 sunt
1259 5479 1434 5535 hodie
1466 5478 1763 5552 principes
1791 5479 1901 5535 Ju-

224 5575 532 5645 dasorum,
560 5572 868 5646 pueriliter
906 5571 1176 5628 videlicet
1220 5572 1432 5627 cuncta
1478 5573 1734 5642 agentes,
1769 5567 1899 5623 nul-

223 5663 484 5737 liusq‘ue
510 5662 747 5719 virtut-is
776 5662 1115 5719 existentes.

2012 3346 2249 3402 miseria
2281 3352 2482 3403 nostra
2509 3350 2610 3402 tuo
2644 3351 2950 3402 sustentur
2978 3347 3214 3404 auxilio.

2081 3459 2107 3485 ‹‹
2145 3435 2657 3508 Respondebitque
2684 3436 2744 3490 in
2774 3436 2868 3492 die
2908 3435 3009 3492 illa
3056 3437 3257 3494 dicens
3289 3453 3302 3493 :
3346 3438 3472 3494 Non
3519 3455 3653 3495 sum

2009 3524 2296 3593 medicus,
2323 3529 2380 3580 et
2407 3524 2467 3580 in
2497 3525 2671 3581 domo
2703 3541 2835 3581 mea
2864 3542 2980 3581 non
3012 3529 3101 3581 est
3130 3526 3299 3598 panis
3329 3543 3517 3599 neque
3535 3542 3656 3583 ves-

2006 3614 2325 3669 timentum
2359 3630 2373 3668 :
2409 3614 2588 3669 nolite
2619 3613 2971 3670 constituere
2996 3630 3090 3669 me
3114 3613 3437 3686 principem
3469 3630 3653 3685 popu-

2009 3702 2071 3757 li.
2095 3727 2117 3755 ι
2155 3703 2546 3759 Considerans
2574 3705 2648 3770 is,
2663 3704 2761 3775 qui
2793 3703 3011 3758 electus
3028 3702 3275 3758 fueritin
3307 3703 3653 3774 principem,

2006 3795 2411 3863 paupertatem
2443 3797 2500 3847 et
2529 3791 2988 3847 imbecillitatem
3021 3807 3212 3858 suam,
3244 3790 3651 3862 respondebit:

2009 3881 2133 3935 Non
2167 3898 2298 3935 sum
2331 3880 2650 3952 (inquiens)
2681 3879 2966 3947 medicus,
2998 3879 3053 3933 id
3104 3883 3213 3945 est,
3248 3897 3363 3934 non
3407 3892 3654 3951 possum

2005 3972 2259 4023 vestram
2315 3968 2724 4024 necessitatem
2777 3967 3064 4040 implere:
3114 3968 3255 4040 quia
3306 3985 3421 4023 non
3467 3968 3654 4025 habeo

2007 4074 2239 4130 panem,
2276 4073 2463 4129 neque
2491 4056 2928 4111 vestimentum.
2961 4060 3325 4129 Quapropter
3354 4056 3530 4112 nolite
3561 4066 3657 4113 me

2015 4146 2369 4201 constituere
2400 4145 2747 4218 principem.

2080 4258 2106 4284 (ι
2145 4235 2283 4289 Ruit
2319 4236 2474 4290 enim
2508 4234 2893 4305 Hierusalem,
2925 4239 2982 4290 et
3009 4235 3163 4291 Juda
3192 4235 3447 4291 concidit
3477 4252 3491 4291 :
3520 4236 3661 4308 quia

2006 4324 2209 4398 lingua
2239 4341 2441 4379 eorum
2474 4328 2531 4379 et
2551 4324 2996 4381 adinventioncs
3013 4342 3216 4381 eorum
3248 4329 3449 4381 contra
3471 4324 3663 4381 Domi-

2008 4431 2173 4481 num,
2208 4417 2273 4468 ut
2305 4416 2684 4486 provocarent
2713 4412 2913 4469 oculos
2944 4414 3268 4485 majestatis
3297 4415 3445 4485 ejus.
3470 4435 3498 4463 »
3532 4415 3658 4470 Non

2008 4502 2269 4575 loquitur
2298 4503 2407 4557 hoc
2438 4502 2554 4571 ille,
2590 4520 2765 4574 quem
2799 4502 3121 4574 principem
3152 4501 3422 4556 volebant
3447 4503 3662 4556 consti-

2011 4596 2194 4661 tuere,
2227 4593 2329 4646 sed
2360 4591 2553 4664 potius
2585 4591 2887 4663 propheta,
2924 4590 3022 4662 qui
3055 4589 3198 4644 dicit
3228 4588 3445 4643 idcirco
3471 4589 3656 4644 nemi-

2008 4699 2141 4737 nem
2188 4681 2333 4736 velle
2380 4679 2595 4752 populo
2646 4679 2931 4750 peccatori
2998 4694 3266 4751 praeesse,
3318 4677 3455 4750 quia
3510 4678 3653 4733 urbs

2009 4768 2369 4825 Hierusalem
2390 4768 2663 4823 etJudaaa
2690 4766 2987 4838 provincia
3006 4766 3223 4838 pariter
3238 4772 3583 4822 corruerunt
3598 4767 3659 4822 in

2010 4874 2221 4913 manus
2252 4856 2533 4911 hostium.
2551 4858 2887 4927 Causasque
2909 4855 3096 4911 reddit
3118 4856 3436 4927 impietatis
3456 4869 3658 4910 eorum

2010 4952 2184 5018 atque
2218 4945 2589 5016 perditionis:
2621 4946 2775 5016 quod
2809 4950 3011 5000 contra
3041 4944 3356 5000 Dominum
3388 4942 3658 5015 blasphe-

2010 5038 2318 5089 maverunt
2346 5032 2625 5101 dicentes,
2653 5056 2679 5083 ‹‹
2715 5034 3076 5088 Βωῐηοηὶυη]
3110 5034 3314 5104 habes,
3346 5054 3374 5081 ››
3406 5036 3480 5100 et,
3502 5055 3529 5081 ‹‹
3554 5031 3657 5087 Sa-

2012 5122 2432 5187 maritanuses,
2450 5126 2548 5177 net
2565 5146 2591 5171 ‹‹
2610 5122 2763 5176 Reus
2789 5127 2878 5177 est
2899 5122 3125 5187 mortis,
3146 5144 3172 5171 ››
3196 5126 3253 5175 et
3280 5143 3307 5171 ‹‹
3331 5119 3655 5191 Crucifige»

2010 5210 2529 5282 talem,multaque
2552 5210 2644 5266 his
2678 5210 2897 5265 similia
2919 5210 3092 5282 (Joan.
3122 5227 3252 5277 vm;
3278 5209 3460 5265 Matth.
3488 5225 3617 5264 xxv1
3642 5225 3660 5276 ;

2015 5303 2142 5356 Luc.
2185 5304 2369 5368 XXIII).
2401 5298 2853 5354 Adinventiones
2884 5314 3116 5370 quoque
3148 5315 3287 5353 suas
3316 5302 3519 5354 contra
3547 5298 3659 5353 Do-

2012 5390 2240 5445 minum
2275 5386 2662 5460 protulerunt,
2697 5387 2932 5458 quando
2963 5390 3366 5458 opposuerunt
3395 5384 3445 5441 ci
3480 5384 3661 5442 falsos

2008 5475 2608 5545 testes,dicentes:llic
2620 5475 2782 5541 dixit,
2799 5491 3041 5546 possum
3055 5476 3357 5532 destruere
3372 5474 3659 5547 templum

2004 5570 2119 5624 hoc
2142 5584 2275 5622 man
2285 5565 2633 5631 ufactum,et
2653 5563 2924 5635 intriduo
2938 5563 3096 5620 aliud
3119 5580 3233 5620 non
3251 5564 3660 5620 manufactum

2008 5655 2382 5717 reaediﬁcare.
2414 5654 2776 5728 Quapropter
2805 5646 3006 5711 oculos
3034 5652 3362 5729 majestatis
3396 5651 3658 5728 Domini,
