4048 6190
436 338 554 400 739

862 296 1272 394 HA-YMONIS
1303 323 1840 388 HALBERSTAT.
1879 323 2121 386 EPISC.
2153 323 2326 384 opp.
2359 324 2561 386 mas
2593 323 2642 385 1.
2674 357 2752 368 —
2781 323 3192 388 COMMENT.
3223 322 3421 388 BIBL.

3723 326 3840 388 7L0

438 471 500 528 id
531 470 978 541 est,respectum
1001 459 1411 518 misericordia:
1433 458 1594 515 illius
1613 462 1670 514 et
1689 456 2080 529 clementiam,
2111 458 2165 525 Α
2195 461 2363 513 erant
2393 457 2595 526 dediti,
2630 463 2696 514 ut
2723 457 2774 514 si
2805 474 2908 530 per
2934 457 3135 514 omnia
3161 475 3280 514 non
3327 457 3726 516 reddidissent
3757 477 3844 517 eo-

444 563 517 619 ad
537 555 992 618 amaritudinem
1015 551 1490 624 provocaverunt.
1508 547 1667 604 Licet
1700 547 1857 602 enim
1880 547 2092 602 Roma-

443 651 528 719 ni,
559 649 844 720 quantum
877 643 948 698 ad
982 657 1045 697 se
1072 639 1368 713 pbrtinent
1397 641 1632 711 propter
1659 636 1770 692 hoc
1806 634 2090 702 venerint,

443 739 582 812 quia
610 735 900 792 tributum
932 729 1258 787 rcnuebant
1286 725 1634 800 persolvere,
1668 741 1850 780 causa
1893 727 2090 779 tamen

443 810 790 900 perditionis
818 821 1055 876 illorum
1086 834 1245 872 mors
1279 815 1406 872 Filii
1439 814 1540 870 Dei
1572 814 1702 870 fuit.
1735 815 1805 868 Et
1853 811 1994 884 quia
2021 810 2090 865 il-

441 915 564 972 lum
596 913 1056 987 provocaverunt
1084 907 1157 961 ad
1187 904 1642 961 amaritudinem
1675 919 1688 957 :

516 1026 545 1056 «
565 1002 800 1077 Agnitio
830 999 1030 1054 vultus
1059 1011 1260 1052 eorum
1293 993 1668 1065 respondebit
1713 991 1820 1056 eis,
1856 1014 1884 1039 ι»
1916 989 1973 1044 id
2003 991 2092 1043 est

441 1092 696 1167 cognitio
709 1089 860 1162 quod
871 1131 886 1156 ,
901 1087 980 1142 Cb
992 1085 1197 1140 ristum
1219 1083 1481 1137 videntes
1501 1080 1562 1136 in
1575 1097 1708 1136 earn
1718 1078 1868 1147 e,nol
1879 1081 2092 1134 uerunt

441 1183 500 1238 in
514 1198 650 1238 eum
663 1171 1436 1245 credereltespondebitque
1447 1170 1532 1225 eis
1544 1167 2090 1239 Dominus,quando

442 1269 620 1344 positi
669 1269 730 1322 in
779 1263 1017 1321 miseria
1063 1266 1120 1317 et
1176 1257 1575 1324 tribulatione,
1629 1256 2091 1312 recordabuntur

443 1342 679 1433 propter
707 1369 909 1410 necem
943 1350 1072 1408 Filii
1105 1348 1207 1405 Dei
1237 1349 1359 1404 ιιωο
1391 1347 1502 1402 sibi
1535 1342 2088 1433 advenisse.V_elali-

443 1431 560 1506 ter:
575 1443 808 1520 Agnitio
833 1440 1028 1498 vultus
1051 1454 1253 1494 eorum
1276 1433 1650 1508 respondebit
1679 1433 1785 1501 eis,
1818 1431 1958 1504 quia
1981 1447 2089 1486 sua

443 1536 788 1608 receperunt
815 1526 1173 1604 peccata,vel
1205 1529 1340 1580 ante
1370 1523 1571 1580 oculos
1603 1521 1818 1578 mentis
1858 1537 2090 1592 semper

441 1625 773 1682 habuerunt
788 1614 1262 1692 prepriadelicta.
1277 1637 1304 1663 «
1321 1613 1712 1684 Etpeccatum
1731 1626 1903 1666 suum
1917 1608 2088 1682 quasi

440 1714 696 1770 Sodoma
725 1706 1206 1781 praedicaverunt,
1237 1718 1344 1757 nec
1374 1699 1829 1756 absconderant.
1857 1718 1884 1750 ο
1923 1698 2088 1753 Sicut

441 1798 754 1858 Sodomitaa
804 1793 1075 1850 nefandis
1122 1789 1474 1846 criminibus
1517 1787 1830 1860 inquinati,
1863 1787 2084 1843 invere-
2111 1829 2160 1895 Β

438 1889 629 1946 cunde
641 1886 916 1942 dixerunt
934 1883 1007 1937 ad
1035 1879 1200 1946 Loth,
1213 1879 1373 1934 Educ
1392 1879 1548 1933 viros
1571 1879 1726 1933 foras
1737 1879 1803 1931 ut
1817 1893 2087 1932 concum-

441 1979 654 2034 bamus
683 1991 819 2030 cum
849 1971 936 2028 eis
957 1987 972 2026 :
996 1969 1079 2024 ita
1108 1972 1167 2024 et
1195 1966 1292 2023 isti
1322 1966 1544 2022 eisdem
1577 1964 1828 2038 peccatis
1853 1963 2084 2029 irretiti,

439 2065 814 2138 impudenter
859 2064 918 2116 et
957 2059 1180 2129 absque
1227 2055 1386 2112 omni
1437 2054 1755 2110 reverentia
1779 2057 2083 2126 peccatum

437 2171 612 2213 suum
627 2151 1106 2226 prmdicaverunt,
1121 2144 1239 2202 accl
1248 2149 1514 2200 amantes
1529 2148 1730 2198 contra
1741 2140 2079 2196 Dominum:

437 2243 745 2314 Cruciﬁge,
764 2237 1038 2308 cruciﬁge
1059 2235 1240 2290 istum
1257 2233 1269 2288 l
1288 2233 1374 2300 Et,
1391 2233 1546 2288 Reus
1565 2237 1654 2286 est
1673 2230 1896 2285 mortis.
1920 2229 2084 2284 Unde

439 2333 511 2388 ab
532 2330 734 2386 eodem
750 2323 1351 2400 propheta,principes
1362 2321 1750 2376 Sodomorum
1764 2323 1819 2373 et
1831 2317 2083 2392 populus

439 2416 774 2476 Gomorrha:
809 2411 1199 2487 appellantur.
1225 2409 1523 2466 Moraliter
1550 2411 1746 2463 autem
1771 2405 2084 2478 unusquis-

437 2525 554 2582 que
573 2510 877 2580 peccatum
901 2518 1075 2557 suum
1099 2498 1253 2555 sicut
1273 2496 1585 2572 Sodomita;
1604 2494 1990 2568 publicat,qui
2006 2495 2084 2550 vi-

438 2597 523 2653 tia
542 2595 758 2670 quibus
777 2593 902 2664 ipse
925 2593 1159 2646 tenetur
1179 2584 1683 2659 inquinatus,aliis
1699 2583 2082 2640 inverecunde

439 2685 654 2760 prodit,
669 2683 741 2738 ad
756 2683 864 2738 hoc
878 2685 939 2735 ut
955 2695 1055 2734 eos
1068 2675 1293 2733 similes
1306 2672 2082 2745 reddat,suiqueimitatores

438 2773 676 2832 efﬁciat.
693 2771 810 2827 Nec
831 2766 1050 2826 sufficit
1065 2766 1116 2822 ei
1136 2763 1574 2820 immunditiam
1592 2777 1762 2819 suam
1780 2760 1880 2816 uni
1893 2765 2084 2816 osten-

437 2865 597 2933 dere,
613 2860 728 2916 nisi
749 2859 922 2915 etiam
941 2855 1159 2912 multos
1175 2853 1286 2910 sibi
1306 2851 1528 2908 illiciat.
1553 2853 1916 2922 Quapropter
1928 2849 2084 2904 sicut

438 2949 750 3010 Sodomitas
783 2962 1022 3020 corpore
1047 2948 1105 3000 et
1123 2943 1320 3000 anima
1347 2940 1753 3014 perierunt,ita
1777 2937 1953 2994 etiam
1987 2937 2083 2993 ille

436 3041 495 3096 in
510 3040 603 3096 die
606 3039 630 3110 j
641 3036 816 3093 udicii
830 3034 1049 3108 pariter
1068 3032 1126 3087 in
1140 3046 1378 3103 corpore
1393 3032 1450 3086 et
1471 3029 1564 3085 ani
1574 3046 1670 3084 ma
1681 3026 2080 3093 damnabitur,

440 3127 686 3184 audiens
716 3142 750 3180 a
780 3123 1027 3179 Domino
1057 3119 1218 3174 illam
1267 3116 1586 3174 terribilem
1625 3132 1823 3172 vocem
1857 3131 1871 3170 :
1917 3137 1945 3164 «
1980 3115 2078 3182 Ite,

2201 562 2334 600 rum
2365 545 2612 618 subjecti
2644 564 2772 619 quis
2804 547 3104 602 reddenda
3131 550 3319 618 erant,
3353 545 3725 620 ﬂagellarent
3749 565 3842 607 eos

2201 634 2432 706 publice
2451 638 2538 691 :et
2559 634 2965 708 multipliciter
2982 635 3055 692 ab
3077 635 3164 691 eis
3194 638 3398 708 postea
3414 635 3739 710 exigerent,
3770 637 3843 694 di-

2199 727 2427 780 centes:
2452 746 2473 773 ι
2495 723 2792 796 Scriptum
2813 727 2932 780 est:
2954 723 3078 780 Non
3100 723 3411 797 apparebis
3443 723 3508 778 in
3528 732 3839 798 conspectu

2201 828 2330 866 meo
2351 829 2568 868 vacuus
2591 813 2784 882 (Exod.
2800 813 2982 884 χχιιι).
3011 835 3038 862 »
3061 813 3253 868 Potest
3269 818 3464 868 autem
3486 818 3546 868 et
3566 814 3651 869 ita
3689 815 3842 872 intel-

2201 899 2322 972 ligi,
2338 901 2492 972 quod
2516 900 2791 956 mulieres
2811 901 3124 957 dominata:
3144 900 3229 956 eis
3250 905 3408 968 sunt,
3429 902 3488 957 id
3516 907 3840 971 est,uxores

2199 988 2526 1045 scribarum
2557 994 2617 1044 et
2648 989 3094 1046 Pharisaeorum.
3121 989 3453 1046 Cavendum
3474 995 3568 1046 est
3585 1008 3750 1064 ergo,
3783 1010 3843 1050 ne

2201 1078 2467 1149 magistri
2487 1079 2868 1150 doctoresque
2889 1078 3158 1134 Ecclesia:
3188 1084 3484 1134 exactores
3511 1081 3716 1153 populi
3736 1083 3845 1139 sint

2198 1167 2594 1240 opprimentes
2625 1167 2941 1238 subjectos,
2961 1172 3026 1222 ut
3055 1166 3290 1222 illorum
3313 1167 3534 1224 divitiis
3563 1169 3842 1238 ditentur,

2196 1259 2256 1310 et
2286 1254 2590 1327 cupiditati
2612 1255 2952 1326 servientes,
2967 1254 3334 1311 muliebriter
3351 1255 3568 1312 vivant.
3588 1281 3619 1309 α
3633 1257 3846 1332 Populo

2198 1361 2386 1412 meus,
2401 1343 2501 1418 qui
2522 1345 2758 1400 beatum
2778 1348 2835 1399 te
2856 1343 3080 1411 dicunt,
3094 1342 3209 1416 ipsi
3223 1348 3275 1400 te
3285 1343 3678 1418 decipiunt,et
3696 1349 3846 1405 viam

2195 1449 2506 1507 gressuum
2536 1437 2773 1488 tuorum
2804 1431 3138 1504 dissipiant.
3171 1455 3200 1482 »
3232 1431 3446 1488 Scribis
3467 1438 3528 1490 et
3547 1434 3845 1506 Pharisaei,

2197 1522 2296 1595 qui
2329 1521 2601 1595 superius
2617 1525 2914 1577 exactores
2944 1519 3222 1593 appellati
3239 1525 3399 1588 sunt,
3416 1521 3550 1578 illos
3573 1540 3610 1580 a
3631 1525 3846 1597 quibus

2196 1627 2440 1666 munera
2455 1608 2844 1682 accipiebant,
2856 1609 3057 1666 beatos
3067 1625 3196 1665 esse
3211 1610 3486 1667 dicebant
3502 1628 3517 1668 :
3537 1613 3848 1671 adulantes

2195 1699 2280 1754 eis
2309 1715 2377 1754 ac
2405 1697 2827 1755 dicentes:Vos
2857 1697 3001 1754 estis
3018 1697 3206 1754 sancti
3217 1697 3450 1755 etelecti
3472 1701 3844 1776 omnipoten-

2195 1787 2272 1845 tis
2292 1787 2416 1858 Dei,
2447 1787 2549 1860 qui
2580 1787 2885 1844 ministros
2915 1785 3075 1842 illius
3105 1786 3427 1854 honoratis,
3457 1792 3520 1844 et
3556 1790 3846 1848 columna

2193 1879 2405 1933 domus
2435 1876 2558 1945 Dei,
2575 1875 2915 1948 ceterisque
2944 1874 3040 1931 his
3061 1875 3356 1932 similibus
3372 1877 3570 1934 verbis
3585 1879 3848 1940 adulato-

2194 1965 2298 2022 riis
2309 1964 2678 2037 decipiebant
2688 1981 2807 2032 eos,
2822 1968 2880 2020 et
2901 1964 3054 2019 viam
3078 1963 3376 2020 actionum
3401 1965 3646 2024 illorum
3663 1967 3844 2026 laudi-

2192 2055 2305 2110 bus
2335 2054 2461 2109 suis
2491 2052 2645 2108 male
2675 2051 3004 2108 extollendo
3045 2051 3415 2125 dissipabant
3449 2059 3661 2112 contra
3703 2057 3844 2116 illud

2191 2148 2457 2216 agentes:
2474 2166 2501 2192 ‹‹
2523 2142 2604 2198 Ne
2624 2141 2828 2197 laudes
2853 2141 3150 2197 hominem
3172 2141 3233 2197 in
3250 2140 3369 2198 vita
3389 2159 3500 2200 sua
3517 2145 3842 2216 (Eodem):

2268 2255 2297 2282 «
2322 2232 2450 2287 Stat
2471 2231 2540 2286 ad
2566 2229 2954 2302 judicandum
2976 2229 3280 2298 Dominus,
3313 2235 3433 2286 stat
3473 2233 3548 2288 ad
3566 2235 3843 2306 judican-

2191 2321 2332 2376 dum
2363 2318 2630 2392 populos.
2665 2341 2694 2368 ››
2728 2319 2853 2374 Νοιι
2885 2318 3047 2373 sedet
3077 2318 3150 2374 ad
3182 2317 3578 2391 judicandum
3629 2324 3706 2378 ad
3739 2324 3843 2382 hoc

2191 2413 2256 2464 ut
2306 2409 2364 2464 in
2421 2407 2691 2480 praesenti
2723 2407 2925 2480 perdat
2953 2411 3236 2480 tempore,
3271 2407 3426 2464 sicut
3455 2408 3517 2465 in
3583 2411 3842 2470 Danielis

2187 2497 2484 2554 volumine
2514 2496 2728 2569 legitur
2755 2499 2916 2565 (Dan.
2949 2501 3117 2564 xm):
3152 2496 3252 2552 sed
3287 2501 3426 2562 stat,
3457 2498 3518 2554 id
3558 2504 3675 2568 est,
3707 2519 3841 2558 con.

2191 2587 2409 2644 siderat
2435 2590 2493 2641 et
2521 2585 2802 2641 discernit
2828 2585 3097 2640 omnium
3127 2601 3332 2657 opera:
3353 2586 3556 2644 volens
3584 2593 3841 2647 statuere

2189 2693 2290 2732 eos
2335 2675 2396 2731 in
2447 2675 2560 2730 ﬁde
2609 2674 2896 2746 bonisque
2933 2673 3230 2746 operibus,
3261 2691 3516 2746 quorum
3544 2677 3642 2734 via
3669 2680 3841 2736 fuerit

2189 2763 2494 2838 dissipata.
2527 2763 2631 2818 Vel
2659 2762 2857 2830 etiam,
2890 2762 3224 2818 considerat
3252 2765 3550 2834 quomodo
3579 2767 3842 2824 benefac-

2191 2859 2347 2910 tores
2377 2853 2437 2908 in
2489 2852 2750 2908 futurum
2800 2855 3150 2920 remuneret,
3185 2850 3592 2910 malefactores
3644 2861 3837 2913 autem

2189 2960 2330 3000 suos
2361 2942 2419 2997 in
2450 2942 2714 2997 futuram
2747 2939 2974 3012 perdat.

2265 3053 2293 3084 ‹‹
2325 3030 2610 3086 Dominus
2629 3027 2999 3100 adjudicium
3014 3027 3207 3084 veniet
3222 3045 3357 3084 cum
3374 3031 3624 3089 senibus
3642 3034 3833 3108 populi

2189 3120 2306 3185 sui,
2343 3141 2370 3170 »
2406 3119 2464 3174 id
2496 3122 2758 3187 est,cum
2794 3117 3142 3190 patriarcbis
3170 3121 3227 3172 et
3255 3117 3580 3190 prophetis,
3615 3127 3675 3177 et
3703 3141 3832 3180 cum

437 3212 753 3278 maledicti,
784 3211 842 3265 in
877 3210 1070 3281 ignem
1111 3211 1391 3262 aeternum
1441 3205 1644 3278 (Matth.
1676 3221 1803 3259 xxv.
1837 3226 1866 3254 ››
1920 3226 1950 3255 ‹‹
1978 3203 2075 3258 νω
2115 3196 2158 3261 (ἒ
2197 3207 2559 3282 principibus
2587 3208 2737 3278 ejus,
2767 3205 2876 3262 hoc
2905 3210 2994 3262 est
3024 3223 3158 3262 cum
3190 3207 3591 3278 apostoliszde
3621 3213 3832 3284 quibus

437 3303 647 3359 animai
677 3315 900 3365 eorum,
933 3295 1211 3368 quoniam
1243 3293 1470 3349 reddita
1516 3297 1658 3348 sunt
1704 3292 1789 3348 eis
1838 3291 2012 3348 mala.
2046 3313 2074 3343 ››

437 3387 884 3447 Damnationem
914 3383 1134 3440 scilicet
1153 3398 1393 3438 suorum
1414 3380 1700 3437 scelerum
1725 3380 2077 3452 recipiendo.

510 3499 543 3534 ιι
569 3477 756 3535 Dicite
777 3476 962 3548 justo,
997 3471 1275 3546 quoniam
1308 3471 1475 3541 bene,
1508 3469 1786 3542 quoniam
1821 3470 2078 3524 fructum

433 3565 911 3626 adinventionum
943 3577 1183 3618 suarum
1217 3560 1545 3616 comedent.
1565 3581 1594 3610 ››
1621 3559 1898 3614 Lecturos
1927 3558 2080 3614 hanc

431 3656 796 3733 prophetiam
830 3651 1152 3724 alloquitur
1182 3649 1462 3723 propheta
1495 3665 1510 3704 :
1545 3648 1658 3704 Vos
1702 3646 1803 3720 qui
1853 3646 2080 3719 legistis

433 3748 648 3804 librum
679 3745 860 3818 hujus
891 3739 1234 3814 prophetiae,
1267 3737 1351 3795 vel
1384 3737 1483 3810 qui
1516 3735 1768 3793 audistis
1799 3735 2076 3808 perditio-

433 3853 568 3893 nem
599 3835 962 3902 Judaiorum,
993 3829 1232 3886 laudate
1261 3826 1556 3900 justitiam
1610 3825 1858 3893 Domini,
1893 3829 1950 3880 et
1995 3823 2079 3880 di-

431 3925 543 3982 cite
583 3927 769 3996 justo,
820 3921 931 3977 hoc
977 3923 1069 3976 est
1115 3917 1366 3986 Christo,
1399 3915 1677 3990 quoniam
1729 3914 1875 3971 bene
1920 3913 2074 3980 fecit,

431 4013 588 4084 quod
619 4010 874 4067 reddidit
903 4008 1124 4066 Judaais
1174 4023 1428 4079 poenam,
1475 4021 1652 4078 quam
1703 4004 2079 4075 merebantur

433 4099 668 4154 illorum
698 4096 1158 4153 adinventiones.

503 4209 532 4236 «
561 4185 657 4240 νω
672 4183 853 4256 impio
871 4183 932 4238 in
946 4182 1192 4252 malum,
1209 4183 1514 4239 retributio
1535 4199 1820 4240 manuum
1833 4183 1962 4254 ejus
1981 4181 2079 4236 ﬁet

433 4275 504 4330 ei.
553 4294 584 4324 »
629 4271 793 4338 Quod
835 4274 924 4326 est
951 4270 1145 4326 dicere
1175 4287 1189 4325 :
1218 4271 1452 4326 [Eterna
1480 4271 1728 4343 perditio
1773 4271 1966 4327 veniet
2015 4269 2076 4324 in

432 4361 648 4436 populo
677 4360 1041 4429 Judaaorum,
1073 4357 1213 4429 quia
1241 4357 1440 4430 qualia
1483 4363 1754 4431 operatus
1797 4362 1908 4426 est,
1937 4357 2080 4413 talia

430 4450 688 4524 recipiet.
709 4447 896 4505 Princi
902 4464 1032 4521 pem
1052 4464 1226 4504 suum
1241 4447 1512 4504 Romanis
1530 4446 1770 4502 tradidit
1782 4447 2074 4518 potestati,

2189 3295 2775 3368 Psalmistaloquitur
2793 3311 2806 3351 :
2827 3318 2854 3345 «
2872 3294 3204 3352 Constitues
3225 3312 3326 3352 eos
3346 3297 3648 3370 principes
3663 3318 3832 3374 super

2187 3403 2422 3443 omnem
2445 3389 2661 3440 terram
2683 3385 2910 3458 (Psalm.
2932 3384 3103 3458 κων).
3121 3407 3150 3434 ››
3187 3405 3215 3438 α
3243 3385 3359 3441 Vos
3375 3389 3578 3442 autem
3611 3389 3830 3462 depasti

2185 3476 2328 3533 estis
2355 3475 2587 3531 vincam
2619 3473 3050 3545 meam,rapina
3070 3490 3394 3546 pauperum
3419 3473 3481 3530 in
3509 3476 3686 3532 domo
3710 3493 3827 3534 ves-

2185 3569 2339 3620 tra.»
2364 3564 2577 3620 Contra
2607 3561 2830 3618 scribas
2860 3566 2918 3618 et
2949 3561 3603 3629 Pharisaeos,exactores
3615 3565 3828 3622 scilicet

2185 3652 2520 3707 Judmorum
2531 3691 2544 3716 ,
2560 3649 2820 3721 loquitur
2839 3665 3032 3705 sermo
3043 3649 3276 3706 divinus
3297 3667 3310 3706 :
3326 3651 3429 3722 qui
3448 3657 3595 3708 sunt
3609 3653 3826 3726 depasti

2185 3741 2414 3797 vineam
2446 3739 2702 3808 Domini,
2734 3738 2843 3794 hoc
2873 3743 2964 3794 est
2997 3737 3225 3810 plebem
3259 3739 3670 3810 Israeliticam,
3701 3759 3826 3816 spo-

2185 3830 2383 3886 liando
2412 3827 2575 3884 illam
2607 3828 2679 3884 de
2709 3845 2826 3900 qua
2855 3827 3073 3884 dicitur
3085 3827 3312 3900 psalmo
3339 3847 3352 3884 :
3376 3829 3628 3887 Vineam
3657 3833 3826 3888 ded!-

2185 3923 2360 3992 gypto
2409 3916 2791 3973 transtulisti.
2845 3917 3026 3972 Isaias
3077 3933 3310 3989 quoque
3349 3917 3490 3974 alibi
3527 3936 3604 3976 εα
3633 3920 3822 3990 Vinea,

2186 4009 2398 4081 inquit,
2415 4005 2646 4064 Domini
2669 4005 2937 4074 sabaoth,
2954 4006 3166 4062 domus
3191 4011 3280 4062 est
3301 4006 3482 4064 Israel
3505 4009 3685 4081 (In/ra
3701 4010 3777 4082 v.)
3797 4030 3822 4058 ι

2187 4099 2250 4155 In
2306 4113 2560 4170 quorum
2607 4095 2885 4152 domibus
2915 4099 3042 4152 erat
3069 4095 3276 4168 rapina
3304 4097 3606 4170 pauperis,
3637 4099 3694 4154 id
3721 4103 3820 4160 est,

2187 4185 2536 4252 innocentis,
2570 4183 2930 4258 pupillorum
2955 4183 3180 4240 scilicet
3207 4184 3634 4260 orphanorum,
3663 4204 3729 4244 ac
3754 4187 3823 4242 vi-

2186 4276 2438 4332 duarum
2473 4290 2485 4330 :
2511 4273 2612 4346 qui
2643 4291 2760 4329 non
2789 4273 3044 4329 habeant
3073 4271 3414 4329 facultatem
3445 4291 3511 4331 se
3539 4276 3758 4332 tuendi.

2258 4388 2286 4416 ‹‹
2317 4367 2505 4431 Quare
2525 4361 2774 4419 atteritis
2794 4383 2821 4412 ››
2857 4361 2977 4418 sive
2997 4361 3260 4434 aﬂligitis
3283 4381 3312 4416 ιι
3327 4363 3615 4436 populum
3637 4381 3818 4421 meum

2185 4458 2243 4508 et
2259 4451 2436 4508 facies
2447 4467 2794 4523 pauperum,
2816 4472 2844 4500 ››
2856 4450 2914 4506 id
2927 4454 3036 4518 est,
3049 4466 3365 4523 egenorum
3388 4468 3456 4508 ac
3473 4452 3817 4526 pupillorum

432 4545 490 4598 ει
519 4541 642 4613 ipse
681 4540 955 4630 Romana;
1003 4537 1304 4609 subjectus
1352 4540 1442 4630 est
1492 4534 1779 4630 servituti.
1809 4535 2079 4630 Refertur
2107 4566 2152 4630 Β
2189 4566 2219 4593 ‹‹
2253 4539 2608 4597 commolitis
2640 4562 2667 4589 η
2699 4539 2820 4594 sive
2848 4537 3285 4605 attenuatis,vel
3316 4539 3818 4598 conteritis?Com-

432 4635 627 4686 autem
657 4634 715 4684 et
743 4628 816 4686 ad
849 4642 1334 4699 unumquemque
1364 4623 1742 4697 impium,qui
1772 4624 1971 4696 qualia
2001 4625 2076 4680 fe-

432 4719 597 4786 cerit,
629 4717 771 4772 talia
797 4715 1030 4772 venient
1058 4716 1132 4772 ei.

505 4828 536 4866 ιι
567 4804 852 4878 Populum
883 4821 1080 4860 meum
1111 4809 1406 4860 exactores
1435 4804 1528 4860 sui
1571 4802 1985 4877 spoliaverunt,
2020 4807 2079 4859 et

432 4895 708 4953 mulieres
731 4893 1040 4950 dominata:
1054 4899 1194 4950 sunt
1212 4893 1317 4948 eis.
1335 4914 1362 4942 »
1381 4895 1595 4949 Contra
1613 4894 1838 4950 scribas
1856 4898 1914 4948 et
1939 4893 2080 4948 Pha-

432 4986 631 5042 riszeos
680 4983 943 5056 loquitur
989 4999 1182 5038 sermo
1235 4983 1612 5054 propheticus
1655 4983 1862 5054 (ΜαιίΙι.
1895 4999 2072 5049 xxm;

431 5077 559 5132 Luc.
591 5077 692 5144 χι),
711 5089 926 5129 vocans
947 5088 1046 5127 eos
1085 5077 1380 5126 exactores
1427 5071 1741 5142 suos,quia
1764 5076 1829 5127 ut
1849 5071 2075 5144 exigere

431 5167 673 5236 possent
701 5181 735 5218 a
762 5162 888 5218 suis
900 5161 1154 5217 subditis
1167 5161 1409 5228 tributa,
1425 5159 1683 5216 decimas
1696 5165 1752 5214 et
1765 5159 2076 5230 primitias,

433 5257 607 5323 atque
635 5251 694 5306 in
728 5269 867 5308 suos
898 5268 1044 5307 usus
1075 5249 1354 5322 redigere,
1389 5265 1518 5304 eam
1553 5248 1743 5320 turpis
1786 5247 1933 5302 lucri
1973 5247 2076 5302 Dei

435 5339 646 5395 Filium
660 5340 1113 5412 negaverunt.Et
1125 5356 1237 5394 non
1253 5337 1446 5394 solum
1461 5341 1759 5393 exactores
1769 5340 2077 5408 vocantur,

432 5428 572 5497 quia
601 5427 881 5500 populum
911 5426 1387 5498 spoliabant;sed
1409 5426 1586 5482 etiam
1630 5424 1908 5481 mulieres
1953 5425 2076 5480 des-

431 5515 672 5587 pective,
689 5532 756 5570 eo
785 5517 942 5588 quod
973 5515 1336 5572 muliebriter
1363 5515 1641 5584 viverent,
1662 5513 1979 5571 servientes
2005 5513 2074 5568 li-

432 5599 640 5676 bidini,
671 5605 946 5680 omnique
973 5603 1277 5680 voluptati.
1296 5605 1493 5664 Tantas
1523 5604 1740 5662 etenim
1769 5603 2077 5680 cupiditati

2193 4630 2406 4687 molere
2430 4633 2520 4686 est
2549 4633 2872 4695 attenuare,
2901 4627 2989 4684 vel
3022 4629 3326 4684 comedere
3365 4634 3470 4686 aut
3513 4635 3813 4688 conterere.

2188 4720 2350 4775 Unde
2372 4719 2430 4773 in
2454 4716 2764 4788 Evangelio
2787 4715 3332 4790 (Matth.v1):scribze
3359 4721 3418 4774 et
3445 4717 3718 4776 Pharisaei
3736 4718 3812 4774 di-

2187 4813 2403 4864 cuntur
2414 4807 2772 4879 jejunantes,
2788 4803 2926 4878 quia
2946 4804 3122 4862 facies
3143 4821 3284 4862 suas
3299 4806 3714 4876 demoliunt,id
3740 4809 3814 4864 est

2187 4899 2516 4952 attenuant.
2547 4893 2662 4966 Ipsi
2695 4910 2928 4966 quoque
2956 4894 3351 4950 substantiam
3367 4890 3814 4968 pauperumege-

2186 5000 2517 5056 norumquc
2546 4981 2936 5054 diripiebant:
2977 4983 3178 5054 sicque
3207 4982 3404 5056 inopia
3442 4985 3620 5040 famis
3657 4985 3812 5042 facies

2185 5089 2388 5129 eorum
2407 5071 2804 5126 attenuebant.
2816 5071 2927 5126 Sed
2940 5074 2997 5125 et
3007 5069 3116 5127 hoc
3128 5070 3404 5127 admalos
3415 5070 3715 5145 principes
3735 5071 3812 5126 Ec-

2187 5161 2375 5216 clesiae
2392 5159 2590 5216 referri
2607 5163 2824 5230 potest:
2841 5158 2939 5230 qui
2959 5157 3215 5230 spoliant
3232 5175 3468 5233 egenos,
3482 5161 3808 5216 etinnocen-

2186 5255 2274 5306 tes
2286 5248 2517 5322 publice
2533 5248 2928 5304 condemnant
2948 5264 2960 5302 :
2981 5247 3040 5302 in
3052 5264 3304 5320 quorum
3333 5248 3608 5306 domibus
3625 5247 3808 5320 rapina

2185 5355 2510 5412 pauperum
2541 5342 2652 5404 est,
2683 5341 2740 5392 et
2769 5340 3077 5392 attenuant
3100 5335 3276 5393 facies
3305 5353 3531 5394 eorum.

2261 5451 2282 5476 ιι
2321 5427 2390 5482 Et
2419 5425 2563 5481 dixit
2591 5425 2871 5480 Dominus
2903 5441 2916 5479 :
2953 5425 3059 5480 Pro
3088 5441 3155 5481 eo
3199 5426 3357 5498 quod
3403 5425 3634 5482 elevata:
3682 5424 3803 5482 sunt

2185 5517 2316 5572 ﬁliai
2338 5515 2497 5580 Sion,
2515 5519 2573 5570 et
2591 5512 3041 5570 ambulaverunt
3059 5517 3292 5570 extento
3312 5514 3485 5582 collo,
3506 5519 3566 5572 et
3583 5513 3804 5571 nutibus

2182 5603 2486 5664 oculorum
2511 5619 2753 5662 suorum
2782 5602 2948 5661 ibant
2967 5606 3024 5661 et
3052 5602 3431 5679 plaudebant,
3449 5601 3803 5665 ambulabant
