4048 6190
217 352 326 424 745

1292 361 1695 424 COMMENT.
1742 361 1819 420 IN
1864 358 2156 422 ISAIAM.
2192 364 2439 424 —-LlB.
2494 365 2540 423 Ι.

3497 368 3615 428 746

213 515 327 555 non
356 495 610 553 habetur
629 493 780 552 alius
810 493 977 562 liber,
1003 494 1115 550 nisi
1148 494 1433 551 memoria
1461 499 1519 551 et
1552 493 1859 567 praesentia
1885 493 1941 560 Α
1970 494 2076 549 tibi
2109 495 2486 566 munitiones,
2509 499 2568 553 et
2586 496 2888 554 vallabunt
2913 500 2989 565 te,
3014 500 3073 553 et
3096 502 3541 571 prosternentte
3561 504 3621 557 et

214 586 337 645 Dei.

284 698 312 727 ‹‹
344 675 405 731 Si
437 670 691 730 abluerit
738 672 1021 730 Dominus
1061 673 1263 729 sordes
1311 672 1568 728 ﬁliarum
1617 672 1777 743 Sion,
1810 676 1867 727 et

212 763 561 836 sanguinem
586 762 951 819 Hierusalem
974 761 1179 818 laverit
1199 761 1269 816 de
1291 761 1484 816 medio
1505 761 1652 831 ejus,
1678 761 1733 814 in
1753 760 1867 832 spi-

213 854 323 909 ritu
347 851 559 923 judicii
589 857 647 908 et
688 852 899 925 spiritu
944 852 1224 907 ardoris»
1255 850 1372 905 Ista
1410 848 1864 922 particula,quze

212 943 401 1009 estsi,
435 939 754 1013 aliquando
784 939 1112 1013 negativam
1146 937 1633 1012 signiﬁcationem
1668 938 1866 1007 habet,

214 1034 278 1087 ut
307 1029 391 1085 ibi
421 1046 469 1086 :u
498 1030 559 1086 Si
589 1028 815 1086 reddidi
846 1027 1307 1085 retribuentibus
1339 1026 1484 1083 mihi
1516 1027 1671 1083 mala
1690 1028 1863 1097 (Psal.

211 1122 333 1188 vn),
360 1139 386 1170 ι
417 1119 528 1174 hoc
556 1123 664 1187 est,
700 1135 815 1174 non
865 1117 1114 1173 reddidi.
1147 1116 1475 1189 Aliquando
1526 1134 1658 1172 vero
1708 1116 1865 1172 affir-

212 1209 428 1265 mative
458 1208 717 1280 ponitur,
745 1212 807 1262 ut
834 1206 893 1261 in
926 1206 1201 1279 prmsenti
1225 1205 1351 1261 loco
1382 1210 1439 1260 et
1470 1206 1528 1260 in
1559 1205 1689 1261 aliis
1720 1204 1869 1261 mul-

210 1299 305 1355 tis.
339 1299 421 1353 Ac
454 1298 503 1353 si
546 1297 766 1353 diceret
799 1311 812 1351 ε
847 1295 1065 1351 Omnes
1095 1294 1196 1366 qui
1227 1293 1286 1349 in
1316 1311 1451 1350 cum
1491 1294 1863 1363 crediderint,

209 1386 580 1444 vacabuntur
606 1385 816 1442 sancti.
851 1387 922 1440 Et
954 1382 1154 1440 abluet
1184 1383 1472 1440 Dominus
1503 1384 1703 1439 sordes
1735 1400 1864 1456 pec-

211 1482 480 1532 catorum
521 1475 594 1531 ab
629 1473 735 1541 eis,
781 1488 885 1546 per
922 1472 1172 1546 gratiam
1214 1471 1607 1544 baptismatis,
1639 1475 1696 1527 ct
1732 1489 1866 1526 san-

212 1565 454 1639 guinem
488 1561 905 1636 prophetarum
938 1560 1155 1618 lavabit
1184 1562 1255 1617 de
1286 1561 1477 1617 medio
1507 1562 1658 1632 ejus,
1691 1576 1865 1632 quem

210 1653 321 1728 ipsi
344 1653 629 1709 fuderunt
648 1656 706 1707 et
724 1655 920 1724 patres
936 1667 1161 1723 eorum,
1176 1651 1417 1722 insuper
1429 1654 1486 1706 et
1508 1649 1671 1705 illum
1690 1666 1865 1721 quem

210 1742 317 1800 sibi
348 1740 607 1815 populus
625 1757 828 1797 errans
844 1740 1202 1813 imprecatus
1217 1740 1535 1809 est,dicens
1550 1755 1600 1793 :«
1614 1739 1867 1811 Sanguis

211 1833 340 1915 ejus
364 1832 546 1905 super
573 1847 682 1887 nos
702 1835 761 1887 et
787 1846 966 1929 super
988 1829 1141 1886 filios
1171 1835 1403 1885 nostros
1426 1827 1630 1899 (Matth.
1654 1829 1862 1927 xxv1):>i
1898 1864 1945 1930 Β

210 1914 373 1975 Hanc
393 1923 590 1975 autem
613 1917 1021 1991 purgationem
1046 1917 1218 1973 faciet
1241 1917 1300 1973 in
1323 1917 1535 1990 spiritu
1551 1916 1783 1988 judicii,
1807 1915 1867 1970 id

210 2012 296 2064 est
342 2007 409 2062 in
462 2006 838 2080 baptismate,
872 2010 930 2063 et
982 2005 1191 2078 spiritu
1235 2006 1480 2075 ardoris,
1515 2005 1626 2061 boc
1671 2008 1761 2060 est
1808 2005 1867 2059 in

209 2095 497 2151 ell'usione
527 2093 834 2167 sanguinis
867 2092 980 2149 sui.
1007 2092 1110 2148 Vel
1141 2093 1316 2147 etiam
1345 2109 1448 2165 per
1477 2092 1752 2165 spiritum
1784 2108 1870 2146 ar-

209 2183 373 2240 doris
410 2198 517 2238 seu
551 2179 1004 2252 combustionis,
1035 2179 1385 2252 intelligitur
1431 2179 1686 2253 Spiritus
1733 2198 1867 2236 san-

209 2277 362 2340 ctus,
417 2269 521 2344 qui
572 2269 869 2326 consumit
928 2273 1165 2341 peccata
1222 2267 1560 2324 electorum.
1593 2269 1756 2325 Unde
1813 2274 1871 2324 et

207 2362 431 2417 dicitur
463 2378 477 2416 :
504 2384 531 2411 ‹‹
568 2359 714 2426 Quia
741 2357 897 2415 Deus
943 2362 1141 2413 noster
1189 2358 1345 2431 ignis
1395 2375 1750 2415 consumens
1780 2362 1871 2414 est

207 2450 389 2523 (Deut.
423 2449 522 2522 IV).
547 2472 577 2499 ››
602 2448 799 2505 Potest
828 2452 886 2503 et
915 2446 1159 2520 spiritus
1209 2446 1435 2503 ardoris
1483 2447 1655 2503 tertio
1696 2448 1869 2503 modo

209 2538 485 2613 intelligi,
525 2536 827 2594 tribulatio
875 2541 933 2592 et
978 2539 1338 2592 tormentum
1389 2536 1703 2609 passionis,
1753 2553 1869 2608 quo

207 2632 543 2702 purgantur
589 2626 776 2682 electi.
809 2625 927 2682 Hoc
974 2630 1172 2681 tamen
1223 2625 1641 2681 advertendum
1682 2631 1771 2681 est
1799 2625 1870 2681 de

207 2716 497 2791 apostolis
527 2715 773 2785 dictum,
807 2713 1148 2787 caterisque
1179 2730 1248 2771 ex
1278 2715 1481 2771 eodem
1513 2714 1728 2788 populo
1755 2729 1871 2769 cre-

206 2806 512 2862 dentibus.

273 2920 303 2945 u
331 2895 413 2951 Et
430 2893 653 2950 creabit
672 2893 956 2950 Dominus
978 2908 1155 2965 super
1175 2908 1410 2948 omnem
1435 2891 1629 2948 locum
1652 2891 1869 2947 montis

211 2986 378 3053 Sion,
405 2988 464 3039 et
493 2983 594 3038 ubi
625 2982 927 3038 invocatus
957 2986 1067 3050 est,
1102 2982 1319 3037 nubem
1360 2997 1464 3054 per
1492 2981 1671 3051 diem,
1693 2984 1749 3036 et
1778 2980 1867 3035 fu-

210 3074 485 3141 mum,et
514 3071 886 3144 splendorem
931 3069 1086 3144 ignis
1127 3070 1486 3126 ﬂammantis
1526 3069 1587 3124 in
1628 3072 1813 3125 nocte.
1841 3089 1868 3118 ι)

209 3163 313 3218 Per
335 3160 486 3218 Sion
509 3160 606 3216 hic
627 3163 831 3215 sancta
849 3159 1110 3216 Ecclesia
1134 3159 1499 3232 intelligitur.
1517 3159 1623 3215 Per
1652 3158 1868 3214 nubem

209 3249 498 3323 protectio
518 3249 735 3305 divina.
752 3249 858 3304 Per
874 3249 1105 3305 fumum
1125 3248 1313 3322 gloria
1332 3248 1483 3319 ejus,
1502 3248 1656 3305 sicut
1678 3248 1732 3303 in
1759 3247 1867 3303 hoc
1897 3236 1941 3303 C

206 3341 419 3395 eodem
453 3337 740 3412 propheta
770 3337 1006 3405 dicitur,
1030 3337 1169 3409 quia
1191 3360 1219 3387 «
1253 3338 1466 3393 domus
1514 3337 1756 3411 impleta
1783 3340 1874 3392 est

210 3430 402 3497 fumo,
428 3451 458 3477 »
482 3426 538 3483 id
563 3431 671 3498 est,
695 3427 881 3500 gloria
905 3426 1152 3483 Domini.
1168 3426 1269 3482 Vel
1291 3427 1466 3483 etiam
1490 3443 1592 3500 per
1618 3428 1868 3483 fumum.

208 3516 598 3591 cumpunctio
629 3516 983 3590 pmnitentiae
1025 3515 1328 3588 accipitur.
1352 3516 1458 3571 Per
1497 3514 1870 3589 splendorem

208 3606 364 3681 ignis
392 3606 664 3663 remissio
685 3608 1114 3678 peccatorum.«
1141 3606 1328 3678 Super
1348 3605 1868 3678 omnem,»inquit,

213 3720 241 3749 κ
272 3696 478 3753 locum
503 3693 722 3750 montis
746 3716 775 3744 ››
801 3690 961 3763 Sion,
986 3694 1045 3749 id
1069 3698 1176 3763 est,
1202 3711 1379 3766 super
1399 3699 1661 3750 sanctam
1686 3694 1874 3750 Eccle-

213 3787 395 3855 siam,
421 3788 483 3840 et
506 3784 603 3839 ubi
628 3783 996 3840 invocabitur
1015 3800 1049 3839 a
1071 3781 1342 3840 fidelibus
1362 3784 1509 3852 suis,
1532 3784 1753 3840 creabit
1774 3788 1874 3839 Do-

212 3875 417 3931 minus
438 3873 657 3929 nubem
680 3888 785 3946 per
804 3872 981 3941 diem,
1004 3872 1061 3927 id
1090 3877 1199 3945 est,
1224 3873 1642 3945 protectionem
1666 3873 1725 3928 in
1747 3890 1873 3945 pro-

210 3963 429 4036 speris,
442 3967 504 4018 et
524 3961 777 4030 fumum,
791 3964 849 4018 et
868 3961 1240 4034 splendorem
1257 3961 1412 4035 ignis
1434 3961 1792 4018 ﬂammantis
1813 3961 1871 4016 in

212 4056 409 4117 nocte,
425 4051 537 4107 hoc
556 4054 646 4106 est
666 4050 951 4107 auxilium
975 4054 1033 4107 et
1050 4049 1603 4121 1iberationem,sive
1625 4050 1871 4124 gloriam

209 4146 266 4197 et
293 4140 848 4213 compunctionem,
883 4156 1109 4197 necnon
1141 4144 1199 4196 et
1233 4139 1637 4196 remissionem
1670 4156 1873 4219 pecca-

210 4234 435 4298 torum,
453 4245 558 4302 per
581 4228 833 4302 gratiam
855 4228 1114 4302 Spiritus
1133 4229 1323 4286 sancti
1347 4229 1703 4301 protegentis
1726 4229 1876 4283 inter

208 4318 483 4375 adversa.
513 4317 595 4374 Ac
634 4317 684 4373 si
725 4317 945 4374 diceret
976 4335 989 4373 :
1025 4317 1183 4374 Inter
1220 4335 1499 4391 prospera
1538 4321 1597 4373 et
1635 4317 1877 4374 adversa

209 4411 485 4481 proteget
513 4411 819 4480 sperantes
849 4407 909 4463 in
942 4422 1029 4477 se,
1055 4410 1121 4463 ut
1149 4423 1256 4463 nec
1288 4407 1441 4463 inter
1469 4424 1749 4480 praepera
1775 4424 1874 4463 su-

208 4496 491 4569 perbiant
516 4499 578 4553 et
604 4494 881 4552 labantur
904 4496 964 4550 in
989 4500 1316 4568 peccatum,
1339 4511 1443 4552 nec
1465 4496 1619 4552 inter
1636 4497 1878 4553 adversa

1976 582 2126 639 ﬁlios
2156 589 2288 642 tuos
2310 587 2460 659 (Luc.
2482 588 2658 655 χω.»
2682 587 2842 654 Quod
2874 590 3069 643 autem
3092 587 3361 645 Christus
3391 588 3623 646 dicatur

1975 671 2247 745 dtlectus,
2264 675 2699 748 quadragesimi
2730 676 2923 748 quarti
2954 675 3165 748 psalmi
3188 694 3295 733 nos
3315 676 3620 750 inscriptio

1974 761 2162 833 docet,
2192 763 2495 819 Canticum
2545 782 2648 836 pro
2692 764 2923 833 dilecto,
2956 768 3014 821 et
3041 782 3150 821 vox
3202 764 3299 822 Dei
3348 766 3532 838 patris
3558 765 3619 821 in

1974 850 2281 923 Evangelio
2316 869 2381 908 ;‹‹
2408 853 2512 909 Hic
2551 856 2642 909 est
2690 853 2870 909 Filius
2900 870 3067 910 meus
3118 853 3388 925 dilectus,
3411 853 3471 908 in
3503 871 3619 926 quo

1975 939 2121 994 mibi
2151 940 2301 997 bene
2332 942 2660 1015 complacui
2689 942 2894 1013 (Matth.
2919 962 3000 1012 ιιι,
3026 943 3135 1017 17).
3158 966 3186 995 ››
3216 943 3320 999 Hic
3356 958 3493 1015 ergo
3523 943 3620 998 di-

1972 1027 2161 1085 lectus
2182 1046 2415 1086 carmen
2437 1030 2687 1102 lugubre
2706 1032 2841 1087 fecit
2854 1032 3033 1088 vinea;
3050 1033 3351 1104 etiamquod
3373 1031 3621 1087 cantabo

1974 1133 2079 1189 ego
2111 1117 2321 1175 dilecto
2350 1123 2527 1192 atqu»
2560 1118 2875 1177 miserabili
2909 1120 3125 1193 popqu
3163 1136 3313 1176 meo.
3334 1119 3437 1176 Vel
3466 1123 3621 1176 certe

1974 1206 2056 1261 ita
2088 1206 2568 1280 intelligendum:
2596 1208 2853 1265 Cantabo
2897 1208 3282 1282 omnipotenti
3318 1209 3436 1265 Deo
3467 1209 3621 1265 Patri

1975 1296 2271 1352 canticum
2294 1297 2528 1367 Christi,
2553 1299 2765 1371 quiest
2794 1298 3079 1371 patruelis
3105 1314 3294 1365 meus,
3315 1298 3426 1354 hoc
3446 1301 3537 1353 est
3554 1313 3624 1353 ex

1975 1385 2178 1441 eadem
2212 1404 2443 1443 mecum
2474 1392 2647 1459 gente
2677 1391 3010 1461 generatus.
3034 1386 3197 1454 Quod
3230 1390 3428 1443 autem
3458 1385 3626 1441 vinea

1975 1474 2207 1530 Domini
2241 1476 2570 1548 appelletur
2599 1476 2854 1548 populus
2886 1475 3085 1545 Israel,
3109 1476 3169 1531 in
3191 1473 3625 1548 septuagesimo

1976 1580 2128 1619 nono
2160 1563 2387 1635 psalmo
2409 1563 2625 1619 dicitur
2647 1581 2695 1619 τα
2720 1564 2963 1620 Vineam
2996 1565 3068 1619 de
3094 1565 3340 1637 .lEgypto
3365 1567 3625 1640 transtu-

1975 1652 2118 1724 listi,
2144 1653 2365 1725 ejecisti
2392 1657 2595 1725 gentes
2615 1658 2672 1708 et
2697 1652 2976 1725 plantasti
3009 1670 3197 1708 eam.»
3218 1654 3282 1708 In
3313 1650 3627 1724 Evangelio

1975 1758 2209 1815 quoque
2240 1759 2387 1814 pene
2427 1742 2635 1797 iisdem
2665 1741 2859 1797 verbis
2889 1742 3107 1813 quibus
3152 1740 3439 1813 Propheta
3468 1756 3626 1795 nunc

1978 1830 2258 1903 loquitur,
2294 1829 2576 1886 Dominus
2608 1831 2790 1887 texuit
2818 1828 3157 1903 parabolam
3182 1847 3195 1886 :
3219 1852 3248 1880 α
3272 1829 3457 1885 Homo
3486 1828 3623 1901 qui-

1977 1920 2113 1975 dam
2146 1922 2270 1975 erat
2310 1918 2751 1997 paterfamilias,
2771 1918 2872 1991 qui
2916 1919 3202 1992 plantavit
3226 1918 3478 1975 vineam.
3509 1939 3531 1968 ιι
3555 1918 3627 1974 Et

1977 2009 2098 2071 hmo
2143 2008 2345 2081 itaque
2374 2008 2759 2073 Hierusalem,
2799 2012 2866 2063 ut
2914 2008 3192 2076 diximus,
3223 2006 3522 2081 plangitur
3566 2010 3626 2062 et

1978 2114 2247 2153 sermone
2275 2097 2614 2171 prophetico
2666 2096 2824 2153 illius
2873 2098 3043 2152 ruina
3069 2101 3362 2153 cantatur.
3392 2115 3415 2146 ι
3440 2095 3626 2151 Vinea

1977 2186 2130 2243 facta
2160 2191 2250 2242 est
2279 2186 2489 2242 dilecto
2521 2204 2670 2255 meo,
2698 2186 2756 2240 in
2791 2202 2973 2241 cornu
3004 2184 3123 2241 (ilio
3153 2183 3322 2241 olei.»
3347 2185 3411 2240 1n
3442 2201 3626 2240 cornu

1978 2293 2224 2349 regnum
2245 2274 2563 2348 significari
2581 2279 2637 2330 et
2654 2274 2974 2347 potentiam
2991 2290 3143 2346 saepe
3162 2272 3437 2346 legimus,
3451 2277 3519 2328 ut
3535 2275 3630 2329 est

1978 2364 2120 2419 illud
2148 2366 2205 2419 in
2227 2362 2538 2437 Evangelio
2565 2380 2613 2418 zu
2639 2362 2956 2419 Suscitavit
2975 2379 3158 2425 cornu
3184 2361 3395 2418 salutis
3414 2364 3627 2417 nostris

1979 2454 2037 2509 in
2071 2454 2243 2509 domo
2267 2453 2447 2509 David
2469 2451 2634 2524 pueri
2659 2451 2807 2507 sui.»
2837 2452 2907 2507 Et
2930 2468 2982 2507 τι(
3010 2451 3073 2507 In
3100 2454 3156 2506 te
3186 2450 3460 2506 inimicos
3489 2465 3626 2506 nos-

1977 2548 2100 2598 tros
2132 2560 2313 2598 cornu
2342 2540 2814 2597 ventilabimus.»
2839 2540 2908 2595 Et
2931 2540 2991 2595 in
3019 2539 3297 2601 Zacharia
3324 2563 3346 2591 ι
3372 2542 3630 2612 quatuor

1978 2649 2199 2687 cornua
2228 2629 2636 2703 potentissima
2664 2630 3070 2684 demonstrant
3098 2645 3297 2701 regna.
3320 2650 3350 2680 ››

2051 2743 2076 2769 ‹‹
2102 2722 2172 2775 Et
2201 2719 2385 2791 sepsit
2413 2735 2563 2786 eam,
2588 2721 2645 2773 et
2674 2716 2899 2789 lapides
2925 2715 3102 2788 elegit
3129 2732 3197 2771 ex
3229 2715 3349 2782 illa,
3371 2719 3430 2770 et
3456 2715 3624 2787 plan-

1976 2809 2118 2865 tavit
2147 2806 2374 2863 vineam
2412 2805 2618 2862 Soreth
2642 2821 2656 2860 :
2679 2808 2737 2861 et
2765 2804 3069 2860 mdiﬁcavit
3098 2802 3308 2859 turrim
3338 2802 3399 2859 in
3430 2803 3624 2859 medio

1976 2899 2126 2971 ejus,
2151 2901 2207 2953 ct
2224 2893 2482 2951 torcular
2509 2894 2796 2950 exstruxit
2832 2892 2893 2947 in
2916 2909 3040 2975 ea.»
3064 2892 3171 2948 Per
3195 2891 3622 2965 metaphoram,

1978 2992 2043 3043 ut
2070 2987 2235 3059 prius
2273 2984 2553 3053 diximus,
2572 2982 2802 3039 vineam
2833 2980 3146 3054 descripsit
3182 2997 3311 3038 esse
3338 2980 3624 3054 populum

1976 3078 2312 3134 Judworum
2336 3092 2348 3131 :
2374 3090 2549 3145 quem
2583 3072 2767 3144 sepsit
2790 3070 3132 3144 angelorum
3155 3069 3425 3127 auxilia:
3450 3069 3521 3127 Et
3548 3071 3627 3127 la-

1979 3167 2146 3240 pides
2176 3163 2350 3238 elegit
2377 3179 2446 3218 ex
2464 3179 2586 3234 ea,»
2609 3161 2667 3217 id
2692 3164 2802 3228 est,
2823 3160 2981 3216 idola
3002 3177 3015 3216 :
3039 3159 3130 3217 vel
3150 3159 3349 3216 omnia
3369 3176 3498 3233 qua:
3519 3158 3623 3221 Dei

1980 3255 2204 3312 cultum
2225 3257 2490 3325 poterant
2510 3251 2846 3324 impedire.«
2867 3251 2937 3305 Et
2953 3248 3237 3322 plantavit
3248 3264 3378 3306 eam
3396 3248 3628 3307 vineam

1981 3343 2245 3400 Soreth.»
2268 3339 2624 3414 Aiuntenim
2654 3339 2881 3396 Hebraei
2902 3338 3108 3395 Soreth
3138 3354 3325 3411 genus
3345 3352 3475 3394 esse
3494 3337 3630 3393 vitis

1980 3433 2376 3505 optimae,quze
2398 3430 2607 3487 uberes
2634 3429 2860 3485 fructus
2885 3427 3058 3484 faciat
3087 3432 3264 3500 atque
3293 3428 3626 3499 perpetuos;

1981 3521 2241 3594 Denique
2272 3519 2478 3576 Soreth
2511 3536 2546 3575 a
2575 3518 2931 3591 quibusdam
2950 3517 3272 3588 callicarpos
3292 3515 3631 3586 interpreta-

1981 3618 2101 3681 tur,
2125 3611 2279 3683 quod
2312 3626 2419 3665 nos
2452 3609 2509 3664 in
2541 3606 2969 3680 pulcherrimos
2998 3606 3224 3661 fructus
3253 3607 3472 3661 vertere
3501 3618 3631 3674 pos-

1981 3718 2207 3757 sumus.
2235 3723 2261 3750 ‹‹
2291 3697 2618 3753 {Ediﬂcavit
2639 3713 2870 3768 quoque
2892 3694 3101 3751 turrim
3132 3693 3192 3752 in
3224 3691 3416 3747 medio
3438 3691 3625 3761 ejus,»

1980 3789 2265 3861 templum
2299 3784 2564 3841 videlicet
2602 3785 2662 3838 in
2702 3783 2895 3839 media
2931 3782 3180 3837 civitate.
3205 3802 3234 3831 «
3266 3780 3338 3835 Et
3373 3778 3630 3834 torcular

1981 3877 2266 3933 exstruxit
2297 3877 2355 3930 in
2388 3892 2510 3941 ea,»
2535 3874 2688 3945 quod
2709 3872 2950 3944 quidam
2972 3868 3154 3927 altare
3173 3868 3506 3941 signiﬁcare
3525 3884 3630 3939 pu-

1981 3971 2128 4023 tant.
2153 3966 2374 4022 Cuncta
2411 3979 2547 4035 ergo
2592 3978 2718 4034 quin
2766 3961 3042 4017 dicuntur
3070 3959 3142 4015 de
3168 3958 3358 4026 vinea,
3380 3959 3630 4029 possunt

1980 4061 2037 4112 et
2066 4057 2136 4111 ad
2171 4054 2379 4110 anima:
2410 4056 2627 4108 statum
2660 4050 2858 4107 referri
2884 4067 2897 4106 :
2922 4067 3050 4122 quae
3078 4066 3113 4105 a
3132 4048 3249 4105 Deo
3280 4045 3540 4120 plantata
3568 4045 3627 4099 in

1983 4147 2226 4211 bonum,
2251 4160 2365 4198 non
2399 4159 2541 4197 uvas
2572 4140 2785 4209 attulit,
2818 4140 2921 4197 sed
2960 4138 3263 4196 labruscas
3295 4153 3310 4191 :
3340 4139 3401 4192 et
3429 4138 3632 4208 postea

1983 4235 2061 4291 sit
2098 4233 2313 4289 tradita
2368 4230 2572 4288 bestiis
2601 4228 3022 4299 conculcanda,
3053 4244 3158 4285 nec
3205 4226 3468 4283 divinum
3513 4224 3631 4280 im—

1984 4324 2146 4379 brem
2177 4321 2500 4394 susceperit
2519 4320 2923 4376 doctrinarum
2957 4335 2971 4373 :
3002 4318 3142 4391 quia
3170 4315 3461 4390 praeterita
3479 4315 3633 4372 dona

1982 4410 2420 4484 contempserit.

2058 4525 2084 4551 «
2118 4502 2188 4557 Et
2218 4498 2541 4572 evspcctavi
2581 4502 2647 4553 ut
2694 4499 2906 4553 faceret
2934 4513 3096 4564 uvas,
3122 4493 3258 4550 fecit
3300 4496 3499 4549 autem
3546 4492 3631 4549 la-

212 4585 498 4640 deficiant
513 4584 900 4657 desperando,
917 4589 983 4640 ut
1004 4584 1157 4640 sicut
1173 4583 1324 4640 filios
1344 4585 1517 4640 Israel
1537 4585 1870 4658 protegebat

1984 4593 2248 4648 bruscas.
2274 4590 2439 4645 Hunc
2477 4604 2613 4659 ergo
2652 4586 3011 4641 habitatores
3052 4581 3410 4639 Hierusalem
3435 4585 3494 4637 et
3520 4581 3629 4638 viri

212 4673 271 4729 ίιι
300 4674 400 4730 die
450 4672 730 4729 0010mm!
767 4673 944 4730 nnbis
976 4674 1047 4729 ad
1090 4673 1454 4747 repellendos
1492 4679 1690 4743 ωεῐυε,
1724 4678 1781 4730 Ct
1810 4674 1868 4729 in
1902 4669 1941 4673 —
1979 4682 2152 4748 Juda,
2171 4680 2433 4751 judicate
2458 4677 2607 4732 inter
2628 4692 2720 4730 me
2740 4678 2797 4729 et
2820 4675 2973 4729 inter
2990 4673 3216 4728 vineam
3244 4687 3457 4728 meam.
3481 4669 3629 4738 Quid

214 4768 386 4818 nocte
415 4762 694 4819 columna
724 4762 879 4836 ignis
909 4764 982 4818 ad
1028 4763 1434 4819 incutiendum
1466 4765 1759 4832 timorem,
1793 4764 1874 4818 ita

211 4851 393 4907 etiam
424 4851 485 4906 in
518 4851 814 4925 prosperis
843 4856 902 4908 et
929 4852 1188 4909 adversis
1218 4857 1478 4925 proteget
1508 4858 1564 4908 et
1592 4854 1877 4926 guberna-

214 4938 301 4994 bit
331 4939 554 4996 electos
585 4957 746 4997 suos.

881 5029 1116 5087 CAPUT
1152 5031 1220 5086 V.

287 5141 319 5169 α
342 5118 608 5174 Cantabo
638 5135 795 5175 nunc
843 5119 1052 5177 dilecto
1093 5137 1222 5176 meo
1253 5120 1547 5177 canticum
1596 5122 1877 5194 patruelis

216 5208 359 5275 mei,
380 5206 563 5264 vinea:
590 5224 730 5263 sum.
750 5231 777 5257 ››
802 5208 1013 5264 Cantat
1033 5209 1320 5282 Pmpheta
1341 5227 1575 5266 carmen
1604 5211 1879 5267 lamenta-

213 5295 335 5352 bile
366 5295 588 5369 populo
619 5295 817 5366 Israel,
841 5297 998 5369 quod
1026 5300 1358 5371 composuit
1396 5300 1515 5366 ille,
1540 5301 1610 5357 de
1640 5318 1756 5373 quo
1787 5302 1879 5356 di-

217 5390 387 5440 ctum
422 5390 509 5441 cst
535 5385 593 5440 in
613 5386 944 5459 Evangelia,
969 5410 997 5436 «ι
1022 5387 1169 5443 Cum
1200 5394 1396 5444 autem
1428 5389 1671 5445 vidisset
1690 5407 1873 5455 eam,.

214 5472 383 5529 haud
408 5474 653 5530 dubium
676 5475 819 5551 quin
843 5476 1264 5546 Hierusalem,«
1290 5478 1445 5534 ﬂevit
1476 5494 1653 5550 super
1676 5495 1802 5533 eam
1825 5482 1883 5534 et

217 5561 375 5618 dixit
399 5578 415 5615 :
438 5563 498 5618 Si
530 5563 712 5621 scires
734 5569 794 5620 et
814 5568 876 5620 tu
909 5582 1039 5637 qua:
1070 5567 1142 5623 ad
1174 5584 1375 5640 pacem
1410 5573 1550 5623 sunt
1578 5568 1705 5637 tibi,
1736 5586 1879 5641 quo-

217 5652 391 5710 niam
424 5653 654 5710 venient
683 5670 861 5728 super
894 5660 950 5713 te
978 5654 1204 5715 inimici
1232 5657 1319 5716 tui
1349 5662 1406 5716 et
1435 5659 1885 5719 circumdabunt

549 5780 825 5846 Paeon.
871 5783 1079 5850 CXVI.

1982 4776 2071 4826 est
2100 4770 2254 4841 quod
2287 4766 2462 4822 debui
2495 4764 2652 4820 ultra
2693 4765 2880 4819 facere
2918 4762 3095 4819 vinem
3127 4779 3269 4818 meas
3308 4765 3367 4818 et
3405 4776 3521 4817 non
3551 4760 3631 4817 fe-

1982 4859 2161 4915 cerim
2193 4857 2292 4913 ei?
2322 4859 2407 4910 An
2461 4854 2617 4927 quod
2649 4852 2973 4925 exspectavi
3024 4857 3089 4907 ut
3136 4852 3351 4910 faceret
3382 4867 3543 4918 uvas,
3574 4852 3634 4905 et

1986 4946 2118 5002 fecit
2150 4944 2490 5001 labruscas?
2514 4966 2540 4992 »
2566 4942 2716 5011 Feci,
2744 4942 2954 5014 inquit,
2980 4942 3251 4998 universa
3272 4958 3402 5013 quae
3430 4937 3629 5006 debui,

1986 5036 2239 5109 plantavi
2272 5036 2500 5089 vineam
2528 5033 2587 5088 in
2617 5032 2744 5089 loco
2770 5032 3099 5089 uberrimo:
3124 5028 3482 5087 circumdedi
3514 5043 3635 5082 ma-

1986 5125 2222 5191 ceriam,
2246 5123 2390 5196 clcgi
2422 5123 2667 5195 lapides,
2693 5127 2750 5177 et
2779 5121 3006 5195 ﬂagella
3036 5120 3163 5190 ejus
3193 5116 3507 5173 hastilibus
3535 5131 3631 5171 ca-

1989 5216 2277 5286 lamisque
2306 5213 2611 5285 supposui.
2636 5210 2784 5265 Vitis
2812 5225 3043 5281 quoque
3074 5208 3201 5278 ipsa
3227 5222 3343 5262 non
3374 5205 3486 5260 fuit
3516 5221 3635 5260 una

1989 5306 2058 5360 de
2083 5304 2371 5376 pluribus,
2394 5303 2493 5357 sed
2525 5299 2724 5355 electa.
2753 5298 2900 5363 Quia
2929 5296 3110 5368 igitur
3135 5294 3254 5349 haec
3276 5293 3382 5351 feci
3407 5310 3535 5366 qua:
3557 5293 3638 5349 fa-

1989 5411 2117 5449 cere
2133 5389 2726 5461 debui,rcspondeant
2739 5384 2884 5441 mihi
2901 5383 3257 5439 habitatores
3272 5381 3637 5439 Hierusalem

1989 5488 2047 5539 et
2077 5483 2261 5552 Judae,
2297 5480 2413 5534 imo
2435 5478 2705 5549 judicent
2734 5474 2886 5529 inter
2924 5490 3016 5529 me
3047 5478 3104 5529 et
3133 5473 3362 5530 vineam
3391 5489 3586 5529 meam
3618 5488 3634 5529 :

1991 5572 2131 5645 quid
2156 5574 2245 5626 est
2263 5568 2417 5640 quod
2441 5567 2628 5622 facere
2650 5564 2846 5633 debui,
2869 5568 2926 5618 et
2949 5580 3065 5619 non
3099 5562 3371 5620 fecerim?
3400 5562 3504 5619 Hic
3535 5578 3638 5635 po-

1990 5660 2167 5736 pulus
2196 5658 2589 5733 interrogatur
2606 5652 2775 5732 quasi
2798 5653 2869 5714 de
2886 5652 3076 5727 vinea,
3102 5656 3167 5713 ut
3190 5656 3401 5711 contra
3416 5668 3481 5714 se
3511 5652 3640 5728 ipse

3238 5785 3322 5852 24
