4048 6190
273 365 392 425 ’149

1347 364 1757 427 COMMENT.
1803 363 1881 424 IN
1926 362 2216 426 ISAIAM.
2263 398 2342 409 -
2383 366 2532 427 LIB.
2577 366 2625 427 Ι.

3563 371 3690 438 ’750

271 495 651 554 considerant
696 512 824 567 quae
867 500 1109 553 ventura
1158 502 1299 553 sunt
1352 497 1488 553 illis.
1523 498 1719 553 Potest
1756 498 1926 568 juxta
1956 495 2012 562 Α
2039 499 2098 550 et
2119 496 2273 552 Deus
2303 501 2543 553 sanctus
2574 498 3039 555 sanctificabitur
3068 500 3127 556 in
3149 500 3406 572 justitia,
3440 523 3469 553 »
3494 502 3554 558 id
3576 506 3686 573 est,

270 585 541 641 altiorem
573 583 1027 657 intelligentiam
1075 587 1270 643 omnis
1309 587 1517 643 animm
1566 585 1926 659 perturbatio

268 673 522 730 ebrietas
551 672 857 747 appellari,
891 691 1017 747 quae
1048 675 1375 748 concipitur
1419 677 1491 731 de
1536 675 1671 730 vino
1713 673 1927 730 furoris

270 763 622 827 draconum,
655 764 713 816 et
741 762 815 817 de
838 779 1060 819 veneno
1092 763 1366 836 aspidum
1388 764 1697 819 insanabili
1731 762 1925 835 :quod

263 850 538 906 nonnulli
566 850 780 906 bibunt
811 852 884 907 ab
915 851 1309 907 adolescentia
1340 871 1525 926 usque
1556 854 1613 906 in
1659 856 1923 907 senectu-

262 943 409 1006 tem,
429 939 538 994 hoc
568 943 658 994 est
687 938 758 995 de
780 956 953 995 mane
985 957 1171 1012 usque
1193 941 1264 995 ad
1289 957 1588 1012 vesperam
1614 957 1627 994 :
1653 940 1749 995 alii
1790 957 1925 995 vero

262 1027 412 1083 hora
434 1027 623 1097 tertia,
641 1032 823 1099 sexta,
847 1027 936 1083 vel
969 1046 1123 1084 nona
1170 1029 1659 1096 suscitantur,vel
1697 1030 1925 1084 decima

260 1117 337 1172 dc
359 1116 620 1171 convivio
644 1133 658 1171 :
683 1117 1012 1189 diciturquc
1034 1118 1108 1172 ad
1130 1134 1251 1174 eos.
1270 1141 1298 1169 «
1321 1118 1797 1191 Expergiscimini
1822 1118 1923 1189 qui

258 1205 413 1261 ebrii
441 1204 583 1261 estis
629 1204 761 1262 vino
784 1206 940 1276 (Joel.
976 1209 1039 1275 1).
1076 1206 1467 1262 Infelicissimi
1515 1212 1709 1262 aulem
1761 1211 1920 1275 sunt,

258 1294 365 1368 qui
400 1295 472 1350 de
502 1311 674 1350 mane
704 1311 891 1366 usque
921 1296 995 1350 ad
1040 1297 1677 1367 vesperam,ebrietate,
1698 1296 1836 1368 gula
1866 1300 1924 1351 et

253 1382 513 1439 diversis
538 1381 942 1455 voluptatibus
991 1383 1281 1456 occupati,
1314 1402 1428 1439 non
1474 1383 1812 1457 intelligunt
1862 1384 1920 1438 in

253 1489 319 1528 se
353 1489 533 1545 opera
560 1471 688 1541 Dei,
717 1489 822 1528 nec
873 1473 1253 1529 considerant
1297 1491 1476 1546 quare
1530 1473 1709 1529 creati
1758 1476 1918 1528 sunt.

258 1584 281 1609 ι
321 1560 639 1633 Propterea
669 1560 934 1632 captivus
966 1561 1180 1617 ductus
1203 1565 1294 1617 est
1315 1561 1569 1635 populus
1590 1562 1923 1634 meus,quia

252 1666 379 1705 non
412 1648 621 1704 habuit
661 1648 992 1718 scientiam,
1027 1652 1085 1705 et
1131 1649 1359 1705 nobiles
1400 1651 1531 1721 ejus
1576 1650 1924 1706 interierunt

253 1739 440 1810 fame,
472 1741 529 1794 et
560 1736 878 1794 multitudo
909 1738 1039 1810 ejus
1081 1738 1175 1794 siti
1227 1740 1471 1794 exaruit.
1512 1763 1538 1788 ››
1578 1739 1707 1795 Ηωο
1751 1740 1923 1811 juxta

252 1827 519 1883 litteram
539 1825 823 1883 accidisse
843 1826 1059 1899 populo
1081 1827 1417 1887 Judaeorum
1441 1828 1550 1885 sub
1562 1828 1920 1901 Vespasiano

250 1915 461 1972 etTito
474 1915 753 1972 Romanis
771 1914 1288 1989 principibus,tam
1307 1916 1502 1973 Graeca
1524 1934 1700 1989 quam
1716 1919 1923 1974 Latina

258 2008 472 2061 narrat
501 2003 767 2060 historia.
794 2004 956 2071 Quod
989 2004 1227 2077 quidem
1258 2009 1315 2061 et
1344 2005 1725 2078 spiritualiter
1753 2006 1926 2063 hodie

255 2092 641 2166 intelligitur,
674 2110 801 2165 quae
835 2092 1142 2166 patiuntur
1170 2094 1527 2150 sustinentes
1555 2112 1667 2150 non
1709 2096 1924 2152 famem

252 2182 441 2254 panis
461 2198 648 2254 neque
661 2180 823 2237 sitim
843 2183 1133 2255 aquae,sed
1160 2183 1372 2238 famem
1395 2182 1668 2238 audiendi
1683 2185 1923 2239 verbum

256 2271 369 2327 Dei
396 2273 571 2339 (Deut.
596 2274 744 2339 V111.)
776 2272 938 2337 Quod
972 2275 1166 2327 autem
1190 2271 1383 2328 omnis
1422 2290 1614 2327 sermo
1648 2273 1923 2329 doctrinm

249 2360 436 2434 panis
467 2359 798 2433 appellatur
828 2365 885 2415 et
914 2377 1088 2432 aqua,
1122 2359 1268 2416 illud
1301 2361 1469 2417 docet
1511 2361 1923 2434 Evangelicum

251 2449 474 2522 (Matth.
508 2466 594 2517 1v;
627 2450 755 2504 Luc.
788 2466 875 2516 IV;
908 2449 1063 2505 Joan.
1097 2451 1175 2518 IV)
1210 2466 1222 2504 :
1261 2472 1288 2499 «
1321 2450 1447 2505 Non
1499 2449 1558 2504 in
1606 2467 1756 2522 pane
1799 2449 1924 2506 solo

252 2537 408 2593 vivit
436 2537 634 2604 homo,
663 2537 766 2593 sed
811 2535 871 2592 in
923 2536 1083 2593 omni
1130 2538 1304 2593 verbo
1335 2539 1492 2610 quod
1526 2538 1824 2611 egreditur
1851 2540 1923 2595 de

249 2644 357 2683 ore
396 2626 520 2682 Dei.
546 2649 576 2676 ››
597 2626 669 2681 Et
693 2642 707 2681 :
732 2625 1079 2698 Quicunque
1100 2625 1312 2681 biberit
1332 2644 1400 2682 ex
1425 2644 1579 2698 aqua
1608 2645 1784 2699 quam
1817 2645 1923 2701 ego

248 2714 481 2770 dedero
511 2714 718 2781 ei,non
750 2712 908 2771 sitiet
931 2714 991 2769 in
1014 2718 1318 2770 aeternum.
1340 2738 1367 2764 »
1390 2716 1459 2770 Et
1492 2715 1547 2770 in
1583 2716 1810 2788 psalmo
1842 2718 1922 2772 di-

246 2803 456 2859 citur:
484 2825 511 2852 «
533 2802 721 2875 Super
738 2819 952 2875 aquam
985 2802 1315 2859 refectionis
1338 2804 1606 2860 educavit
1634 2822 1727 2860 me
1748 2807 1919 2875 (Psal.

246 2893 425 2965 xm).
454 2914 483 2941 »
506 2891 754 2957 Quidam
776 2892 885 2948 hoc
903 2892 1055 2964 quod
1082 2891 1298 2947 dicitur
1321 2910 1333 2947 :
1358 2916 1384 2941 ‹‹
1410 2892 1684 2965 Captivus
1709 2894 1922 2948 ductus

249 2985 347 3037 est
380 2980 638 3054 populus
664 2997 850 3051 meus,
876 2985 934 3037 et
953 2980 1093 3052 quia
1125 2998 1239 3036 non
1269 2981 1477 3036 habuit
1506 2982 1833 3048 scientiam,
1865 2986 1922 3038 et

250 3068 493 3126 nobiles
513 3070 642 3141 ejus
673 3069 1026 3125 interierunt
1047 3069 1291 3135 fame,ct
1321 3070 1639 3125 multitudo
1661 3071 1789 3142 ejus
1820 3072 1917 3126 siti

248 3157 495 3215 exaruit
525 3175 539 3213 :
574 3181 602 3208 ‹‹
638 3158 983 3231 generaliier
1011 3159 1082 3213 de
1113 3158 1339 3214 inferno
1363 3163 1420 3214 et
1450 3160 1519 3215 de
1549 3160 1815 3232 gehenna
1838 3160 1920 3215 in-

2035 600 2167 638 cum
2201 584 2541 642 ineurvatus
2575 587 2747 642 fuerit
2786 587 2960 644 homo
3009 593 3067 644 et
3110 589 3461 646 humiliatus
3488 591 3598 659 vir,
3629 595 3690 649 et

2038 674 2361 746 receperint
2390 691 2593 731 omnes
2614 676 2785 747 juxta
2813 676 3021 734 merita
3041 681 3319 747 sua,tune
3335 679 3691 735 excitabitur

2036 761 2320 817 Dominus
2352 762 2409 818 in
2425 763 2670 834 judicio,
2685 765 2856 835 cujus
2876 765 3135 837 primum
3156 765 3450 823 incertum
3472 766 3691 822 videbi-

2034 853 2132 904 tur
2137 851 2430 921 judicium
2453 869 2601 917 esse,
2625 856 2682 907 et
2704 853 2857 907 Deus
2880 859 3119 910 sanctus
3141 854 3608 910 sanctificabitur
3629 853 3688 909 in

2025 938 2262 1008 justitia
2295 957 2307 994 :
2343 943 2407 995 ut
2440 940 2754 1013 impleatur
2790 941 2934 997 illud
2980 944 3134 1014 quod
3165 943 3226 998 in
3256 942 3567 1015 Evangelio
3598 942 3687 997 di-

2034 1027 2187 1081 citur
2219 1044 2232 1082 :
2268 1051 2295 1076 ι(
2334 1029 2498 1082 Pater
2528 1030 2861 1101 noster,qui
2893 1030 3035 1085 esin
3068 1030 3250 1101 cmlis,
3284 1031 3689 1086 sanctificetur

2034 1132 2245 1171 nomen
2279 1121 2447 1171 tuum
2471 1116 2674 1190 (Matth.
2704 1118 2842 1189 xv1).
2870 1140 2897 1167 »
2923 1118 3013 1187 Et,
3039 1142 3067 1169 ‹‹
3106 1119 3272 1174 Pater
3301 1120 3481 1192 juste,
3514 1135 3687 1174 mun-

2032 1205 2145 1259 dus
2176 1209 2232 1259 te
2264 1221 2379 1258 non
2408 1205 2677 1277 cognovit
2704 1205 2879 1276 (Joan.
2911 1209 3071 1277 XVII).
3106 1229 3134 1256 ››

2104 1316 2132 1344 κ
2167 1294 2238 1348 Et
2265 1297 2581 1366 pascentur
2609 1293 2746 1365 agni
2772 1294 2945 1366 juxta
2966 1295 3231 1350 ordinem
3263 1312 3438 1351 suum
3464 1313 3477 1350 :
3503 1298 3561 1351 et
3588 1295 3688 1351 de-

2033 1387 2191 1438 serta
2215 1382 2276 1437 in
2308 1383 2635 1439 ubertatem
2666 1400 2835 1439 versa
2860 1384 3095 1440 advena:
3112 1385 3475 1441 comedent.»
3500 1386 3691 1451 Quan-

2031 1472 2104 1525 do
2127 1470 2414 1526 Dominus
2452 1470 2741 1527 exaltatus
2781 1472 2957 1527 fuerit
2988 1473 3047 1527 in
3075 1473 3323 1544 judicio.
3346 1474 3419 1529 Et
3447 1477 3691 1530 sanctus

2031 1560 2211 1615 David
2243 1560 2303 1614 in
2333 1577 2441 1615 sua
2461 1559 2864 1616 sanetificatus
2883 1560 3119 1632 justitia
3139 1578 3151 1617 :
3174 1565 3239 1617 ut
3260 1559 3398 1617 mali
3422 1560 3688 1634 agricola:

2031 1649 2183 1704 male
2214 1652 2543 1721 pereant,et
2571 1648 2825 1704 cxaltata
2852 1650 3061 1705 cedrus
3089 1650 3280 1705 securi
3298 1650 3531 1706 Domini
3553 1666 3688 1706 suc-

2031 1738 2262 1792 cidatur
2293 1755 2305 1793 :
2341 1741 2481 1793 tunc
2512 1736 2609 1810 qui
2635 1736 2851 1792 fuerint
2880 1737 2951 1792 de
2973 1754 3261 1809 agnorum
3294 1753 3687 1804 numero,non

2028 1826 2351 1894 hazdorum,
2385 1829 2700 1898 pascentur
2728 1825 2789 1879 in
2822 1824 3088 1881 Ecclesiae
3120 1825 3325 1897 pratis,
3356 1830 3417 1881 et
3436 1826 3636 1881 dicent
3667 1840 3682 1881 :

2035 1940 2062 1965 ‹‹
2099 1916 2386 1972 Dominus
2443 1915 2631 1986 pascit
2680 1931 2773 1970 me
2822 1918 2879 1970 et
2926 1913 3073 1969 nihil
3119 1914 3265 1970 mihi
3293 1914 3480 1970 deerit
3509 1914 3682 1987 (Psal.

2033 2009 2147 2074 xx).
2184 2028 2212 2055 »
2236 2005 2306 2060 Et
2334 2021 2462 2076 quae
2492 2021 2526 2058 a
2552 2003 2772 2059 Judacis
2792 2004 3022 2059 deserta
3051 2007 3395 2071 sunt,vcrsa
3420 2003 3482 2059 in
3512 2002 3685 2059 uber-

2033 2097 2214 2148 tatem
2246 2092 2511 2147 comedet
2539 2089 2787 2163 populus
2816 2090 3101 2162 gentium.
3134 2090 3265 2145 Haec
3284 2090 3457 2161 juxta
3486 2092 3685 2161 tropo-

2032 2180 2269 2253 logiam.
2300 2180 2606 2248 Cmterum,
2639 2182 2705 2233 ut
2732 2177 2995 2234 ordinem
3047 2177 3448 2251 compleamus
3500 2176 3685 2233 histo-

2033 2268 2426 2341 rim,idipsum
2457 2268 2588 2323 aliis
2618 2267 2808 2323 verbis
2839 2267 3054 2322 dicitur
3082 2268 3154 2323 de
3180 2283 3296 2338 quo
3327 2284 3507 2340 supra
3541 2264 3684 2322 dixi-

2034 2375 2167 2413 mus
2196 2375 2207 2413 :
2243 2358 2559 2430 Hegionem
2590 2360 2843 2412 vestram
2874 2355 2935 2411 in
2960 2360 3278 2428 conspectu
3298 2359 3490 2411 vestro
3510 2352 3688 2410 alieni

2032 2448 2333 2515 devorant,
2368 2450 2425 2501 et
2455 2446 2684 2501 deserta
2714 2449 2804 2501 est
2848 2449 3024 2517 atque
3070 2445 3352 2501 subversa
3382 2460 3417 2500 a
3454 2441 3687 2517 populis

2032 2535 2305 2590 externis.

2102 2647 2129 2673 ‹‹
2164 2623 2259 2678 Vas.
2292 2623 2389 2694 qui
2422 2622 2654 2677 trahitis
2682 2621 3055 2693 iniquitatem
3078 2621 3138 2676 in
3161 2620 3438 2677 funiculis
3461 2620 3682 2677 vanita-

2034 2712 2202 2778 tis,et
2229 2711 2397 2782 quasi
2430 2709 2734 2765 vinculum
2760 2709 3011 2782 plaustri
3050 2713 3375 2782 peccatum,
3407 2709 3510 2781 qui
3538 2708 3684 2763 dici-

2032 2800 2107 2855 tis
2142 2818 2154 2855 :
2191 2800 2520 2856 Festinetur
2548 2798 2662 2853 cito
2689 2797 2885 2853 veniat
2914 2814 3063 2870 opus
3093 2799 3223 2870 ejus
3254 2801 3320 2852 ut
3354 2797 3682 2863 videamus,

2029 2894 2086 2945 et
2115 2887 2436 2961 appropiet,
2465 2890 2522 2941 et
2568 2885 2764 2941 veniat
2809 2884 3123 2941 consilium
3174 2885 3359 2940 sancti
3388 2883 3591 2952 Israel,
3624 2886 3684 2939 et

2029 2978 2283 3034 sciemus
2314 2998 2340 3026 »
2376 2974 2538 3031 illud.
2575 2974 2739 3041 Quod
2771 2974 3005 3030 vincula
3050 2974 3323 3029 dicantur
3368 2989 3497 3029 esse
3546 2988 3681 3044 pec-

2028 3071 2177 3133 cata,
2201 3064 2462 3121 crebrius
2491 3064 2765 3137 legimus.
2798 3066 2840 3120 E
2872 3064 3088 3136 quibus
3119 3062 3266 3118 illud
3295 3065 3403 3117 est.
3435 3083 3463 3111 ‹‹
3500 3058 3683 3116 Funi-

2028 3157 2137 3211 bus
2168 3157 2537 3226 peccatorum
2557 3169 2801 3207 suorum
2819 3151 3231 3223 unusquisque
3250 3147 3685 3221 constringitur

250 3247 575 3320 terpretari
604 3245 828 3317 volunt,
861 3247 919 3302 in
972 3264 1091 3319 qua
1140 3247 1397 3320 patietur
1437 3231 1630 3304 omnis
1679 3250 1777 3320 qui
1816 3250 1915 3305 Dei
1947 3231 1990 3297 C
2028 3248 2209 3319 (Prov.
2239 3246 2319 3313 v).
2348 3264 2375 3291 »
2406 3242 2523 3297 Nec
2553 3240 2780 3313 plangit
2811 3256 2910 3296 eos
2941 3240 3042 3313 qui
3092 3238 3376 3311 cmperint
3421 3252 3680 3310 peccare,

249 3354 376 3393 non
412 3335 623 3391 habuit
652 3335 982 3392 scientiam.

320 3448 357 3477 «
402 3424 711 3497 Propterea
739 3423 1007 3480 dilatavit
1050 3425 1314 3481 infernus
1352 3426 1609 3481 animam
1647 3444 1837 3496 suam,
1865 3432 1922 3483 et

248 3513 491 3588 aperuit
506 3530 573 3570 os
604 3530 778 3570 suum
801 3514 1024 3586 absque
1048 3512 1166 3569 ullo
1198 3515 1467 3581 termino,
1489 3520 1546 3570 et
1567 3516 1922 3573 descendent

249 3605 440 3660 fortes
460 3603 594 3673 ejus
630 3606 687 3659 et
711 3601 966 3676 populus
997 3604 1147 3674 ejus,
1163 3607 1220 3658 et
1251 3603 1534 3658 sublimes
1567 3604 1921 3678 gloriosique

249 3695 389 3766 ejus
420 3693 497 3748 ad
526 3696 762 3759 eum,et
791 3692 1199 3747 incurvabitnr
1218 3692 1485 3760 homo,ot
1510 3693 1925 3751 bumiliabitur

250 3782 365 3851 vir,
384 3786 444 3837 et
475 3778 632 3837 oeuli
666 3779 1014 3836 sublimium
1038 3780 1500 3852 deprimentur.»
1522 3783 1668 3848 Quia
1689 3800 1925 3839 consur-

251 3874 542 3928 rexerunt
592 3886 766 3925 mane
796 3870 868 3925 ad
910 3871 1248 3925 sectandam
1277 3869 1544 3937 siceram,
1576 3875 1633 3925 et
1660 3888 1925 3943 perman-

252 3958 553 4017 seruutiu
588 3958 864 4015 ebrietate
896 3974 1087 4029 usque
1120 3958 1191 4013 ad
1222 3962 1622 4031 vesperam,et
1667 3960 1925 4033 volupta-

256 4050 422 4105 tibus
453 4051 634 4119 atque
656 4045 881 4103 deliciis
904 4046 1194 4118 occupati,
1211 4064 1359 4118 opus
1388 4046 1616 4102 Domini
1642 4049 1928 4121 respicere

254 4133 718 4204 noluerunt,ne'c
731 4151 907 4208 opera
919 4152 1202 4191 manuum
1221 4136 1351 4206 ejus
1364 4135 1742 4208 contemplati
1757 4143 1923 4195 sunt:

253 4230 575 4300 propterea
604 4224 765 4280 ducti
795 4224 1011 4281 suntin
1048 4223 1467 4297 captivitatem,
1503 4225 1647 4297 quia
1678 4244 1791 4281 non
1825 4227 1926 4284 ha-

254 4315 519 4372 buerunt
545 4312 857 4370 scientiam
884 4312 1011 4369 Filii
1045 4313 1168 4380 Dei,
1205 4313 1432 4369 dicente
1478 4314 1605 4386 ipso
1656 4315 1725 4369 ad
1779 4332 1877 4371 eos
1912 4352 1925 4389 ε

256 4427 286 4456 α
315 4405 441 4463 Nec
474 4420 573 4459 me
592 4403 779 4471 scitis,
797 4419 901 4459 nec
934 4418 1069 4458 eum
1095 4402 1201 4475 'qui
1232 4419 1325 4457 me
1348 4402 1515 4457 misit
1537 4404 1715 4471 (Joan.
1738 4408 1926 4475 v1n).»

255 4493 536 4550 Infernus
565 4495 767 4548 autem
797 4490 1012 4547 habere
1040 4490 1299 4547 animam
1340 4490 1580 4559 dicitur,
1619 4510 1733 4547 non
1775 4494 1930 4565 quod

256 4579 482 4637 animal
508 4580 776 4653 sit.juxta
788 4596 1043 4636 errorem
1062 4580 1455 4652 quorumdam
1475 4597 1487 4634 :
1504 4582 1603 4635 sed
1622 4583 1777 4653 quod
1802 4599 1926 4638 ver-
1960 4601 2005 4664 D

256 4669 349 4726 his
372 4670 655 4725 humana:
673 4666 1122 4724 consuetudinis
1146 4685 1342 4723 rerum
1362 4667 1797 4724 insensibilium
1831 4688 1925 4725 cx-

258 4757 1071 4830 primamusaffectum,quod
1094 4755 1444 4812 insatiabilis
1464 4756 1923 4830 sitetnunquam

257 4851 638 4902 mortuorum
663 4844 1043 4901 multitudine
1065 4844 1448 4916 compleatur.
1469 4845 1763 4917 Quidquid
1795 4864 1927 4902 vero

257 4936 329 4991 de
356 4933 580 5008 populo
627 4934 967 4990 Judzeorum
1017 4932 1684 5005 diximus,3trepologiee
1729 4936 1927 5001 referri

260 5028 461 5097 potest
483 5024 558 5079 ad
581 5040 682 5079 eos
714 5024 812 5095 qui
848 5021 1043 5077 saeculi
1077 5021 1302 5077 deliciis
1325 5022 1725 5093 occupati,r.ec
1748 5023 1927 5096 respi-

262 5114 491 5169 cientes
513 5128 691 5184 opera
705 5110 1175 5183 Domini,captivi
1200 5111 1499 5165 ducuntur
1518 5111 1574 5165 in
1601 5118 1926 5183 peccatum,

263 5206 324 5256 et
353 5217 476 5256 non
509 5200 730 5255 habent
759 5200 1068 5255 scientiam
1092 5199 1287 5265 Dei,et
1317 5197 1532 5253 idcirco
1554 5201 1705 5255 fame
1744 5206 1801 5256 et
1831 5201 1927 5256 siti

262 5289 846 5361 pereunt,bonorum
875 5305 1118 5361 operum
1152 5286 1376 5342 scilicet
1406 5291 1579 5359 atque
1600 5288 1883 5345 virtutum
1910 5307 1922 5344 :

261 5382 323 5433 et
354 5376 744 5433 detrahentur
773 5376 833 5432 in
865 5375 1429 5450 gehennam,ibique
1460 5377 1693 5431 mternis
1741 5379 1924 5449 depu~

258 5466 373 5522 tati
406 5466 699 5523 incendiis
733 5464 1054 5539 potentiam
1086 5481 1252 5520 suam
1286 5468 1343 5519 et
1369 5464 1701 5535 superbiam
1734 5465 1792 5520 in
1827 5467 1928 5521 mi-

263 5554 489 5611 seriam
524 5559 582 5610 et
615 5553 1007 5610 humilitatem
1040 5556 1279 5609 cernent
1308 5552 1543 5608 mutari.

344 5666 377 5695 ‹‹
411 5644 482 5701 Et
511 5642 868 5705 exaltabitur
896 5641 1178 5700 Dominus
1207 5640 1563 5699 exercituum
1595 5642 1653 5699 in
1684 5644 1929 5719 judicio,

2027 3333 2347 3403 statimque
2377 3329 2678 3385 desierint.
2693 3329 2819 3383 Non
2844 3332 2933 3385 est
2952 3328 3109 3383 enim
3134 3328 3340 3399 justus
3371 3342 3549 3399 super
3569 3329 3684 3380 ter-

2029 3439 2155 3478 ram
2186 3420 2285 3493 qui
2319 3418 2494 3474 faciat
2522 3418 2744 3473 bonum
2766 3422 2824 3473 et
2845 3417 3160 3490 aliquando
3192 3432 3307 3472 non
3338 3418 3557 3487 peccet,
3581 3412 3684 3469 sed

2030 3510 2129 3584 qui
2187 3509 2394 3581 longos
2455 3507 2748 3561 funiculos
2807 3505 3027 3579 peccati
3080 3503 3485 3577 pertraxerint.
3519 3501 3682 3568 Quod

2031 3604 2227 3656 autem
2258 3596 2630 3670 appellantur
2660 3594 2902 3650 funiculi
2927 3593 3223 3661 vanitatis,
3248 3591 3358 3647 hoc
3388 3588 3684 3662 significat

2032 3689 2188 3762 quod
2238 3686 2587 3741 facientibus
2636 3688 2939 3757 peccatum
2989 3680 3159 3737 facile
3208 3678 3443 3747 texitur,
3477 3678 3535 3733 et
3560 3682 3681 3733 tam

2032 3779 2205 3833 inane
2235 3780 2293 3830 et
2339 3774 2543 3829 inutile
2572 3777 2679 3840 est,
2714 3778 2779 3827 ut
2826 3785 3171 3826 aranearum
3221 3766 3322 3823 ﬁla
3357 3769 3635 3822 texuntur
3663 3782 3678 3824 :

2034 3867 2132 3922 sed
2168 3880 2301 3920 cum
2332 3862 2469 3916 inde
2496 3860 2767 3916 volumus
2806 3859 2979 3926 exire,
3013 3854 3390 3914 solidissimis
3431 3852 3683 3910 vinculis

2034 3952 2408 4010 innectimur.
2429 3949 2761 4004 Plaustrum
2783 3950 2979 4002 autem
3000 3945 3241 4018 plenum
3259 3946 3683 4014 oneratumque

2036 4040 2289 4116 peccatis
2320 4037 2486 4094 facile
2516 4034 2981 4109 intelligunt,qui
3004 4032 3382 4090 meminerint
3396 4031 3683 4104 scriptum

2036 4133 2097 4187 in
2150 4127 2427 4185 Zacharia
2484 4126 2667 4199 (Zach.
2716 4125 2793 4197 v),
2831 4124 3196 4196 impietatem
3252 4121 3452 4178 sedere
3510 4125 3687 4193 super

2037 4220 2326 4276 talentum
2360 4215 2608 4289 plumbi.
2630 4214 2913 4271 Dicuntur
2932 4216 3128 4268 autem
3148 4210 3270 4266 haec
3293 4210 3365 4266 ad
3394 4208 3687 4283 principes

2037 4309 2399 4372 Judaeorum,
2419 4305 2520 4377 qui
2552 4320 2731 4376 supra
2760 4300 2953 4375 arguti
2984 4304 3126 4357 sunt
3153 4299 3214 4355 in
3243 4297 3487 4355 avaritia
3510 4302 3690 4371 atque

2039 4397 2290 4466 luxuria,
2323 4395 2478 4468 quod
2512 4392 2805 4467 provocati
2837 4409 2871 4447 a
2900 4389 3147 4447 Domino
3176 4382 3248 4445 ad
3282 4386 3687 4460 paenitentiam

2040 4492 2098 4544 et
2130 4490 2332 4560 postea
2362 4484 2435 4539 ab
2467 4480 2748 4555 apostolis
2777 4481 2927 4551 ejus,
2951 4483 3009 4533 et
3038 4492 3223 4548 usque
3271 4474 3444 4532 hodie
3489 4490 3686 4546 persc-

2039 4579 2243 4632 verant
2269 4573 2331 4628 in
2360 4569 2764 4643 blasphemiis,
2787 4571 2845 4623 et
2874 4571 3011 4621 tunc
3042 4582 3145 4638 per
3173 4562 3439 4636 singulos
3468 4562 3594 4619 dies
3624 4562 3685 4618 in

2036 4664 2314 4721 omnibus
2344 4657 2657 4733 synagogis
2689 4656 2799 4711 sub
2823 4654 3058 4709 nomine
3080 4653 3523 4708 Nazaraanorum
3546 4667 3686 4708 ana-
3766 4668 3773 4673 '

2038 4751 2494 4808 thematizabant
2519 4744 2869 4802 vocabulum
2901 4741 3319 4799 Christianum.
3360 4741 3463 4797 Est
3490 4744 3688 4796 autem

2036 4859 2246 4897 sensus
2280 4858 2292 4895 :
2325 4838 2419 4891 Vae
2453 4835 2615 4890 vobis
2646 4834 2747 4906 qui
2776 4832 2997 4906 putatis
3028 4831 3182 4885 diem
3205 4830 3417 4901 judicii
3450 4846 3564 4885 non
3596 4828 3686 4883 fu-

2038 4936 2259 4996 turum,
2289 4926 2376 4983 vel
2406 4943 2519 4980 non
2550 4928 2858 4979 venturam
2884 4920 3299 4994 captivitatem,
3332 4934 3509 4991 quam
3553 4933 3686 4989 pro-

2038 5018 2306 5093 pheticus
2327 5032 2519 5071 sermo
2545 5011 2959 5085 prmdicit.Vos
2989 5010 3146 5065 enim
3185 5008 3328 5063 estis
3366 5006 3464 5078 qui
3490 5004 3687 5061 dicitis

2040 5110 2110 5164 ad
2141 5106 2486 5180 prophetam
2512 5121 2525 5158 :
2551 5103 2867 5173 Usquequo
2901 5098 3143 5154 minaris
3172 5097 3342 5151 nobis
3376 5095 3478 5151 Dei
3498 5093 3687 5150 iram?

2038 5196 2324 5252 Volumus
2346 5194 2462 5248 cire
2484 5191 2532 5248 si
2548 5192 2673 5263 jam
2698 5205 2877 5262 prope
2906 5191 3081 5243 estut
3117 5184 3329 5240 veniat.
3353 5185 3468 5239 Hoc
3492 5187 3688 5238 autem

2037 5306 2139 5360 per
2157 5284 2439 5341 ironicam
2459 5278 3011 5337 sermocinationem
3032 5273 3537 5346 loquuntur,quod
3558 5288 3690 5328 eam

2038 5394 2153 5431 non
2186 5377 2392 5446 putent
2421 5387 2548 5425 esse
2579 5364 3023 5437 vcnturam,sed
3056 5362 3399 5420 simulatum
3430 5378 3559 5418 esse
3578 5361 3690 5418 hoc

2036 5464 2279 5522 verbum
2312 5477 2346 5515 a
2375 5457 2677 5531 prepheta.

2116 5574 2142 5602 ‹‹
2169 5550 2264 5605 Vae
2298 5546 2397 5619 qui
2430 5544 2627 5600 dicitis
2656 5541 2879 5597 malum
2930 5542 3171 5611 bonum,
3206 5544 3265 5597 et
3292 5540 3513 5597 bonum
3561 5554 3687 5599 ma-

2041 5643 2187 5713 lum,
2219 5638 2500 5715 ponentes
2530 5632 2800 5691 tenebras
2829 5631 3040 5705 lucem,
3072 5634 3132 5687 et
3158 5629 3349 5689 lucem
3390 5629 3686 5707 tenebras,
