4048 6190
344 339 380 392 τε
399 317 510 382 751
771 309 1178 399 HAYMONIS
1221 301 1764 368 HALBERS'I‘A'I‘.
1811 298 2058 362 EPISC.
2103 300 2274 361 OPP.
2323 300 2521 360 PARS
2565 299 2614 359 Ι.
2661 332 2740 342 -
2782 299 3188 360 COMMENT.
3236 297 3433 360 BIBL.
3685 302 3803 362 132

398 455 683 524 ponentes
713 461 977 504 amarum
1011 443 1069 496 in
1101 439 1288 509 dulce,
1322 441 1382 492 et
1409 435 1579 492 dulce
1608 435 1667 489 in
1687 450 1974 490 amarum.
2011 454 2040 482 »
2071 433 2126 500 Α
2153 432 2630 505 temjustiﬁcans
2658 432 2908 506 impium
2931 448 3036 504 pro
3069 431 3436 502 muneribus,
3459 436 3518 489 et
3537 450 3658 490 non
3673 452 3805 492 cau-

400 520 880 608 Id-est,ejusdcm
906 528 1170 588 criminis
1186 530 1277 584 est
1305 528 1547 593 bonum,
1570 523 1761 579 lucem
1791 526 1851 578 et
1875 521 2046 578 dulce
2153 539 2270 589 sas,
2306 521 2406 577 sed
2440 523 2593 577 dona
2641 520 3044 592 considerans,
3079 537 3208 593 quae
3250 526 3543 578 exerceant
3589 523 3806 593 oculos,

398 624 705 682 contrariis
720 638 923 677 vocare
945 615 1481 686 nominibus,cujus
1502 610 1725 668 malum
1751 610 2043 676 tenebras,
2186 609 2328 666 tiam
2361 611 2742 684 sapientium.
2765 609 2933 666 Unde
2965 610 3290 666 cavendum
3322 615 3430 678 est,
3457 629 3531 668 ne
3559 613 3811 670 enebrie-

396 720 455 770 et
499 727 766 769 amarum
813 707 1096 765 vocabulo
1148 703 1442 778 appellare
1489 701 1796 757 virtutum.
1827 700 1896 754 Et
1937 699 2046 754 hoc
2156 715 2290 755 mur
2317 699 2471 766 vino,
2505 699 2562 754 in
2596 717 2712 772 quo
2740 702 2831 756 est
2878 697 3113 754 luxuria
3135 699 3321 773 (Ephc.
3353 699 3431 772 v),
3464 705 3525 757 et
3565 703 3814 758 nudetur

395 806 600 858 contra
626 817 726 856 eos
747 799 983 866 dicitur,
1001 795 1101 870 qui
1133 797 1437 868 peccatum
1459 809 1575 848 non
1594 795 1803 863 putant
1823 789 1870 843 si
1895 789 2046 843 bono
2153 789 2372 844 femina
2399 787 2784 860 turpitudinis
2834 793 3068 853 nostrae,
3101 793 3162 844 et
3207 788 3526 844 adulcmur
3567 790 3812 863 impium

397 891 729 959 detrahant,
743 893 800 946 et
827 905 946 944 non
975 886 1271 951 aestimant
1300 899 1429 938 esse
1459 880 1738 936 delictum
1771 877 1820 934 si
1853 877 2048 932 lauda-

396 981 588 1039 verint
611 978 858 1036 malum.
874 977 1105 1032 Ponunt
1125 977 1320 1030 autem
1342 969 1529 1026 Judzei
1550 970 1770 1025 bonum
1802 967 2046 1034 malum,

399 1076 459 1128 et
487 1070 680 1126 lucem
711 1067 1009 1133 tenebras,
1029 1068 1087 1120 et
1115 1061 1286 1118 dulce
1331 1074 1622 1128 amarum,
1661 1055 2050 1128 suscipientes

403 1159 718 1216 Barrabam
748 1153 1038 1212 latrocinii
1067 1157 1125 1208 et
1155 1148 1460 1207 seditionis
1489 1150 1810 1213 auctorem,
1831 1149 1890 1200 et
1918 1161 2049 1200 cru-

402 1249 702 1320 ciﬁgentes
731 1245 936 1301 Jcsum
965 1241 1168 1314 (Matth.
1192 1241 1388 1307 xxvn),
1411 1237 1511 1308 qui
1542 1253 1659 1292 non
1687 1237 1922 1290 venerat
1939 1232 2052 1287 nisi

405 1340 477 1396 ad
511 1353 643 1394 oves
691 1333 949 1408 perditas
1001 1333 1212 1387 domus
1266 1326 1466 1394 Israel,
1499 1330 1565 1382 ut
1611 1324 1861 1380 salvaret
1895 1322 2052 1395 quod

406 1425 657 1502 perierat
683 1423 890 1494 (Matth.
923 1421 1037 1492 xv).
1073 1419 1186 1476 Sed
1216 1422 1274 1473 et
1315 1417 1425 1472 hoc
1474 1429 1794 1487 possumus
1840 1411 2052 1502 dicere,

405 1500 563 1589 quod
587 1511 789 1570 omnia
815 1511 1093 1583 dogmata
1118 1505 1347 1564 veritati
1371 1502 1664 1560 contraria
1689 1517 1892 1557 amara
1913 1500 2054 1567 sint,

403 1609 463 1661 et
491 1603 617 1661 sola
643 1604 735 1658 est
780 1599 970 1656 dulcis
1014 1596 1250 1653 veritas.
1285 1594 1449 1650 Unde
1497 1591 1821 1648 cavendum
1861 1594 1954 1644 est
1985 1605 2057 1644 ne

405 1710 509 1766 pro
520 1691 762 1748 veritate
777 1703 1096 1760 sequamur
1107 1682 1696 1752 mendacium,nequc
1718 1677 2058 1753 prolumine

403 1765 695 1839 tenebras.
713 1777 907 1834 Multa:
939 1775 1095 1832 enim
1127 1776 1267 1830 sunt
1293 1771 1398 1826 via:
1429 1787 1556 1844 quze
1585 1769 1856 1824 videntur
1875 1765 2060 1822 homi-

403 1871 582 1928 nibus
611 1871 778 1925 rectm
807 1868 992 1936 (Prov.
1018 1865 1154 1936 xrv),
1187 1867 1244 1918 et
1269 1860 1590 1917 novissima
1617 1873 1818 1914 eorum
1855 1873 2056 1930 perve-

404 1958 578 2016 niunt
625 1957 684 2012 in
734 1954 1093 2028 profundum
1146 1948 1378 2006 interni.
1413 1949 1504 2015 Et,
1531 1951 1595 2002 ut
1643 1945 1851 2018 loquar
1900 1945 2055 2018 quod

405 2045 614 2116 sentio,
646 2042 884 2099 difﬁcile
932 2042 1042 2096 hoc
1077 2037 1386 2094 maledicto
1429 2035 1561 2107 quis
1610 2052 1806 2090 carere
1845 2038 2054 2106 potest,

404 2151 541 2191 cum
571 2137 631 2188 ct
659 2130 831 2187 malis
860 2130 1194 2200 frequenter
1223 2124 1534 2182 adulamur
1565 2127 1800 2196 propter
1846 2127 2054 2194 potcn»

406 2223 638 2289 tiam,et
655 2220 842 2276 bonos
858 2214 1256 2288 despiciamus
1270 2217 1508 2285 pr0pter
1526 2211 1876 2282 inopiam.In
1900 2210 2057 2266 hunc

408 2321 651 2364 sensum
682 2302 953 2376 congruit
982 2301 1126 2357 illud
1150 2301 1305 2372 quod
1336 2298 1608 2354 Salomon
1643 2298 1701 2354 in
1735 2297 2057 2354 Proverbiis

407 2395 706 2469 loquitur:
733 2417 760 2444 α
785 2392 892 2458 Qui
918 2390 1204 2464 justiﬁcat
1229 2387 1681 2460 impium,etqui
1705 2387 2059 2443 condemnat

399 2479 1078 2558 justum,abominabilis
1106 2481 1196 2533 est
1225 2481 1468 2548 uterque
1491 2477 1646 2548 apud
1670 2476 1852 2532 Deum
1871 2478 2054 2546 (Prov.

405 2577 606 2643 xvn).»
638 2569 852 2628 Scriba;
882 2584 1115 2640 quoque
1145 2570 1203 2622 ct
1232 2565 1506 2622 Pharisaei
1535 2566 1713 2620 verba
1741 2565 2057 2622 Salvatoris

409 2679 526 2720 non
558 2659 924 2732 recipientcs,
958 2656 1060 2712 sed
1093 2654 1437 2712 traditiones
1469 2653 1798 2723 hominum,
1833 2659 1892 2710 et
1939 2655 2057 2710 ina—

405 2765 512 2806 nes
563 2747 812 2818 fabulas,
847 2747 1109 2804 fecerunt
1166 2744 1386 2800 bonum
1443 2742 1688 2812 malum,
1724 2746 1781 2798 et
1834 2743 2055 2800 malum

404 2839 647 2896 bonum.

477 2951 505 2979 ‹‹
537 2927 634 2984 νω
663 2926 762 3000 qui
795 2925 1089 2999 sapientes
1118 2924 1262 2979 estis
1292 2923 1352 2976 in
1383 2919 1569 2977 oculis
1597 2921 1826 2990 vestris,
1860 2925 1918 2977 ct
1955 2938 2055 2978 co-

403 3027 532 3074 ram
578 3013 1018 3086 vobismetipsis
1064 3013 1403 3084 prudentes.
1441 3033 1462 3060 ι
1509 3010 1570 3065 1d
1602 3013 1711 3076 est,
1744 3009 1846 3082 qui
1891 3011 2056 3067 vobis

403 3104 550 3178 ipsis
574 3103 812 3176 (inquit)
842 3101 1122 3157 videmini
1155 3117 1283 3156 esse
1331 3098 1644 3171 sapientes,
1665 3099 1766 3170 qui
1799 3100 2054 3172 pruden-

2157 895 2262 950 pro
2291 877 2660 942 muneribus,
2693 876 3003 948 etjustitia
3023 877 3176 948 justi
3227 894 3332 948 pro
3384 877 3592 951 inopia
3630 879 3813 952 despi-

2157 965 2404 1022 ciamus.
2429 966 2591 1032 Quod
2623 970 2682 1021 et
2712 966 2774 1021 in
2803 963 3063 1038 Epistola
3106 965 3308 1022 Jacobi
3351 967 3722 1040 praecipitur,
3755 986 3816 1026 ne

2157 1054 2515 1111 honorantes
2555 1055 2770 1127 impios
2799 1053 3029 1122 divites,
3061 1057 3120 1110 et
3162 1055 3558 1128 despicientes
3589 1063 3818 1115 sanctos

2157 1160 2464 1216 pauperes,
2497 1144 2709 1200 ﬁamus
2741 1142 2966 1216 iudices
2996 1142 3348 1214 iniquitatis.

2233 1301 2262 1327 ››
2285 1278 2523 1352 Propter
2542 1277 2652 1334 hoc
2674 1278 2826 1334 sicut
2846 1278 3083 1334 devorat
3098 1277 3378 1351 stipulam
3403 1277 3616 1352 lingua
3649 1281 3820 1354 ignis,

2160 1371 2218 1422 et
2246 1367 2404 1423 calor
2434 1367 2684 1422 flammae
2714 1367 2908 1423 exurit
2938 1383 2951 1421 :
2986 1367 3074 1424 sic
3105 1367 3269 1422 radix
3297 1383 3502 1424 eorum
3535 1368 3716 1442 quasi
3749 1372 3820 1426 fa-

2161 1454 2319 1522 villa,
2351 1461 2408 1510 et
2428 1472 2662 1529 germen
2698 1473 2904 1512 eorum
2938 1460 3002 1511 ut
3032 1455 3224 1529 pulvis
3254 1457 3556 1514 ascendet.
3588 1459 3820 1532 Abjece-

2165 1549 2302 1600 runt
2326 1545 2484 1601 enim
2515 1543 2702 1617 legem
2733 1544 2966 1600 Domini
2995 1545 3455 1612 exercituum,et
3486 1563 3822 1604 sermonem

2165 1634 2350 1689 sancti
2413 1631 2588 1690 Israel
2639 1633 3234 1706 blasphemaverunt;
3269 1657 3296 1684 ››
3329 1634 3386 1690 id
3433 1638 3547 1702 est,
3592 1643 3826 1710 propter
3915 1643 3923 1655 ‘

2165 1722 2498 1796 superiores
2528 1739 2738 1779 causas
2760 1721 3049 1796 superbia:
3066 1727 3125 1779 et
3146 1723 3447 1781 ebrietatis
3469 1729 3528 1780 et
3548 1727 3822 1795 avaritia,

2089 1807 2136 1872 B
2165 1813 2306 1884 quia
2321 1829 2423 1884 pro
2450 1812 2578 1867 uvis
2598 1810 2925 1868 attulerunt
2940 1810 3162 1884 spinas,
3193 1811 3414 1880 fenum,
3439 1811 3628 1886 ligna,
3647 1813 3827 1887 stipu-

2167 1900 2307 1966 lam,
2339 1917 2696 1972 arsurasque
2724 1916 2947 1972 vepres,
2984 1900 3112 1957 ideo
3143 1899 3308 1956 radix
3338 1900 3579 1958 malitiae
3624 1918 3825 1958 eorum

2166 1989 2461 2063 redigetur
2492 1989 2549 2043 in
2584 1987 2933 2056 favillam,et
2962 1988 3155 2044 omnis
3178 1987 3284 2044 flos
3306 1988 3603 2062 superbia:
3623 1995 3688 2046 et
3707 1991 3828 2066 pul-

2167 2079 2438 2134 chritudo
2469 2077 2807 2133 divitiarum
2837 2081 2896 2133 et
2923 2077 3184 2149 corporis
3207 2076 3427 2149 pulveri
3461 2081 3828 2153 comparabi-

2167 2167 2422 2223 tur.Non
2442 2165 2597 2222 enim
2631 2165 2822 2222 solum
2855 2165 2970 2222 ista
2997 2167 3279 2233 fecerunt,
3293 2167 3395 2224 sed
3426 2166 3522 2224 his
3543 2169 3829 2241 gradibus

2167 2261 2553 2329 pervenerunt
2610 2256 2680 2310 ad
2723 2253 3154 2327 blasphemiam
3189 2271 3202 2310 :
3237 2259 3305 2311 ut
3346 2254 3539 2329 legem
3591 2257 3827 2316 Domini

2167 2363 2281 2401 non
2311 2351 2377 2401 ut
2405 2345 2592 2418 legem
2621 2343 2852 2401 Domini
2883 2343 3289 2418 reciperent,et
3315 2361 3622 2404 sermones
3643 2347 3831 2404 sancti

2168 2434 2342 2490 Israel
2375 2427 2870 2506 blasphemarent.
2892 2433 2972 2490 De
3004 2432 3220 2506 quibus
3243 2435 3621 2491 sermonibus
3651 2453 3832 2510 supra

2165 2523 2416 2595 legimus
2439 2540 2452 2578 :
2481 2522 2559 2576 De
2589 2520 2727 2576 Sion
2749 2520 3080 2593 egredietur
3099 2519 3212 2583 lex.
3236 2524 3294 2577 et
3325 2521 3572 2578 verbum
3594 2521 3830 2578 Domini

2166 2613 2238 2667 de
2269 2610 2656 2667 Hierusalem.
2681 2609 2875 2666 Potest
2890 2613 3087 2666 autem
3105 2614 3163 2666 et
3183 2609 3348 2665 radix
3380 2608 3440 2664 in
3473 2608 3652 2666 malis
3679 2611 3831 2685 cogi-

2165 2701 2488 2757 tationibus
2519 2698 2962 2774 accipi,fructus
2979 2702 3174 2754 autem
3195 2697 3283 2753 vel
3306 2713 3548 2771 germen
3569 2697 3631 2754 in
3654 2699 3826 2756 malis

2166 2789 2442 2863 operibus
2475 2793 2650 2860 atque
2683 2786 3073 2858 sermonibus,
3092 2787 3328 2859 utquod
3351 2787 3412 2842 in
3443 2786 3643 2845 radice
3665 2787 3824 2858 latet,

2166 2882 2527 2934 monstretur
2556 2877 2614 2932 in
2645 2875 2928 2949 germine.

2238 3034 2264 3060 ‹‹
2291 3010 2424 3066 Ideo
2455 3010 2640 3066 iratus
2661 3012 2751 3064 est
2777 3007 2936 3096 furor
2966 3007 3198 3064 Domini
3227 3007 3286 3064 in
3309 3008 3597 3082 populum
3621 3027 3820 3078 suum,

2161 3105 2218 3157 et
2247 3097 2504 3168 extendit
2535 3113 2777 3152 manum
2808 3111 2976 3152 suam
3025 3111 3204 3170 super
3249 3111 3406 3166 eum,
3438 3103 3499 3154 et
3528 3100 3821 3172 percussit

405 3177 550 3248 tiam
581 3207 698 3246 non
729 3189 832 3246 Dei
861 3186 1199 3260 sequimini,
1221 3187 1324 3244 sed
1355 3186 1756 3258 hominum,et
1792 3187 1894 3258 qui
1941 3205 2057 3242 non
2086 3177 2130 3244 C
2168 3205 2304 3246 eum
2342 3205 2356 3243 :
2389 3191 2447 3244 et
2476 3185 2806 3242 conturbati
2827 3188 2967 3241 sunt
2988 3189 3311 3252 montes,et
3340 3185 3494 3242 facta
3509 3193 3820 3245 suntm

405 3277 665 3351 recipitis
711 3278 812 3334 Dei
853 3278 1127 3332 virtutem
1173 3275 1394 3346 Deique
1447 3274 1815 3346 sapientiam,
1847 3281 1905 3331 et
1953 3277 2051 3348 qui

407 3366 632 3442 putatis
659 3382 763 3423 vos
791 3381 920 3422 esse
949 3363 1246 3436 sapientes
1273 3364 1322 3432 (ι
1354 3365 1483 3419 Cor.
1517 3364 1580 3435 ι).

480 3479 510 3508 α
539 3455 636 3512 Vas
667 3454 766 3528 qui
799 3457 1066 3527 potentes
1113 3451 1257 3508 estis
1287 3453 1360 3508 ad
1389 3451 1713 3509 bibendum
1742 3453 1966 3524 vinum,
1997 3459 2056 3511 et

403 3545 512 3605 viri
532 3547 715 3604 fortes
743 3545 816 3601 ad
847 3543 1210 3600 miscendam
1243 3542 1606 3598 ebrietatem.
1634 3565 1662 3591 ››
1698 3542 1756 3598 Id
1795 3547 1904 3616 est,
1935 3543 2054 3600 illis

403 3637 621 3710 quibus
652 3652 832 3708 supra
851 3633 1078 3689 dixerat
1111 3649 1123 3688 :
1159 3632 1254 3687 Va:
1277 3631 1377 3704 qui
1409 3631 1765 3705 consurgitis
1787 3649 1958 3688 mane
1979 3635 2052 3689 ad

401 3725 742 3784 ebrietatem
773 3723 1138 3790 sectandam,
1173 3724 1230 3776 et
1259 3721 1582 3793 potandum
1617 3735 1802 3792 usque
1833 3721 1904 3776 ad
1935 3738 2056 3778 ves-

401 3833 628 3890 perum,
659 3819 725 3872 ut
750 3814 886 3872 vino
915 3811 1196 3870 aestuetis.
1229 3811 1325 3866 Vae
1355 3809 1450 3866 his
1477 3809 1651 3865 etiam
1683 3828 1840 3866 nunc
1871 3811 2055 3883 loqui-

400 3909 515 3974 tur,
549 3905 651 3977 qui
682 3908 946 3977 potentes
977 3906 1119 3958 sunt
1148 3901 1218 3956 ad
1253 3900 1573 3957 bibendum
1602 3900 1827 3966 vinum,
1851 3905 1909 3956 et
1946 3899 2052 3956 viri

399 3993 580 4048 fortes
609 3991 682 4050 ad
713 3992 1077 4049 miscendam
1109 3989 1378 4056 siceram,
1409 3989 1508 4062 qui
1542 3989 1868 4046 inebrietati
1917 3991 2051 4045 vino

401 4080 672 4136 draconis
698 4083 757 4135 et
784 4095 1004 4135 veneno
1035 4077 1308 4150 aspidum
1339 4079 1928 4146 insanabili,virtntcs
1947 4079 2054 4134 Do-

401 4166 548 4223 mini
578 4165 1115 4230 calumniabantur,
1145 4169 1205 4221 et
1233 4165 1346 4238 ipsi
1378 4165 1523 4221 ebrii
1554 4166 1926 4223 inebriahant
1948 4184 2049 4239 po-

401 4253 667 4328 pulos,ut
687 4253 811 4325 pari
835 4255 1028 4310 furore
1055 4252 1713 4321 bacchantes,adversus
1733 4255 2048 4312 Dominum

399 4342 856 4400 conclamarent.
875 4343 1031 4398 Inter
1051 4340 1256 4397 vinum
1273 4345 1330 4399 et
1357 4341 1608 4397 siceram
1631 4343 1804 4414 juxta
1833 4361 2047 4416 anago-

399 4447 512 4506 gen
542 4432 652 4489 hoc
681 4431 936 4489 arbitror
964 4446 1114 4498 esse,
1148 4430 1304 4502 quod
1335 4429 1538 4485 vinum
1570 4447 1688 4486 una
1716 4448 1748 4486 e
1778 4430 2048 4505 pluribus

2160 3277 2340 3334 ticina
2371 3292 2572 3333 eorum
2603 3276 2771 3346 quasi
2804 3277 3028 3329 stercus
3059 3273 3119 3330 in
3150 3273 3340 3330 medio
3371 3273 3735 3347 platearum.
3758 3277 3818 3332 In

2162 3365 2438 3423 omnibus
2467 3363 2561 3420 his
2592 3379 2708 3419 non
2739 3366 2829 3419 est
2855 3378 3095 3419 aversus
3121 3362 3283 3420 furor
3307 3364 3459 3434 ejus,
3481 3365 3589 3420 sed
3626 3365 3816 3422 adhuc

2163 3470 2375 3510 manus
2403 3453 2532 3525 ejus
2560 3455 2812 3508 extenta.
2843 3473 2873 3502 »
2912 3450 3196 3518 Quoniam
3244 3451 3592 3524 abjecerunt
3635 3453 3816 3528 legem

2163 3541 2395 3599 Domini
2425 3539 2809 3607 exercituum,
2842 3555 3021 3612 quam
3070 3556 3133 3597 se
3182 3540 3461 3598 daturum
3510 3557 3622 3614 per
3659 3543 3814 3600 Jers-

2163 3631 2341 3688 miam
2374 3629 2658 3687 Dominus
2689 3628 2996 3702 pollicetur
3025 3627 3226 3686 dicens
3259 3645 3272 3685 :
3307 3651 3336 3680 «
3369 3629 3518 3687 Ecce
3547 3629 3682 3688 dies
3723 3647 3814 3689 vc-

2163 3721 2352 3787 niunt,
2385 3719 2526 3775 dicit
2583 3717 2890 3787 Dominus,
2922 3721 2982 3773 et
3037 3717 3240 3776 feriam
3299 3717 3504 3776 domui
3557 3719 3738 3777 Israel
3763 3725 3815 3776 et

2160 3810 2359 3867 domui
2390 3809 2545 3865 Juda
2576 3808 2761 3864 foedus
2794 3822 3046 3864 novum:
3071 3823 3188 3862 non
3217 3807 3549 3864 secundum
3579 3815 3811 3882 pactum

2160 3899 2315 3971 quod
2347 3897 2538 3971 pepigi
2569 3913 2703 3953 cum
2727 3895 2992 3969 patribus
3007 3895 3298 3963 eorum,in
3319 3896 3414 3954 die
3445 3899 3690 3970 quando
3721 3915 3812 3971 ap-

2160 3987 2439 4060 prehendi
2475 4002 2714 4042 manum
2747 4000 2950 4042 eorum
2981 3989 3047 4042 ut
3073 3985 3380 4042 educerem
3411 4001 3514 4042 eos
3546 3987 3620 4044 de
3669 3991 3811 4043 terra

2158 4075 2387 4149 (Egypti
2437 4076 2566 4148 (Jer.
2606 4076 2782 4143 xxxx).
2814 4095 2843 4124 »
2877 4074 2948 4130 Et
2997 4089 3330 4130 sermonem
3389 4074 3584 4131 sancti
3637 4072 3807 4132 Israel

2159 4163 2714 4237 blasphemaverunt
2753 4162 3016 4220 dicentes
3064 4163 3244 4235 (Joau.
3274 4179 3414 4232 vm;
3445 4163 3652 4222 Matth.
3681 4179 3806 4231 nn;

2157 4253 2320 4310 Marc.
2353 4256 2433 4321 v1)
2466 4269 2479 4308 :
2517 4275 2544 4303 ‹‹
2577 4251 2942 4308 Βωωοηὶιιω
2975 4251 3171 4318 habet,
3191 4273 3219 4301 ››
3250 4257 3309 4309 et
3341 4275 3368 4303 ‹‹
3401 4253 3808 4312 Samaritanus

2155 4347 2304 4398 est.»
2337 4343 2441 4398 Et:
2467 4365 2494 4392 ι(
2520 4357 2712 4398 nonne
2742 4340 2836 4396 hic
2865 4345 2956 4398 est
2985 4339 3144 4396 ﬁlius
3175 4340 3362 4398 fabri?
3396 4365 3425 4392 ››
3447 4341 3672 4400 Idcirco
3699 4344 3806 4400 ira-

2156 4435 2253 4488 tus
2281 4435 2370 4488 est
2398 4431 2559 4488 furor
2589 4430 2821 4486 Domini
2850 4430 2911 4486 in
2952 4429 3238 4502 populum
3287 4447 3488 4500 suum,
3516 4433 3620 4505 qui
3650 4433 3804 4506 prius

398 4521 760 4596 perturbatio
807 4526 898 4579 est
929 4538 942 4578 :
975 4520 1132 4576 verbi
1178 4519 1387 4594 gratia,
1437 4517 1744 4613 libidinis,_
1770 4520 2044 4590 avaritiae,
2080 4547 2126 4613 Β
2158 4519 2346 4576 iratus
2378 4520 2569 4575 fuerat
2593 4522 2808 4613 contra.
2827 4517 3122 4613 principes
3155 4523 3219 4613 et
3241 4524 3533 4592 potentes,
3565 4521 3668 4593 qui
3715 4537 3803 4613 sa-

397 4611 548 4686 gula:
577 4615 636 4668 et
660 4611 908 4666 invidiae.
929 4610 1126 4667 Sicera
1155 4613 1376 4677 autem,
1406 4609 1462 4664 id
1495 4613 1584 4665 est
1625 4608 1895 4676 ebrietas,
1929 4627 2050 4666 om-

395 4717 502 4757 nes
530 4700 589 4756 in
619 4715 684 4756 se
711 4699 984 4755 vitiorum
1013 4698 1271 4754 continet
1297 4697 1620 4770 passiones.
1647 4700 1802 4764 Quas
1832 4699 2048 4755 rectius

396 4789 602 4846 Latino
649 4804 919 4844 sermone
967 4788 1433 4859 perturbationes
1481 4805 1800 4859 possumus
1831 4787 2044 4858 dicere,

395 4878 551 4952 quod
583 4881 804 4934 statum
827 4875 1043 4932 mentis
1063 4879 1342 4942 evertant,
1358 4881 1415 4930 et
1432 4877 1624 4932 ebrios
1645 4893 1745 4932 eos
1766 4876 2044 4943 efﬁciant,

393 4972 452 5024 et
479 4967 699 5024 faciant
729 4981 828 5022 eos
858 4963 1084 5020 nescire
1114 4964 1257 5036 quid
1287 4969 1481 5037 agant.
1517 4966 1861 5038 Quicunque
1908 4983 2045 5040 ergo

397 5061 645 5130 possunt
665 5054 942 5122 multum,
961 5053 1177 5110 debent
1194 5068 1389 5109 carere
1411 5051 1649 5117 vitiis,et
1669 5053 1919 5109 maxime
1936 5055 2041 5124 ira,

311 5151 315 5153 ’
396 5163 525 5218 quae
548 5146 762 5203 furoris
789 5162 953 5202 soror
967 5147 1155 5213 est,ne
1176 5147 1396 5216 quanto
1426 5141 1560 5214 plus
1590 5148 1858 5214 possunt,
1884 5148 2044 5200 tanto

398 5236 652 5309 amplius
681 5235 964 5308 subjectis
995 5236 1262 5290 noceant.

469 5347 497 5374 ‹‹
525 5324 632 5390 Qui
651 5323 995 5397 justiﬁcatis
1020 5323 1268 5394 impium
1289 5337 1394 5394 pro
1419 5320 1785 5389 muneribus,
1809 5320 2051 5392 etjusti-

397 5411 539 5466 tiam
563 5412 712 5485 justi
764 5411 1007 5468 aufertis
1053 5411 1126 5467 ab
1157 5429 1244 5468 eo.
1283 5433 1310 5459 ››
1343 5411 1412 5466 Et
1441 5410 1562 5466 haec
1593 5427 1728 5482 pars
1769 5409 2046 5466 vitiorum

395 5502 490 5554 est
516 5499 718 5569 vinem,
752 5517 880 5572 qua:
914 5517 1016 5573 pro
1045 5499 1174 5557 uvis
1216 5499 1352 5556 fecit
1400 5499 1724 5568 labruscas,
1759 5503 1817 5555 et
1845 5515 2045 5570 exspe-

395 5589 589 5649 ctante
620 5586 864 5645 Domino
893 5593 958 5644 ut
987 5588 1200 5645 faceret
1237 5588 1553 5662 judicium,
1589 5588 1724 5645 fecit
1768 5586 2043 5664 iniquita-

2159 4609 2382 4682 pientes
2411 4607 2658 4664 erantin
2681 4607 2868 4664 oculis
2884 4607 3029 4664 suis.
3046 4607 3223 4665 Irasci
3244 4613 3444 4664 autem
3481 4608 3642 4666 Deus
3669 4607 3803 4665 dici-

2156 4702 2396 4766 tur,non
2422 4696 2578 4770 quod
2601 4695 2878 4752 humanis
2893 4696 3356 4769 perturbationis
3377 4695 3800 4770 subjaceagsed

2156 4787 2309 4858 quod
2343 4803 2450 4841 nos
2480 4785 2582 4858 qui
2613 4783 3038 4856 delinquimus,
3051 4783 3164 4840 nisi
3192 4785 3546 4842 irascentem
3567 4783 3804 4843 audieri-

2157 4892 2290 4930 mus
2311 4875 2618 4944 Dominus,
2633 4890 2748 4928 non
2779 4873 3098 4930 timeamus
3127 4860 3284 4930 eum.
3304 4873 3467 4930 Unde
3485 4879 3548 4930 et
3565 4876 3802 4948 Aposto-

2155 4963 2248 5018 lus
2279 4962 2500 5030 scribit,
2523 4962 2680 5034 quod
2705 4985 2733 5011 ‹‹
2755 4961 2989 5020 bonitas
3007 4961 3111 5019 Dei
3131 4967 3190 5019 et
3219 4963 3506 5035 patientia
3535 4965 3804 5037 provocat

2154 5069 2261 5107 nos
2291 5051 2362 5108 ad
2397 5051 2798 5124 pcenitentiam
2828 5053 3004 5122 (Rom.
3037 5051 3122 5123 ιι).
3154 5074 3184 5102 ››
3207 5052 3324 5108 Nos
3361 5057 3560 5108 autem
3600 5067 3799 5109 secun-

2154 5141 2295 5196 dum
2319 5140 2596 5197 duritiam
2619 5145 2677 5197 et
2707 5139 3080 5212 impmnitens
3101 5157 3204 5198 cor
3233 5137 3803 5207 nostrum,thesauri-

2157 5247 2362 5287 zamus
2389 5230 2560 5286 nobis
2590 5229 2740 5286 iram
2771 5231 2831 5285 in
2863 5229 2958 5285 die
2987 5229 3086 5285 iris
3133 5234 3192 5286 et
3239 5229 3612 5288 revelationis
3654 5226 3794 5303 justi

2147 5319 2358 5391 judicii
2389 5319 2512 5376 Dei.
2545 5323 2680 5388 Quae
2712 5319 2790 5377 sit
2819 5323 3016 5377 autem
3047 5335 3260 5376 manus
3303 5333 3432 5392 quas
3475 5318 3797 5376 extenditur

2155 5407 2242 5466 vel
2272 5408 2532 5466 elevatur
2559 5425 2739 5481 super
2766 5407 3050 5481 populum
3081 5407 3588 5480 peccatorem,Job
3613 5405 3792 5478 capite

2156 5515 2310 5554 nono
2340 5497 2604 5570 loquitur
2629 5497 3022 5566 manifestius,
3067 5520 3090 5548 ι
3125 5497 3338 5555 Manus
3381 5496 3539 5556 enim
3569 5490 3788 5552 Domini

2152 5587 2344 5662 tetigit
2373 5604 2485 5645 me.
2524 5610 2552 5638 ››
2603 5586 2766 5646 Unde
2809 5585 3078 5646 diabolus
3125 5586 3316 5646 sciens
3365 5587 3695 5662 potestatem
3723 5579 3788 5636 in
