4048 6190
256 264 375 329 753

1226 262 1235 267 ’
1327 270 1732 363 ΟΟΜ-ΜΕΝΤ.
1780 276 1858 338 IN
1903 276 2200 343 ISAIAM.
2247 316 2324 326 —
2365 282 2513 346 LIB.
2557 284 2604 347 Ι.

3546 297 3664 360 754

256 416 437 456 manu
460 397 929 500 Domini‘esse,et
951 400 1008 457 in
1030 400 1270 500 brachio
1291 405 1420 476 ejus
1442 407 1596 479 quod
1618 409 1908 466 universis
1936 411 1990 479 Α
2016 413 2149 485 ejus
2168 415 2337 487 quasi
2360 416 2618 489 impetus
2644 421 3284 497 tempostatis.Rugitus
3315 426 3443 500 ejus
3473 432 3539 485 ut
3555 428 3671 487 leo-

251 488 532 563 gentibus
563 487 883 545 revelatum
913 490 1171 586 est,diei_t
1200 494 1271 548 ad
1305 494 1658 586 Dominum:
1690 520 1710 547 ιι
1748 497 1914 554 Mitte
2024 502 2138 568 nis,
2173 504 2365 578 rugiet
2411 487 2476 562 ut
2504 508 2679 565 catuli
2712 487 2968 582 leonum,
3001 517 3057 568 et
3086 487 3422 586 fraudetiet
3450 520 3672 577 tenebit

254 594 501 634 manum
525 580 688 632 tuam
711 581 769 632 et
788 582 963 651 tange
992 580 1190 637 omnia
1214 599 1340 653 qua
1363 582 1561 652 habet,
1585 584 1697 641 nisi
1732 586 1789 641 in
1821 587 1911 643 fa-

251 665 404 723 ciem
428 665 790 723 benedixerit
808 667 914 723 tibi
942 668 1077 736 (Job.
1110 671 1195 741 ιι).
1232 694 1259 720 ››
1290 673 1451 737 Quod
1486 677 1680 729 autem
1710 676 1912 747 sequi-

252 759 356 812 tur
379 772 392 810 :
416 758 476 811 et
507 754 802 828 percussit
822 755 1042 825 eum,id
1065 763 1156 813 est
1178 759 1458 831 populum
1478 767 1737 827 suum,et
1768 781 1908 819 con-

251 844 475 901 turbati
508 848 651 900 sunt
682 849 912 901 montes
946 864 959 901 :
992 845 1363 919 hyperbolice
1417 855 1716 922 putamus,
1752 856 1907 925 quod

248 951 360 1006 pro
390 934 801 1006 magnitudine
849 935 1141 992 malorum
1175 937 1351 1001 etiam
1387 944 1618 997 montes
1652 959 1909 999 commo-

246 1028 520 1092 veantur,
584 1028 643 1080 et
699 1024 1079 1081 cadaveribus
1138 1031 1503 1084 mortuorum
1577 1030 1912 1102 repleantur

247 1130 461 1169 omnes
488 1112 690 1184 platea
731 1112 986 1168 urbium.
1020 1114 1139 1169 Hoc
1182 1115 1465 1173 accidisse
1511 1117 1731 1174 Judais
1779 1124 1912 1192 post

245 1200 592 1275 passionem
624 1202 858 1257 Domini
891 1203 1003 1257 sub
1031 1202 1389 1276 Vespasiano
1419 1210 1477 1261 et
1505 1207 1779 1275 Adriano,
1815 1227 1908 1265 ne-

246 1308 350 1348 mo
381 1289 519 1364 quis
546 1290 798 1346 dubitat.
830 1290 1094 1364 Cumque
1142 1292 1263 1348 hac
1310 1294 1462 1350 facta
1504 1296 1644 1363 sint,
1679 1314 1793 1352 non
1820 1302 1910 1353 est

245 1397 497 1436 aversus
527 1380 690 1435 furor
717 1380 868 1452 ejus,
902 1381 1005 1436 sed
1032 1381 1224 1437 adhuc
1255 1400 1467 1439 manus
1496 1386 1625 1457 ejus
1654 1390 1905 1451 extenta,

244 1487 368 1542 quo
400 1468 672 1525 habitum
704 1469 1012 1525 irascentis
1041 1474 1099 1525 et
1124 1472 1499 1543 percutientis
1529 1474 1803 1529 ostendit.
1840 1477 1909 1531 Et

242 1558 584 1614 notandum
614 1556 676 1613 in
707 1556 801 1613 his
831 1557 1108 1616 omnibus
1152 1560 1307 1630 quod
1340 1578 1454 1615 non
1486 1561 1569 1618 eis
1599 1564 1909 1635 exprobret

242 1645 791 1715 idololatriam,non
822 1646 937 1702 alia
968 1651 1207 1719 peccata
1237 1653 1474 1721 propter
1501 1668 1629 1723 qua
1659 1652 1909 1708 oll‘ende-

243 1741 393 1793 runt
407 1735 723 1792 Dominum
736 1777 749 1801 ,
765 1736 866 1792 sed
881 1736 1019 1809 quia
1033 1737 1374 1808 abjecerunt
1386 1736 1569 1811 legem
1589 1740 1902 1813 Evangelii,

239 1830 300 1882 et
331 1840 671 1881 sermonem
703 1823 805 1880 Dei
838 1824 1411 1897 blasphemaverunt.

314 1938 344 1965 ‹‹
374 1915 450 1971 Et
468 1912 714 1970 elevabit
735 1914 974 1987 signum
996 1913 1055 1969 in
1079 1915 1415 1971 nationibus
1439 1915 1662 1988 procul,
1684 1922 1741 1973 et
1770 1918 1908 1973 sibi-

239 2003 395 2060 labit
416 2003 491 2059 ad
512 2019 647 2059 eum
670 2001 740 2057 de
772 2001 991 2058 ﬁnibus
1021 2004 1283 2059 terra.Et
1310 2021 1441 2061 ecce
1472 2004 1721 2061 festinus
1750 2005 1904 2061 velo-

239 2090 396 2148 citer
416 2092 693 2162 veniet,et
721 2108 837 2147 non
870 2092 981 2147 erit
1010 2092 1306 2164 deficiens,
1326 2110 1514 2165 neque
1542 2094 1817 2150 laborans
1844 2095 1903 2149 in

241 2197 334 2237 eo.
375 2181 507 2237 Non
536 2180 880 2236 dormitabit
910 2197 1097 2253 neque
1127 2180 1397 2250 dormiet,
1432 2200 1619 2255 neque
1651 2182 1908 2239 solvetur

238 2268 559 2343 cingulum
587 2268 925 2326 lumborum
955 2270 1299 2343 ejus,neque
1331 2276 1638 2344 rumpatur
1656 2272 1906 2345 corrigia

237 2357 633 2415 calceamenti
657 2358 806 2429 ejus.
826 2359 1063 2431 Sagitta
1081 2359 1210 2432 ejus
1223 2362 1487 2427 acuta,ct
1506 2377 1712 2416 omnes
1732 2379 1903 2421 arcus

235 2449 379 2521 ejus
404 2448 640 2503 extenti.
665 2446 906 2522 Ungula
936 2464 1222 2520 equorum
1254 2449 1383 2521 ejus
1415 2453 1480 2505 ut
1509 2449 1739 2519 silex,et
1767 2453 1902 2506 rota

1934 1783 1983 1849 B

2020 593 2297 663 pradam,
2329 599 2387 649 et
2415 596 2842 669 amplexabitur
2873 618 2887 655 :
2922 605 2979 656 et
3008 619 3122 657 non
3168 604 3279 659 erit
3308 606 3405 676 qui
3438 607 3667 680 eripiat.

2020 680 2092 735 Et
2121 682 2353 737 sonabit
2381 701 2558 755 super
2586 702 2719 741 eum
2752 688 2811 742 in
2844 689 2936 743 die
2970 689 3091 757 illa,
3112 691 3263 747 sicut
3286 693 3514 751 sonitus
3545 713 3671 752 ma-

2021 768 2499 843 ris.Aspiciemus
2533 775 2591 830 in
2625 781 2861 843 terram,
2895 783 2952 834 et
2981 796 3113 835 ecce
3144 783 3391 838 tenebra
3421 784 3669 841 tribula-

2018 858 2217 926 tionis,
2252 864 2308 915 et
2336 861 2435 916 lux
2487 863 2865 921 obtenebrata
2921 874 3010 924 est
3054 870 3111 924 in
3162 870 3409 944 caligine
3455 873 3603 943 ejus.
3640 896 3667 923 ››

2020 947 2235 1003 Gentes
2265 965 2400 1020 ergo
2433 949 2602 1023 longe
2633 953 2853 1024 positas
2884 955 3258 1028 significat,ct
3273 977 3398 1031 qua
3420 960 3477 1015 in
3500 965 3666 1018 terra

2020 1034 2238 1090 finibus
2253 1045 2723 1096 commorantur:
2746 1042 2900 1098 haud
2922 1045 3165 1100 dubium
3185 1047 3325 1118 quin
3351 1049 3665 1119 Romanos,

2018 1128 2077 1179 et
2133 1141 2337 1180 omnes
2388 1126 2588 1194 Italia,
2638 1130 2957 1197 Gallorum,
3003 1138 3061 1189 et
3106 1151 3235 1205 qua
3285 1136 3343 1191 in
3390 1138 3668 1210 Hispania

2017 1216 2159 1267 sunt
2191 1217 2412 1285 gentes,
2439 1232 2566 1286 qua
2616 1219 2729 1272 sub
2774 1219 3133 1293 Vespasiano
3177 1227 3235 1278 et
3273 1226 3524 1281 Adriano
3556 1228 3667 1282 Ριοο

2018 1319 2193 1357 mane
2248 1303 2492 1377 imperio
2541 1308 2943 1378 subjacebant.
2978 1306 3266 1368 Describit
3311 1331 3447 1386 ergo
3477 1330 3669 1371 sermo

2018 1391 2251 1447 divinus
2272 1392 2636 1450 velocitatem
2662 1398 2948 1455 venientis
2964 1402 3377 1474 exercitus,qui
3401 1420 3517 1459 non
3539 1420 3669 1471 sua,

2017 1480 2119 1535 sed
2154 1479 2383 1534 Domini
2417 1483 2638 1538 venerit
2666 1484 2986 1553 voluntate,
3006 1488 3124 1542 imo
3154 1491 3226 1545 ab
3258 1490 3356 1546 illo
3387 1494 3672 1549 attractus

2016 1572 2074 1623 et
2114 1566 2285 1623 sibilo
2316 1568 2476 1626 illius
2507 1578 2875 1644 provocatus,
2907 1577 3062 1645 quod
3096 1594 3209 1633 non
3242 1578 3538 1648 defecerit,
3563 1599 3670 1638 nec

2015 1659 2177 1711 tanto
2225 1655 2430 1714 itinere
2479 1659 2845 1728 laboraverit,
2892 1669 2949 1718 et
2997 1667 3316 1737 cupiditate
3367 1669 3669 1739 pradandi

2016 1761 2291 1800 somnum
2322 1745 2507 1802 oculis
2540 1766 2653 1803 non
2684 1750 3413 1820 admiserit,calceamenta
3433 1773 3667 1831 quoque

2015 1833 2144 1904 ejus
2193 1851 2309 1889 non
2366 1840 2506 1891 sunt
2554 1837 2775 1904 attrita,
2822 1840 3260 1912 sagittariorum
3302 1860 3563 1909 cursum,
3598 1862 3665 1901 ac

2015 1920 2457 1978 multitudinem
2471 1924 3666 2005 equitum,turmasquccurruum,quadri-

2014 2026 2341 2093 garumque
2371 2010 2838 2085 fervorem,quod
2870 2015 3058 2071 instar
3086 2015 3269 2074 leonis
3300 2035 3413 2074 non
3437 2023 3556 2074 tam
3589 2021 3663 2076 ad

2015 2099 2398 2168 pugnandum
2424 2117 2599 2171 quam
2619 2102 2691 2156 ad
2710 2103 3089 2173 praedandum
3121 2106 3561 2178 vorandumque
3577 2125 3667 2163 ve-

2014 2185 2251 2251 nerit,et
2281 2185 2542 2243 ululatus
2571 2188 2858 2245 vincentis
2887 2193 3174 2248 exercitus
3202 2193 3448 2250 marinis
3468 2196 3663 2251 ﬂucti-

2014 2274 2126 2329 bus
2156 2281 2552 2348 comparatur.
2576 2279 2657 2333 Ex
2687 2296 2802 2350 quo
2836 2282 3158 2335 notandum
3192 2287 3301 2349 est,
3327 2283 3665 2356 ubicunque

2014 2362 2242 2420 sonitus
2273 2365 2455 2420 maris
2485 2366 2545 2420 in
2577 2367 2897 2440 Scripturis
2927 2370 3419 2443 appellatur,quid
3446 2371 3667 2445 signifi-

2014 2455 2105 2508 cet
2134 2452 2229 2510 hic
2257 2454 2715 2511 demonstratur.

246 2581 3652 2609 __.————————_——_________.__________.___________________

1452 2684 1769 2769 LIBER
1826 2684 2470 2775 SECUNDUS.

887 2910 1119 2968 CAPUT
1159 2912 1252 2967 VI.

303 3026 333 3051 η
362 3003 536 3057 Anno
559 3017 675 3068 quo
696 3003 963 3057 mortuus
984 3005 1074 3056 est
1103 3000 1421 3069 Ozias,vidi
1456 3002 1770 3058 Dominum
1804 3020 1892 3059 se-

2003 2915 2179 2987 (Joan.
2212 2915 2276 2986 1.)
2305 2915 2389 2969 Ad
2422 2914 2576 2985 quod
2620 2915 3124 2985 respondebimus.
3159 2917 3284 2972 Non
3313 2918 3505 2974 solum
3540 2919 3650 2975 Pa-

2004 3004 2113 3060 tris
2145 3002 2530 3069 divinitatem,
2565 3003 2665 3058 sed
2716 3020 2821 3058 nec
2874 3003 2997 3058 Filii
3042 3005 3281 3075 quidem
3311 3010 3370 3061 et
3400 3006 3653 3079 Spiritus

232 3092 481 3149 dentem
504 3106 683 3162 super
702 3085 918 3145 solium
941 3088 1233 3146 excelsum
1264 3094 1321 3145 et
1350 3089 1698 3146 elevatum.»
1718 3091 1895 3148 Visus
1926 3077 1969 3144 C
2008 3093 2195 3150 sancti
2225 3092 2386 3165 (quia
2415 3109 2535 3147 una
2562 3091 2619 3146 in
2661 3092 2945 3147 Trinitate
2973 3098 3181 3149 natura
3213 3097 3324 3164 est)
3355 3111 3461 3151 nec
3483 3112 3654 3168 posse

230 3185 319 3237 est
345 3178 516 3235 Isaia
548 3177 834 3234 Dominus
865 3194 1043 3250 super
1070 3177 1283 3234 solium
1315 3178 1605 3235 excelsum
1637 3185 1696 3235 et
1716 3180 1897 3236 eleva-

230 3266 743 3336 tum,uthabitum
759 3266 1057 3339 regnantis
1069 3267 1621 3323 ostenderet.Oziam
1642 3286 1897 3341 namque

230 3358 382 3432 quia
413 3355 527 3412 sibi
559 3355 829 3411 illicitum
871 3355 1261 3411 sacerdotium
1292 3355 1702 3426 vindicaverat,
1736 3357 1897 3430 lepra

231 3448 427 3507 fuisse
458 3461 807 3517 percussum
866 3460 1034 3500 sacra
1063 3448 1261 3499 narrat
1290 3444 1552 3500 historia.
1585 3449 1709 3513 Quo
1740 3463 1895 3501 mor-

230 3541 361 3603 tuo,
391 3533 680 3591 Dominus
700 3533 929 3588 videtur
949 3532 1007 3587 in
1030 3532 1271 3605 templo,
1289 3534 1444 3605 quod
1467 3532 1563 3589 ille
1585 3533 1892 3605 polluerat.

231 3625 309 3681 Ex
333 3640 463 3697 quo
485 3622 1032 3687 animadvertimus,
1056 3626 1337 3693 regnante
1358 3622 1586 3695 leproso
1611 3640 1764 3695 rege,
1790 3640 1895 3679 nos

232 3715 425 3771 Deum
451 3712 513 3768 in
536 3728 646 3768 sua
667 3712 972 3782 majestate
991 3710 1185 3765 videre
1207 3727 1322 3766 non
1345 3728 1649 3783 possc,nec
1680 3717 1896 3768 sancta

231 3800 554 3859 Trinitatis
596 3815 769 3856 nosse
821 3797 1118 3871 mysteria.
1151 3797 1313 3854 Unde
1338 3804 1396 3854 et
1425 3799 1483 3854 in
1517 3800 1709 3855 Exodo
1738 3804 1895 3872 post-

235 3907 418 3964 quam
453 3891 727 3944 mortuus
756 3891 845 3943 est
874 3886 1096 3943 Pharao
1130 3886 1231 3960 qui
1280 3886 1648 3960 opprimebat
1695 3888 1893 3957 Israel,

235 3978 453 4047 luto,et
484 3975 755 4050 paleis,et
783 3974 1344 4047 lateribus,populus
1376 3975 1650 4031 clamavit
1680 3977 1751 4033 ad
1784 3982 1895 4033 Do-

234 4068 501 4134 minum,
526 4064 625 4137 qui
660 4062 758 4119 illo
788 4062 1012 4119 vivente
1042 4062 1295 4119 clamare
1327 4081 1440 4120 non
1476 4068 1722 4137 poterat.
1757 4066 1897 4131 Quis

235 4157 313 4212 sit
341 4159 551 4211 autem
585 4152 693 4208 iste
723 4152 1008 4209 Dominus
1040 4150 1142 4224 qui
1170 4152 1423 4221 videtur,
1454 4153 1514 4207 in
1546 4152 1900 4225 evangelista

232 4245 467 4301 Joanne
483 4241 620 4297 etin
640 4238 1037 4312 apostolorum
1058 4241 1299 4296 Actibus
1330 4240 1560 4313 plenius
1590 4241 1896 4299 discimus.

237 4332 402 4388 Inter
451 4346 603 4402 quos
648 4329 903 4386 Joannes
936 4329 1019 4384 ait
1049 4345 1062 4383 :
1097 4330 1223 4384 [lac
1254 4329 1400 4383 dixit
1429 4329 1630 4397 Isaias,
1665 4333 1899 4403 quando

234 4420 385 4477 vidit
412 4417 663 4492 gloriam
702 4418 852 4488 ejus,
886 4421 944 4472 et
972 4416 1203 4472 locutus
1233 4421 1322 4473 est
1352 4418 1422 4473 de
1451 4434 1518 4473 eo
1552 4436 1565 4473 :
1600 4417 1754 4474 haud
1787 4420 1894 4475 du-

236 4510 405 4565 bium
430 4505 575 4579 quin
598 4505 895 4562 Christum
927 4504 1566 4577 significaretJtursum
1600 4506 1814 4562 Paulus
1835 4506 1893 4563 in

236 4598 496 4653 Actibus
515 4592 912 4667 apostolorum
935 4594 1035 4649 ubi
1059 4593 1253 4649 Roma
1272 4593 1610 4667 loquiturad
1630 4597 1894 4652 Judaos:

239 4688 395 4743 Bene
417 4684 654 4758 (inquit)
677 4682 929 4756 Spiritus
952 4688 1191 4740 sanctus
1210 4684 1439 4739 locutus
1460 4690 1549 4740 est
1566 4703 1667 4757 per
1686 4685 1897 4741 Isaiam

239 4774 595 4849 prepbetam
626 4774 697 4828 ad
730 4777 924 4845 patres
956 4777 1187 4829 nostros
1219 4773 1419 4829 dicens
1453 4790 1466 4828 :
1498 4774 1656 4829 Vade
1683 4775 1752 4829 ad
1797 4792 1897 4846 po-

240 4864 454 4936 pulum
494 4862 695 4927 istum,
724 4866 781 4916 et
800 4862 894 4918 die
921 4879 931 4917 :
957 4864 1109 4916 Aure
1152 4860 1423 4927 audietis,
1455 4866 1512 4917 et
1544 4880 1655 4916 non
1686 4862 1897 4917 intelli-

239 4953 418 5025 getis,
452 4955 512 5007 et
539 4950 800 5006 videntes
828 4950 1122 5017 videbitis,
1156 4954 1214 5005 et
1238 4967 1351 5005 non
1384 4951 1767 5023 perspicietis.
1800 4950 1897 5005 Vi-

240 5058 347 5098 sus
369 5043 464 5097 est
484 5043 681 5096 autem
706 5038 887 5095 Filius
920 5039 1219 5113 regnantis
1252 5038 1311 5093 in
1342 5038 1639 5108 habitu,et
1668 5040 1899 5095 locutus

240 5135 333 5187 est
354 5127 614 5203 Spiritus
637 5131 877 5183 sanctus
909 5145 1010 5200 per
1038 5126 1398 5183 consortium
1423 5128 1902 5199 majestatis,uni-

240 5222 547 5290 tatemque
606 5216 972 5274 substantia.
1032 5219 1257 5283 Quaeret
1313 5215 1546 5289 aliquis,
1609 5218 1899 5288 quomodo

242 5323 403 5363 nunc
454 5305 741 5380 propheta
789 5304 1105 5361 Dominum
1138 5321 1201 5362 se
1230 5303 1444 5361 vidisse
1489 5304 1663 5373 dicat,
1697 5310 1755 5360 et
1784 5323 1900 5361 non

242 5394 514 5452 absolute
544 5392 885 5463 Dominum,
914 5394 1012 5449 sed
1044 5393 1359 5449 Dominum
1411 5394 1663 5449 Sabaoth
1700 5411 1712 5448 :
1748 5399 1813 5449 ut
1841 5394 1898 5449 in

242 5483 748 5557 consequentibus
804 5484 928 5555 ipse
984 5487 1251 5547 testatur,
1286 5500 1419 5538 cum
1451 5483 1706 5538 Joannes
1735 5499 1903 5538 evan-

244 5572 456 5645 gelista
505 5572 719 5629 dixerit
767 5590 777 5629 :
842 5572 1092 5627 «Deum
1151 5589 1320 5628 nemo
1378 5571 1523 5628 vidit
1577 5588 1893 5644 unquam»

2003 3181 2188 3238 oculis
2218 3181 2413 3237 carnis
2442 3179 2827 3253 aspicere,sed
2856 3180 3042 3237 oculis
3074 3183 3307 3238 mentis.
3330 3183 3409 3238 De
3438 3183 3655 3256 quibus

2003 3271 2129 3342 ipse
2160 3270 2426 3326 Salvator
2455 3269 2536 3323 ait
2568 3287 2580 3323 :
2617 3292 2643 3319 «
2682 3269 2837 3323 Beati
2897 3271 3116 3325 mundo
3146 3272 3341 3337 corde,
3372 3272 3654 3343 quoniam

2002 3358 2114 3430 ipsi
2173 3359 2358 3413 Deum
2413 3358 2695 3413 videbunt
2726 3358 2928 3425 (Matth.
2966 3363 3041 3427 v).
3080 3382 3107 3407 ››
3138 3360 3239 3414 Dei
3299 3363 3510 3416 natura
3538 3379 3655 3418 non

2002 3446 2280 3514 cernitur,
2332 3446 2433 3501 sed
2485 3446 2717 3500 videtur
2765 3446 2837 3500 ab
2885 3445 3225 3503 hominibus
3277 3453 3341 3502 ut
3387 3448 3514 3520 ipse
3552 3467 3656 3506 vo~

2002 3533 2197 3591 luerit.

2075 3646 2102 3674 «
2138 3623 2444 3694 Seraphim
2503 3624 2739 3679 stabant
2768 3640 2947 3694 super
2977 3622 3141 3689 illud,
3175 3640 3274 3679 sex
3304 3624 3406 3679 ala
3438 3626 3564 3693 uni,
3596 3630 3655 3682 et

2004 3730 2104 3767 sex
2151 3711 2254 3767 ala
2301 3711 2487 3766 alteri.
2540 3711 2778 3766 Duabus
2824 3710 3095 3766 velabant
3144 3711 3348 3767 faciem
3398 3714 3548 3783 ejus,
3594 3718 3654 3770 et

2004 3801 2237 3854 duabus
2267 3798 2538 3853 velabant
2569 3799 2745 3870 pedes
2774 3798 2902 3867 ejus
2935 3814 2947 3851 :
2983 3798 3213 3853 duabus
3263 3800 3560 3869 volabant,
3591 3805 3651 3858 et

2003 3887 2340 3943 clamabant
2367 3886 2513 3941 alter
2541 3887 2610 3942 ad
2644 3885 2913 3949 alterum,
2946 3891 3003 3941 et
3031 3886 3337 3942 dicebant:
3375 3889 3649 3957 Sanctus,

2005 3978 2266 4041 sanctus,
2300 3977 2560 4039 sanctus,
2601 3974 2883 4029 Dominus
2932 3974 3313 4043 exercituum,
3348 3975 3522 4049 plena
3563 3984 3654 4035 est

2005 4064 2199 4121 omnis
2226 4068 2383 4118 terra
2411 4062 2597 4136 gloria
2623 4063 2770 4133 ejus.
2799 4084 2826 4111 »
2858 4063 3163 4135 Seraphim
3196 4065 3654 4137 interpretantur

2005 4152 2367 4217 incendentes,
2391 4152 2511 4208 sive
2539 4151 2928 4217 comburentes,
2953 4152 3123 4222 juxta
3154 4152 3296 4208 illud
3330 4154 3484 4226 quod
3514 4154 3651 4211 alibi

2006 4242 2257 4317 legimus
2291 4260 2303 4298 :
2338 4266 2365 4292 ‹‹
2391 4242 2497 4307 Qui
2529 4242 2666 4297 facit
2695 4242 2933 4315 angelos
2980 4260 3118 4299 suos
3149 4243 3394 4316 spiritus
3422 4247 3651 4315 (Psalm.

2009 4335 2145 4401 cm),
2174 4354 2201 4380 »
2233 4335 2293 4387 et
2322 4330 2622 4387 ministros
2656 4347 2794 4387 suos
2825 4331 3019 4403 ignem
3054 4337 3337 4388 urentem.
3372 4334 3657 4392 Dominus

2009 4419 2069 4474 in
2102 4419 2399 4491 seraphim
2437 4435 2506 4474 ex
2547 4423 2712 4490 parte
2758 4420 3086 4474 ostenditur
3123 4424 3180 4474 et
3208 4435 3277 4475 ex
3305 4426 3469 4493 parte
3498 4422 3655 4477 cela-

2011 4506 2363 4563 tur.Faciem
2394 4508 2521 4579 ejus
2550 4511 2607 4561 et
2636 4508 2812 4578 pedes
2842 4506 3131 4577 operiunt,
3164 4506 3304 4579 quia
3332 4512 3390 4562 et
3419 4513 3652 4580 prater-

2008 4596 2089 4651 ita
2119 4601 2256 4652 ante
2286 4596 2595 4661 mundum,
2629 4600 2686 4650 et
2736 4595 2933 4649 futura
2980 4600 3112 4667 post
3162 4597 3473 4663 mundum,
3506 4596 3655 4655 scire

2010 4703 2123 4740 non
2158 4701 2495 4757 possumus,
2518 4685 2618 4738 sed
2652 4682 2843 4739 media
2874 4687 3125 4751 tantum,
3149 4701 3275 4757 qua
3306 4683 3366 4739 in
3400 4701 3499 4740 sex
3528 4684 3652 4741 die-

2009 4775 2120 4828 bus
2152 4774 2304 4828 facta
2351 4777 2489 4827 sunt
2517 4772 2671 4841 (Gen.
2707 4771 2744 4844 ι)
2776 4772 3262 4844 contemplemur.
3297 4774 3411 4829 Nec
3437 4774 3653 4829 mirum

2009 4861 2118 4916 hoc
2165 4862 2235 4916 de
2284 4859 2579 4933 seraphim
2628 4862 2881 4930 credere,
2915 4878 3048 4916 cum
3081 4865 3137 4917 et
3165 4862 3409 4933 apostoli
3453 4862 3653 4918 Salva-

2009 4955 2194 5005 torem
2226 4949 2600 5005 credentibus
2621 4950 3246 5022 aperiant,inﬁdelihus
3268 4950 3649 5018 abscondant,

2008 5044 2065 5095 et
2093 5038 2285 5094 velum
2318 5043 2454 5094 ante
2483 5056 2679 5095 arcam
2710 5040 2882 5094 fuerit
2924 5038 3283 5095 Testamenti
3315 5039 3505 5109 (Exod.
3538 5041 3649 5111 η).

2008 5128 2148 5183 Alas
2194 5145 2429 5201 quoque
2476 5128 2690 5184 habere
2722 5128 2997 5183 dicuntur
3024 5132 3261 5199 propter
3288 5126 3652 5183 velocitatem

2008 5217 2068 5271 in
2100 5222 2311 5273 cuncto
2341 5235 2447 5272 suo
2477 5215 2894 5283 discursu,sive
2928 5216 3065 5287 quia
3095 5232 3326 5288 semper
3352 5215 3410 5271 in
3443 5215 3655 5272 altiori-

2010 5306 2122 5361 bus
2152 5306 2816 5377 commorantur.Neque
2838 5303 2992 5359 enim
3021 5304 3166 5359 illud
3191 5306 3344 5377 quod
3367 5306 3438 5361 de
3465 5306 3655 5363 ventis

2011 5394 2244 5461 dicitur,
2268 5395 2363 5465 qui
2399 5394 2663 5448 ambulat
2694 5410 2870 5464 super
2898 5410 3121 5464 pennas
3149 5398 3455 5450 ventorum
3482 5395 3652 5469 (Psal.

2010 5486 2164 5553 cm):
2199 5499 2328 5538 vere
2366 5484 2538 5553 juxta
2586 5483 2843 5537 fabulam
2893 5487 3195 5555 poetarum
3244 5488 3301 5539 et
3343 5485 3654 5558 pictorum,

2009 5577 2209 5628 ventos
2242 5588 2464 5644 pennas
2493 5572 2708 5629 habere
2738 5576 3009 5642 testatur,
3044 5574 3144 5630 sed
3176 5574 3390 5631 celeres
3422 5576 3481 5631 in
3515 5594 3655 5633 cun-
