4048 6190
362 289 483 352 755

739 283 1146 346 HAYMONIS
1191 281 1734 346 HALBERSTAT.
1779 279 2024 344 EPISC.
2069 279 2242 344 OPP.
2288 281 2494 345 PARS
2537 283 2586 344 Ι.
2634 317 2712 327 --
2755 283 3165 346 COMMENT.
3209 284 3414 346 BIBL.

3659 284 3776 346 756

365 427 460 480 cto
481 419 772 476 discursu.
793 418 866 473 Et
895 415 1146 490 singulis
1177 415 1300 472 alas
1329 433 1523 484 senas,
1557 415 1697 488 quia
1725 416 1798 471 de
1829 413 2010 470 fabri-
2037 410 2095 478 Α
2123 414 2224 469 sed
2257 415 2411 486 quod
2443 415 2568 488 ipse
2599 434 2702 489 pro
2733 415 3068 494 humilitate
3089 415 3416 474 immundis
3445 420 3684 474 tantum
3703 416 3782 474 la-

367 510 596 567 catione
608 511 842 565 tantum
860 505 1067 562 mundi
1089 523 1157 562 ac
1179 505 1484 578 pressantis
1507 505 1703 560 saeculi
1723 505 2017 561 novimus.

367 600 532 666 Quod
591 601 788 654 autem
837 595 1054 653 clamat
1109 595 1256 650 alter
1310 595 1382 650 ad
1437 594 1710 662 alterum,
1740 593 1827 651 vel
1853 595 2022 666 juxta

369 689 640 746 llebraaos
689 685 802 742 iste
845 686 918 741 ad
968 683 1146 741 istum
1183 683 1261 756 (id
1311 687 1420 752 est,
1463 700 1620 740 unus
1668 685 1741 740 ad
1790 683 2019 755 unum),

370 776 622 834 invicem
653 791 716 831 se
745 775 817 832 ad
848 773 1056 830 laudes
1111 773 1344 830 Domini
1403 773 1784 829 cohortantur
1829 777 1886 828 ct
1933 773 2021 829 di-

371 869 514 923 cunt
537 881 550 920 :
576 866 850 931 Sanctus,
897 867 1158 930 sanctus,
1192 867 1454 930 sanctus,
1487 863 1774 918 Dominus
1801 863 2021 919 exerci-

367 958 645 1022 tuum,ut
665 953 1010 1027 mysterium
1041 952 1346 1009 Trinitatis
1365 951 1424 1007 in
1457 969 1577 1008 una
1602 951 1903 1008 divinitate
1925 953 2022 1008 de-

371 1046 786 1110 monstrent,et
801 1059 1175 1115 nequaquam
1196 1041 1480 1114 templum
1503 1041 2026 1109 Judmorum,sicut

371 1133 562 1208 prius,
595 1133 694 1188 sed
727 1148 962 1188 omnem
996 1135 1210 1187 terram
1243 1129 1404 1185 illius
1430 1129 1616 1202 gloria
1641 1130 1875 1203 plenam
1896 1147 2026 1187 esse

370 1221 791 1294 testentur,qui
825 1237 929 1293 pro
959 1224 1160 1276 nostra
1190 1218 1379 1275 salute
1400 1219 1678 1292 dignatus
1710 1223 1798 1276 est
1824 1221 2028 1276 huma-

374 1327 520 1368 num
571 1326 785 1382 corpus
832 1325 1136 1365 assumere
1185 1308 1326 1378 (Gul.
1361 1326 1437 1376 ιν,
1470 1309 1544 1364 ad
1594 1313 1897 1381 terrasque
1927 1309 2026 1364 de-

374 1399 672 1456 scendere.
693 1397 943 1465 Quidam
978 1397 1316 1453 Latinorum
1349 1399 1498 1452 duos
1530 1397 2028 1470 scraphim,vetus

373 1491 432 1545 et
464 1503 679 1544 novum
711 1487 1175 1543 Instrumentum
1215 1485 1573 1557 intelligunt,
1606 1486 1762 1558 quod
1793 1490 2026 1545 tantum

375 1579 449 1634 de
479 1574 749 1650 praasenti
793 1574 1004 1631 saeculo
1052 1575 1332 1648 loquitur.
1361 1574 1525 1632 Unde
1553 1579 1610 1630 et
1640 1591 1740 1631 sex
1769 1575 1895 1631 alas
1923 1575 2026 1632 ha-

375 1666 513 1724 bere
544 1665 841 1732 dicuntur,
874 1667 932 1719 et
979 1663 1188 1719 faciem
1241 1661 1342 1718 Dei
1395 1664 1690 1736 pedesque
1730 1663 1940 1732 velare,
1973 1665 2031 1719 et.

2130 503 2244 558 biis
2275 504 2582 576 indignum
2615 523 2676 562 se
2707 506 2804 562 Dei
2839 505 3012 562 laude
3044 507 3316 562 fateatur.

2201 617 2228 642 u
2255 594 2324 648 Et
2343 593 2556 649 volavit
2577 595 2648 650 ad
2671 612 2763 650 me
2785 612 2941 651 unus
2970 595 3041 651 de
3071 594 3390 668 seraphim,
3422 601 3482 652 et
3510 595 3572 651 in
3606 612 3785 652 manu

2131 682 2259 754 ejus
2281 681 2744 756 calculus,quem
2771 684 2986 756 forcipe
3007 683 3223 740 tulerat
3238 685 3309 740 de
3328 684 3788 759 altari,ettetigit

2131 788 2197 826 os
2219 776 2502 838 meum,et
2525 773 2671 827 dixit
2699 771 2844 828 mihi
2870 790 2884 827 :
2917 773 3064 828 Ecce
3097 773 3261 846 tetigi
3292 773 3401 829 hoc
3432 773 3602 848 [haec]
3633 772 3790 830 labia

2131 864 2254 928 tua,
2287 865 2344 916 et
2371 862 2668 916 auferetur
2699 860 2984 934 iniquitas
3015 865 3139 928 tua,
3171 865 3230 918 et
3257 867 3567 934 peccatum
3618 867 3790 919 tuum

2133 949 2572 1005 mundabitur.»
2592 949 2820 1006 Volavit
2851 967 3006 1006 unus
3038 951 3108 1006 de
3139 951 3435 1023 seraphim
3457 951 3586 1024 (qui
3619 951 3793 1008 inter-

2133 1043 2398 1111 pretatur
2427 1038 2740 1112 incendens)
2770 1042 2836 1095 ut
2864 1043 3142 1112 purgaret
3171 1039 3468 1112 propheta:
3497 1039 3658 1096 labia
3680 1041 3790 1096 im-

2133 1128 2438 1195 munda,st
2465 1138 2656 1200 pruna
2681 1127 2769 1184 vel
2800 1127 3228 1200 calculo,quem
3259 1129 3331 1186 de
3354 1128 3524 1185 altari
3555 1129 3792 1198 tulerat,

2133 1217 2669 1289 excoqueret.Multi
2693 1221 2888 1273 autem
2911 1220 3122 1288 putant
3140 1217 3290 1274 duos
3313 1234 3443 1274 esse
3465 1218 3795 1291 seraphim,

2135 1305 2277 1378 quia
2297 1305 2589 1362 clamabat
2610 1305 2755 1362 alter
2775 1307 2848 1361 ad
2871 1305 3119 1362 alterum
3146 1323 3158 1361 :
3183 1323 3320 1362 cum
3351 1310 3410 1363 et
3436 1308 3511 1364 de
3537 1307 3795 1383 singulis

2133 1395 2222 1451 vel
2243 1395 2314 1450 de
2335 1395 2606 1468 pluribus
2629 1394 2857 1468 possint
2885 1394 3105 1468 singuli
3127 1394 3381 1452 clamare
3402 1397 3476 1452 ad
3501 1395 3795 1471 singulos,

2135 1489 2193 1540 et
2214 1483 2598 1557 Septuaginta
2618 1483 2798 1539 editio
2828 1483 3018 1556 magis
3043 1482 3335 1556 signiﬁcet
3365 1483 3798 1559 plurimos,qui

2137 1572 2500 1645 interpretati
2523 1577 2664 1628 sunt
2687 1572 3024 1646 :Seraphim
3046 1572 3284 1628 stabant
3302 1573 3362 1629 in
3376 1574 3628 1631 circuitu
3639 1576 3796 1647 ejus.

2137 1664 2299 1730 Quod
2326 1663 2375 1718 si
2399 1664 2470 1718 de
2492 1663 2723 1719 duobus
2752 1662 3187 1731 diceretur,non
3212 1661 3272 1718 in
3305 1663 3699 1732 circuitu,sed
3732 1681 3800 1720 ex

376 1753 642 1811 certatim
693 1753 951 1826 proferre
1003 1751 1407 1808 testimonium
1460 1751 1740 1821 veritatis,
1772 1756 1829 1808 et
1856 1766 2029 1808 omne
2057 1781 2106 1848 Β
2139 1754 2385 1824 utraque
2407 1755 2570 1824 parte
2593 1751 2982 1848 dixissent.Et
2997 1749 3106 1848 hoc
3137 1750 3285 1848 bene
3313 1750 3588 1848 convenit
3617 1769 3799 1825 ange-

375 1843 532 1916 quod
563 1841 824 1898 clamant
849 1841 1159 1897 Trinitatis
1189 1844 1560 1897 sacramenta
1591 1843 1940 1908 monstrare,
1973 1844 2031 1896 ot
2057 1837 2105 1848 ”
2137 1839 2326 1896 lorum
2353 1839 2741 1906 multitudini,
2766 1857 2892 1913 qua:
2915 1837 2974 1894 in
3006 1839 3108 1895 Dei
3139 1839 3538 1896 ministerium
3573 1857 3800 1914 prmpa-

376 1930 579 1988 mirari
609 1929 936 1988 adinvicem
973 1931 1130 2003 quod
1163 1929 1449 1986 Dominus
1479 1930 1756 2001 Sabaoth,
1789 1947 1922 1985 cum
1955 1929 2034 1986 sit

375 2021 439 2078 in
489 2021 678 2076 forma
715 2019 817 2075 Dei
885 2019 1093 2086 Patris,
1147 2019 1397 2074 formam
1447 2018 1597 2074 servi
1647 2019 1934 2090 acceperit
1970 2022 2034 2076 et

375 2107 773 2165 humiliaverit
791 2124 854 2162 se
875 2122 1064 2178 usque
1086 2107 1159 2162 ad
1191 2109 1460 2174 mortem,
1483 2110 1541 2162 et
1571 2112 1817 2163 mortem
1839 2107 2032 2164 crucis

377 2196 646 2268 (Philipp.
671 2193 734 2266 ιι)
759 2212 772 2262 ;
797 2197 855 2250 et
885 2211 1280 2266 nequaquam,
1304 2197 1368 2249 ut
1397 2193 1582 2266 prius,
1611 2195 1871 2252 cmlestia
1895 2211 2030 2251 eum

378 2287 636 2349 tantum,
667 2283 770 2338 sed
799 2286 858 2338 et
887 2286 1119 2338 terrena
1147 2286 1522 2354 cognoscant.

452 2439 481 2465 ‹‹
515 2416 586 2470 Et
613 2417 908 2470 commota
957 2417 1096 2470 sunt
1143 2415 1618 2486 superliminaria
1661 2418 1966 2473 cardinum
1999 2433 2034 2479 a

377 2521 538 2572 voce,
570 2502 902 2572 clamantis,
934 2507 993 2560 et
1021 2505 1235 2560 domus
1264 2504 1506 2576 impleta
1534 2509 1624 2562 est
1653 2507 1872 2562 fumo.»
1903 2507 2032 2562 Cla-

381 2592 686 2651 mantibus
715 2592 991 2666 seraphin
1003 2595 1062 2648 et
1076 2592 1134 2648 in
1169 2596 1289 2649 tota
1319 2597 1472 2650 terra
1499 2593 1808 2650 Trinitatis
1825 2599 2036 2669 myste-

385 2681 542 2739 rium
573 2680 1291 2754 praadicantibus,quando
1314 2682 1646 2754 passionem
1673 2684 1902 2740 Domini
1925 2685 2036 2740 sal-

381 2770 600 2829 vatoris
626 2773 784 2827 terra
811 2769 1086 2826 universa
1122 2770 1408 2844 cognovit,
1443 2771 1640 2828 statim
1673 2775 2033 2829 commotum

383 2859 621 2928 est,sive
649 2859 950 2916 sublatum
983 2858 1251 2916 liminare
1281 2859 1506 2930 templi,
1525 2864 1583 2915 et
1610 2877 1814 2916 omnes
1845 2862 2034 2918 cardi-

379 2967 486 3007 nes
501 2948 886 3006 conciderunt
905 2947 966 3004 in
998 2948 1552 3021 plateis,Salvatoris
1584 2951 2035 3007 comminatione

381 3037 664 3107 dicentis;
691 3035 1122 3110 «Relinquetur
1148 3037 1314 3094 vobis
1343 3039 1557 3095 domus
1585 3042 1779 3096 vestra
1805 3040 2038 3096 deserta

374 3127 584 3198 (Matth.
618 3129 802 3195 XXIII).
837 3148 867 3176 »
897 3126 968 3181 Et
998 3143 1175 3198 quam
1209 3126 1452 3198 pulcher
1477 3132 1567 3183 est
1594 3127 1706 3184 iste
1735 3129 1876 3184 ordo
1905 3147 2030 3184 ver-
2063 3145 2108 3212 ρ

375 3216 610 3272 borum.
643 3215 960 3286 Postquam
983 3215 1140 3270 enim
1173 3219 1328 3270 terra
1351 3215 1572 3287 repleta
1595 3220 1684 3272 est
1704 3216 1890 3289 gloria
1920 3218 2035 3273 Do-

379 3301 527 3358 mini
557 3301 834 3368 Sabaoth,
867 3301 1203 3356 Judazorum
1255 3301 1544 3375 templum
1592 3303 1899 3376 impletum
1945 3309 2035 3361 est

377 3389 723 3464 ignorantiae
755 3388 1037 3458 tenebris,
1057 3394 1114 3445 et
1143 3389 1484 3462 caligine,et
1512 3392 1674 3447 fumo
1701 3393 1798 3464 qui
1824 3395 2033 3451 noxius

379 3481 471 3535 est
498 3476 704 3534 oculis.
726 3477 830 3534 Vel
861 3481 1015 3534 certe
1043 3494 1147 3550 per
1174 3477 1404 3534 fumum
1436 3479 1636 3552 templi
1671 3485 2036 3538 monstratur

375 3565 913 3622 incendium.Prius
929 3564 1086 3620 enim
1107 3565 1485 3638 Evangelium
1508 3566 1822 3624 Salvatoris
1843 3568 1900 3623 in
1913 3572 2034 3625 toto

377 3654 518 3712 orbe
547 3653 928 3727 prmdicatum
956 3657 1064 3723 est,
1097 3658 1155 3709 et
1183 3657 1316 3726 post
1362 3654 1754 3729 quadraginta
1799 3659 1857 3712 et
1885 3657 2034 3714 duos

375 3759 562 3800 annos
597 3741 909 3798 Dominicaa
940 3740 1254 3814 passionis,
1287 3745 1458 3814 capta
1489 3742 1852 3799 Hierusalem
1884 3748 2031 3800 tem-

373 3831 658 3905 plumque
688 3847 1040 3888 succensum
1071 3835 1182 3887 est.

446 3985 476 4013 ‹‹
508 3963 582 4017 Et
611 3960 728 4016 dixi
759 3977 774 4018 :
807 3961 903 4017 Vae
953 3961 1098 4018 mihi
1149 3961 1289 4034 quia
1334 3963 1511 4033 tacui,
1545 3965 1685 4037 quia
1725 3965 1815 4020 vir
1843 3965 2030 4038 pollu-

373 4052 473 4105 tus
501 4047 674 4105 labiis
701 4065 808 4121 ego
839 4066 994 4117 sum,
1026 4055 1084 4106 et
1113 4051 1173 4105 in
1205 4052 1399 4107 medio
1451 4052 1650 4124 populi
1691 4053 1914 4126 polluta
1941 4056 2029 4113 la-

372 4134 472 4191 bia
502 4135 775 4191 habentis
815 4152 922 4208 ego
952 4137 1172 4206 habito,
1203 4143 1262 4194 et
1292 4157 1488 4213 regem
1520 4141 1835 4198 Dominum
1868 4162 2027 4200 exer-

372 4222 600 4280 cituum
650 4222 769 4278 vidi
821 4223 1008 4280 oculis
1057 4225 1224 4280 meis.
1265 4248 1286 4276 ι
1322 4228 1436 4282 Sed
1465 4231 1524 4283 et
1549 4230 1844 4287 Abraham
1873 4232 2024 4306 (Gen.

373 4313 498 4380 xm)
529 4314 844 4383 postquam
901 4311 1046 4367 vidit
1101 4313 1417 4369 Dominum
1475 4319 1533 4370 et
1579 4317 1800 4374 audivit
1829 4338 2026 4378 vocem

375 4400 528 4474 ejus,
559 4404 776 4456 terram
801 4403 858 4457 et
885 4399 1139 4457 cinerem
1171 4419 1233 4457 se
1269 4419 1398 4458 esse
1445 4401 1605 4459 dicit.
1639 4404 1866 4478 Plangit
1895 4426 2024 4480 pro-

373 4487 550 4562 pheta
577 4504 662 4578 se,
696 4489 852 4561 quod
904 4506 1018 4546 non
1070 4489 1260 4546 fuerat
1305 4488 1520 4562 dignus
1558 4490 1796 4549 laudare
1829 4495 2024 4552 Domi-
2054 4513 2104 4578 D

373 4595 518 4634 num
539 4577 797 4635 Sabaoth
817 4595 952 4634 cum
975 4578 1451 4652 seraphim,quas
1481 4580 1774 4653 angelicas
1796 4584 2024 4640 fortitu-

370 4665 540 4723 dines
570 4665 956 4740 intelligimus
985 4684 1133 4724 esse.
1161 4667 1286 4723 Non
1319 4667 1430 4723 fuit
1459 4674 1654 4726 autem
1687 4670 1868 4728 ausu’s
1897 4671 2021 4729 lau-

369 4755 510 4811 dare
540 4753 748 4822 Deum,
783 4755 924 4826 quia
949 4753 1108 4812 labia
1135 4755 1386 4812 habebat
1426 4757 1750 4814 immunda.
1785 4761 1856 4816 Et
1883 4778 2020 4834 pro-

366 4843 568 4913 pterea
595 4838 751 4895 labia
780 4839 1034 4896 habebat
1061 4841 1534 4916 immunda,quia
1555 4861 1690 4900 cum
1721 4853 2021 4918 peccatore

367 4928 583 5002 populo
612 4928 976 4985 versabatur.
999 4929 1100 4984 Vel
1132 4933 1288 4986 certa
1319 4931 1401 4987 ita
1427 4937 1517 4987 est
1550 4933 2015 5008 intelligendum:

370 5017 518 5085 Quia
546 5017 700 5074 tacui
731 5021 789 5074 et
819 5034 934 5072 non
967 5018 1246 5072 audacter
1275 5018 1471 5075 Oziam
1521 5038 1716 5092 regem
1768 5025 2016 5098 impium

367 5106 642 5179 corripui,
659 5105 958 5162 idcolabia
972 5106 1419 5162 meaimmunda
1431 5113 1587 5177 sunt,
1603 5113 1658 5164 et
1679 5110 1882 5169 laudes
1904 5115 2014 5170 Do-

367 5193 512 5250 mini
533 5212 668 5250 cum
699 5193 925 5268 angelis
952 5199 1190 5250 cantare
1222 5212 1334 5250 non
1369 5196 1653 5264 audeo,ne
1689 5199 1832 5254 mihi
1866 5202 2016 5258 dica-

363 5287 462 5340 tur
493 5301 508 5340 :
541 5308 570 5336 «
601 5286 789 5352 Quare
819 5288 882 5340 tu
914 5302 1152 5341 enarras
1172 5285 1438 5358 justitias
1469 5303 1649 5355 meas,
1671 5292 1729 5344 et
1759 5292 2014 5348 assumis

365 5373 784 5428 testamentum
809 5389 1005 5429 meum
1027 5391 1130 5446 per
1149 5391 1213 5430 os
1235 5377 1402 5430 tuum
1425 5377 1596 5444 (Psal.
1616 5379 1798 5446 xmx)?
1826 5402 1855 5428 ››
1890 5380 2014 5438 Non

364 5465 455 5516 est
472 5461 626 5517 enim
651 5462 894 5534 pulchra
913 5463 1174 5519 laudatio
1197 5463 1253 5519 in
1278 5483 1374 5520 ore
1397 5465 1738 5537 peccatoris.
1767 5468 1882 5524 lloc
1907 5488 2016 5525 au-

367 5553 488 5604 tem
508 5549 758 5607 dicimus
772 5569 886 5606 non
900 5553 1055 5624 quod
1070 5553 1279 5610 Isaiam
1293 5553 1468 5610 talem
1485 5555 1666 5611 fuisse
1679 5557 2012 5629 doceamus,

2140 1933 2264 1985 rata
2280 1934 2388 1985 est.
2404 1928 2710 2001 Seraphim
2733 1932 2932 1984 autem
2953 1927 3165 2001 plurali
3193 1945 3440 1984 numero
3467 1928 3802 2002 appellatur

2139 2023 2198 2075 et
2219 2017 2525 2091 singulari,
2545 2017 2602 2072 id
2643 2021 2733 2074 est
2763 2017 3006 2090 Seraph,
3031 2016 3188 2072 sicut
3215 2015 3536 2073 Cherubim
3565 2022 3625 2074 et
3652 2017 3803 2075 Che-

2141 2108 2271 2163 rub.
2295 2109 2457 2174 Quod
2481 2105 2661 2162 altare
2683 2106 2792 2162 sub
2823 2123 2938 2178 quo
2969 2104 3177 2162 animae
3211 2110 3538 2179 martyrum
3571 2107 3631 2162 in
3653 2106 3800 2164 coelo

2141 2200 2282 2252 sunt
2311 2197 2399 2270 (ut
2426 2197 2683 2252 Joannes
2717 2195 2776 2250 in
2805 2193 3149 2269 Apocalypsi
3181 2194 3448 2268 loquitur
3477 2195 3662 2269 (Apoc.
3698 2200 3798 2266 nc),

2141 2284 2525 2358 intelligimus
2541 2284 2724 2340 altare
2741 2282 2972 2340 Domini
2987 2283 3226 2356 plenum
3249 2301 3378 2340 esse
3397 2284 3799 2351 carbunculis,

2140 2371 2249 2426 hoc
2279 2370 2597 2442 est,ignitis
2626 2369 2868 2427 calculis
2899 2369 2984 2426 vel
3019 2370 3247 2442 prunis,
3265 2375 3506 2444 peccata
3538 2389 3798 2446 purgan-

2140 2459 2318 2516 tibus.
2345 2459 2508 2516 Uude
2538 2458 2823 2531 scriptum
2857 2459 2927 2514 de
2958 2459 3073 2515 Deo
3103 2458 3356 2532 legimus
3389 2477 3402 2516 :
3437 2483 3466 2512 ‹‹
3503 2461 3801 2519 Carbones

2141 2548 2406 2604 succensi
2430 2553 2570 2604 sunt
2589 2549 2662 2604 ab
2692 2565 2759 2604 eo
2791 2547 3164 2621 (Psal.xvu).»
3195 2549 3266 2604 Et
3294 2549 3366 2605 de
3398 2550 3529 2624 ipso
3561 2551 3680 2607 Deo
3712 2551 3797 2607 di-

2141 2636 2475 2710 citur,quod
2501 2636 2700 2710 «ignis
2720 2654 3074 2694 consumens
3095 2639 3186 2693 est
3207 2639 3384 2707 (Deut.
3405 2641 3542 2706 1v).»
3565 2641 3638 2696 Et
3667 2639 3801 2697 Sal-

2141 2732 2307 2783 vator
2324 2727 2384 2781 in
2415 2727 2724 2800 Evangelio
2748 2749 2772 2777 ‹‹
2801 2727 2998 2798 Ignem
3021 2727 3149 2783 veni
3177 2727 3409 2784 mittere
3432 2728 3494 2785 in
3517 2733 3797 2795 terram,»

2144 2821 2210 2872 ut
2240 2817 2529 2889 baptizem
2563 2841 2591 2867 ‹‹
2625 2816 2684 2872 in
2725 2817 2947 2888 Spiritu
3004 2821 3206 2873 saneto
3255 2820 3313 2873 et
3358 2817 3482 2892 igni
3533 2819 3688 2892 (Luc.
3722 2835 3796 2890 n;

2141 2904 2956 2978 Manlian).nUuiuscujusque
2978 2905 3133 2961 enim
3159 2922 3307 2978 opus
3327 2906 3501 2979 quale
3521 2908 3620 2980 sit,
3648 2908 3800 2982 ignis

2143 2995 2432 3068 probabit.
2466 2995 2536 3050 Et
2563 2994 2665 3066 qui
2697 2993 3012 3050 salvandus
3040 2999 3134 3050 est
3182 2995 3266 3050 sic
3316 2995 3600 3064 salvetur,
3632 2997 3797 3070 quasi

2146 3101 2248 3156 per
2270 3083 2464 3156 ignem
2487 3082 2802 3138 transierit.
2826 3083 2898 3137 Et
2926 3082 3036 3139 hoc
3069 3084 3394 3139 notandum
3417 3085 3578 3158 quod
3600 3086 3672 3142 ad
3705 3087 3795 3142 Je-

2145 3171 2388 3227 remiam
2424 3171 2647 3226 dictum
2688 3173 2778 3226 est
2809 3189 2822 3227 :
2864 3194 2885 3220 ι
2923 3171 3271 3244 Priusquam
3302 3177 3358 3230 te
3393 3174 3708 3231 formarem
3741 3173 3793 3229 in

2141 3263 2325 3327 utero,
2342 3259 2472 3315 novi
2496 3264 2550 3314 te
2578 3275 2590 3314 :
2616 3259 2751 3314 etin
2770 3259 2940 3315 vulva
2965 3260 3170 3317 matris
3191 3262 3554 3319 sanctificavi
3579 3267 3637 3320 te
3665 3265 3792 3334 (Jer.

2141 3349 2181 3420 ι)
2207 3364 2220 3402 :
2247 3371 2269 3401 ι
2307 3348 2448 3421 quia
2478 3347 2634 3404 labia
2664 3365 2777 3404 non
2811 3349 3064 3405 habebat
3092 3349 3532 3420 immunda,sed
3563 3357 3790 3410 tantum

2141 3437 2388 3493 dixerat:
2407 3436 2950 3516 Nescioloqui,quia
2963 3439 3199 3510 juvenis
3218 3441 3786 3515 sum.Ext.enditipse

2142 3524 2425 3578 Dominus
2457 3541 2699 3578 manum
2727 3541 2896 3580 suam
2927 3528 2985 3580 et
3013 3524 3204 3598 tetigit
3233 3543 3299 3583 os
3329 3527 3481 3599 ejus,
3515 3533 3575 3584 et
3599 3529 3742 3584 dixit
3771 3547 3785 3584 :

2141 3613 2284 3668 Ecce
2323 3612 2454 3666 dedi
2507 3611 2564 3666 in
2615 3629 2680 3666 os
2730 3615 2897 3668 tuum
2946 3630 3244 3670 sermones
3293 3632 3478 3672 meos.
3515 3617 3689 3674 Porro
3719 3619 3782 3674 ad

2143 3699 2482 3773 lsaiam,qui
2502 3701 2727 3756 dixerat
2750 3717 2762 3756 :
2789 3701 2939 3756 «Vir
2960 3701 3222 3775 pollutus
3247 3702 3422 3760 labiis
3441 3721 3552 3778 ego
3574 3709 3785 3772 sum,et

2141 3788 2201 3844 in
2223 3787 2414 3844 medio
2436 3787 2634 3860 populi
2659 3787 2885 3860 polluta
2906 3787 3062 3844 labia
3079 3789 3350 3846 habentis
3379 3807 3489 3864 ego
3520 3791 3742 3848 habito:
3761 3816 3784 3840 υ

2141 3895 2255 3933 non
2287 3877 2386 3932 Dei
2421 3893 2634 3932 manus
2683 3877 3022 3950 porrigitur,
3059 3878 3158 3934 sed
3190 3878 3489 3950 seraphim
3521 3879 3782 3936 mittitur.

2141 3966 2351 4022 Manus
2401 3969 2597 4021 autem
2650 3981 2685 4020 a
2729 3965 2977 4021 Domino
3025 3969 3083 4021 et
3111 3983 3144 4022 a
3172 3966 3394 4039 Serapb
3427 3967 3698 4040 mittitur,
3727 3971 3786 4024 ut

2140 4053 2426 4128 propheta
2447 4052 2537 4109 sui
2561 4053 2821 4124 corporis
2845 4055 3178 4110 membrum
3196 4055 3404 4112 videns
3426 4060 3780 4126 taetum,non

2139 4147 2423 4198 terreatur
2469 4142 2541 4197 dc
2587 4146 2844 4198 externo.
2900 4141 3149 4208 Quidam
3201 4147 3397 4200 autem
3455 4149 3780 4202 nostrorum

2136 4231 2415 4304 forcipem
2449 4247 2562 4303 quo
2595 4229 2860 4286 calculus
2888 4231 3424 4304 comprehenditur,
3447 4234 3568 4292 duo
3599 4236 3780 4292 Testa-

2137 4323 2334 4375 menta
2357 4323 2567 4391 putant
2595 4336 2607 4374 :
2644 4335 2769 4391 quae
2800 4318 2952 4374 inter
2981 4337 3042 4376 se
3073 4321 3256 4377 sancti
3288 4321 3548 4394 Spiritus
3579 4323 3778 4380 unione

2135 4409 2452 4464 sociantur.

2206 4520 2230 4544 ‹‹
2249 4497 2318 4550 Et
2341 4493 2532 4550 audivi
2557 4511 2752 4550 vocem
2779 4494 3006 4551 Domini
3033 4497 3308 4554 dicentis:
3325 4500 3510 4566 Quem
3534 4501 3770 4566 mittam,

2136 4583 2341 4656 etquis
2360 4584 2466 4638 ibit
2487 4601 2558 4639 ex
2579 4584 2748 4640 nobis
2767 4583 2796 4639 ‘I
2816 4585 2885 4639 Et
2905 4583 3022 4640 dixi
3049 4601 3062 4639 :
3091 4587 3236 4642 Ecce
3257 4603 3385 4660 ego,
3412 4587 3584 4645 mitte
3609 4606 3715 4645 me.
3749 4611 3770 4635 υ

2131 4671 2372 4739 Quando
2395 4689 2462 4727 ex
2483 4672 2582 4727 Dei
2615 4689 2864 4744 persona
2894 4673 3110 4728 dicitur
3138 4674 3328 4744 nobis,
3349 4675 3449 4732 illo
3481 4694 3660 4733 sensu
3689 4694 3769 4733 ac-

2131 4759 2463 4834 cipiendum
2485 4765 2716 4833 est,quo
2747 4765 2806 4816 et
2835 4761 2895 4816 in
2926 4762 3134 4819 Genesi
3163 4763 3398 4837 legitur.
3423 4788 3451 4815 ‹‹
3478 4767 3769 4824 Faciamus

2129 4849 2429 4905 hominem
2481 4849 2553 4904 ad
2604 4849 2922 4923 imaginem
2957 4854 3013 4906 et
3041 4851 3492 4911 similitudinem
3523 4860 3767 4912 nostram

2129 4939 2256 5013 (Gen
2269 4939 2456 5012 .1),»ut
2469 4943 2906 4994 sacramentum
2919 4939 3468 4999 indicetTrinitatis.
3479 4945 3766 5010 Quomodo

2127 5028 2282 5083 enim
2317 5029 2372 5081 in
2406 5027 2715 5099 Evangelio
2765 5026 3019 5100 legimus
3065 5029 3292 5087 dicente
3324 5032 3572 5089 Domino
3601 5034 3760 5107 (lacn.

2125 5119 2210 5185 x):
2249 5117 2415 5186 «Ego
2446 5120 2504 5170 et
2529 5115 2694 5170 Pater
2716 5133 2897 5170 unum
2931 5134 3196 5184 sumus,»
3212 5121 3480 5176 unumad
3507 5126 3759 5177 naturam

2123 5204 2734 5272 rcferimus,etsumus
2746 5205 2817 5259 ad
2844 5222 3225 5276 personarum
3250 5207 3644 5265 diversitatem
3661 5227 3674 5265 :
3690 5209 3759 5264 sic

2125 5293 2369 5350 Domino
2391 5291 2920 5364 jubente,Trinitas
2949 5294 3216 5368 imperat.
3251 5296 3558 5370 Propterea
3579 5304 3752 5354 autem

2125 5401 2239 5438 non
2263 5383 2405 5437 dicit
2424 5381 2710 5437 Dominus
2731 5399 2904 5454 quem
2924 5383 3007 5439 ire
3029 5385 3350 5458 praecipiat,
3373 5387 3473 5442 sed
3505 5384 3753 5460 proponit

2125 5471 2503 5527 audientibus
2535 5470 2924 5542 optionem,ut
2953 5473 3224 5530 voluntas
3249 5476 3552 5546 praemium
3575 5490 3750 5530 conse-

2127 5565 2358 5633 quatur.
2394 5561 2461 5614 Et
2493 5558 2773 5631 propheta
2819 5577 2934 5617 non
2986 5563 3313 5621 temeritate
3353 5569 3411 5621 ct
3440 5561 3746 5636 arrogantia
