4090 6192
326 244 443 305 757

1377 248 1783 316 COMMENT.
1832 256 1911 318 IN
1954 258 2249 324 ISAIAM.
2297 296 2376 306 —
2418 263 2565 325 LIB.
2613 264 2685 327 ll.

3614 275 3751 340 758'

323 377 570 480 propria;
598 378 968 480 conscientia:
999 397 1061 438 se
1107 379 1193 480 ire
1240 384 1574 480 promittit:
1610 389 1711 480 sed
1761 390 1978 480 ﬁducia
2003 395 2056 462 Α
2089 393 2390 465 dilatatus,
2424 400 2484 453 et
2511 398 2729 455 oblitus
2759 400 3048 461 Creatoris
3079 405 3192 461 sui.
3227 405 3509 480 Propheta
3538 412 3733 467 autem

323 470 490 525 bonae
519 469 667 541 spei,
690 469 966 541 quoniam
992 476 1239 544 purgata
1261 479 1401 530 sunt
1426 475 1583 532 labia
1601 479 1978 549 ejus,ablata-

320 575 437 631 que
468 557 772 630 iniquitas,
807 561 1281 634 mundatumque
1312 567 1637 635 peccatum.

394 672 421 697 ‹‹
454 649 523 702 Et
550 646 730 702 dixit:
756 647 933 716 Vade,
957 654 1016 705 et
1035 650 1129 705 dic
1147 651 1361 723 populo
1383 652 1519 709 huic
1544 671 1556 709 :
1585 656 1791 712 Audite
1816 659 1977 713 audi-

318 741 406 805 tu,
439 740 498 792 et
537 735 715 792 nolite
764 736 1087 810 intelligere
1121 756 1133 793 :
1169 744 1228 794 et
1269 740 1458 797 videte
1505 742 1654 811 visu,
1684 749 1742 801 et
1795 746 1973 803 nolite

316 831 690 899 cognoscere.
715 826 949 881 Excmca
978 844 1076 882 cor
1106 828 1306 900 populi
1338 830 1538 902 hujus,
1564 837 1621 889 et
1649 852 1821 890 aures
1841 836 1970 907 ejus

314 932 591 988 aggrava,
615 918 673 970 et
702 913 904 971 oculos
925 917 1054 987 ejus
1074 916 1303 985 claude,
1320 937 1391 976 ne
1409 920 1554 977 forte
1573 922 1765 978 videat
1784 925 1970 982 oculis

312 1004 443 1061 suis
474 1008 533 1060 et
560 1003 804 1060 auribus
834 1005 1058 1073 audiat,
1074 1010 1131 1061 et
1151 1009 1323 1063 corde
1344 1008 1717 1081 intelligat,et
1737 1030 1969 1070 conver-

311 1099 480 1152 tatur
507 1097 565 1149 et
585 1096 844 1149 sanetur.
863 1115 889 1142 υ
903 1095 1027 1160 Quo
1043 1100 1240 1152 autem
1258 1096 1379 1153 hazc
1402 1099 1706 1171 prophetia
1726 1101 1967 1174 impleta

309 1185 391 1241 sit
422 1187 706 1256 tempore,
738 1181 847 1238 hoc
879 1186 939 1238 et
967 1184 1267 1255 apostolus
1285 1187 1504 1244 Paulus
1525 1188 1585 1244 in
1607 1207 1966 1263 consequen-

307 1271 776 1344 tibusloquitur:
793 1271 1008 1327 Notum
1033 1273 1112 1329 sit
1131 1291 1267 1348 ergo
1288 1277 1452 1334 vobis
1474 1280 1750 1350 quoniam
1774 1283 1960 1353 genti-

306 1364 426 1420 bus
456 1362 707 1417 missum
741 1364 831 1416 est
849 1361 958 1419 hoc
979 1362 1235 1420 salutare
1257 1365 1379 1435 Dei,
1398 1366 1507 1439 ipsi
1529 1369 1962 1428 audient.Undc

304 1452 439 1508 etin
454 1452 675 1508 eisdem
691 1450 935 1507 Actibus
951 1453 1348 1523 apostolorum
1367 1455 1618 1528 legimus
1641 1460 1796 1531 quod
1820 1460 1961 1516 Pau-

293 1541 395 1597 lus
414 1546 474 1597 et
491 1540 789 1597 Barnabas
809 1540 1030 1597 Judmis
1052 1542 1389 1601 nolentibus
1412 1548 1646 1604 credere
1663 1548 1917 1606 dixerint
1940 1567 1952 1605 :

296 1655 329 1682 ‹‹
359 1630 543 1687 Vobis
586 1629 890 1702 oportebat
936 1631 1197 1701 primum
1226 1632 1387 1705 loqui
1416 1635 1660 1691 verbum
1695 1638 1817 1704 Dei,
1852 1641 1953 1694 sed

293 1719 579 1795 quoniam
609 1718 891 1792 repellitis
923 1718 1090 1789 illud,
1123 1726 1180 1777 et
1211 1722 1483 1795 indignos
1523 1743 1626 1781 vos
1668 1726 1954 1797 judicatis

288 1813 523 1866 eterna:
552 1808 703 1874 vitm,
718 1824 848 1864 ecce
868 1809 1266 1866 convertimur
1290 1812 1363 1867 ad
1394 1817 1598 1884 gentes
1615 1815 1900 1884 (Act.xm).
1920 1838 1951 1869 »

286 1898 388 1957 Sic
419 1897 580 1955 enim
610 1899 885 1971 pmcepit
914 1898 1084 1955 nobis
1116 1899 1426 1968 Dominus,
1450 1902 1654 1959 dicens
1680 1920 1693 1959 :
1719 1929 1747 1954 «
1775 1906 1951 1962 Posui

284 1993 346 2045 te
377 1988 440 2043 in
470 1985 748 2061 gentibus
778 1986 1000 2055 lumen,
1035 1992 1101 2044 ut
1132 1989 1214 2044 sis
1244 1989 1304 2044 in
1348 1991 1598 2047 salutem
1653 2011 1844 2066 usque
1876 1997 1951 2052 ad

284 2080 622 2134 extremum
654 2079 820 2132 terrae
844 2077 1154 2149 (Isa.xux).
1180 2101 1209 2127 »
1233 2078 1358 2135 Non
1375 2085 1465 2136 est
1480 2082 1799 2139 crudelitas
1824 2084 1948 2152 Dei,

284 2167 393 2223 sed
430 2164 856 2234 misericordia,
891 2182 1072 2222 unam
1123 2168 1311 2240 perire
1360 2173 1616 2241 gentem,
1652 2175 1717 2227 ut
1746 2189 1951 2230 omnes

283 2255 469 2313 salvae
499 2255 645 2311 ﬁant
678 2272 691 2311 :
725 2255 1063 2312 Judaeorum
1096 2261 1323 2330 partem
1355 2276 1471 2315 non
1502 2259 1719 2329 videre,
1743 2266 1808 2318 ut
1830 2280 1950 2319 om-

283 2344 384 2401 nis
416 2344 679 2400 mundus
700 2344 970 2416 aspiciat.
988 2345 1152 2401 Unde
1170 2351 1229 2402 et
1245 2348 1368 2419 ipse
1384 2348 1672 2405 Dominus
1691 2350 1748 2405 in
1771 2352 1951 2408 Evan-

283 2432 468 2508 gelio,
501 2438 937 2489 sacramentum
973 2434 1107 2490 caeci
1138 2452 1173 2490 a
1194 2436 1635 2509 nativitate,qui
1654 2445 1951 2511 receperat

284 2521 516 2588 oculos,
549 2523 721 2578 vertit
747 2522 818 2577 ad
851 2523 1238 2596 tropologiam
1254 2525 1501 2582 etdicit:
1526 2551 1552 2576 ‹‹
1580 2527 1642 2582 In
1652 2528 1944 2599 judicium

282 2628 397 2685 ego
427 2610 562 2667 veni
593 2610 653 2665 in
683 2610 842 2666 hunc
862 2612 1173 2679 mundum,
1189 2617 1253 2668 ut
1270 2613 1434 2671 viden
1445 2619 1531 2671 tes
1553 2634 1667 2671 non
1689 2616 1943 2685 videant,

284 2706 349 2758 et
374 2700 645 2756 videntes
679 2698 813 2755 cmci
845 2699 990 2755 ﬁant
1017 2702 1321 2774 (Joan..1x).
1351 2725 1380 2753 »
1403 2705 1471 2759 Et
1490 2706 1549 2760 in
1571 2705 1684 2761 alio
1716 2705 1840 2762 loco
1862 2706 1945 2763 Si-

283 2807 465 2847 mcon
491 2788 791 2860 loquitur:
816 2812 845 2839 (ι
869 2789 1014 2845 Eece
1044 2791 1271 2862 positus
1301 2796 1391 2848 est
1419 2792 1515 2850 hic
1546 2795 1605 2849 in
1636 2794 1866 2851 ruinam
1888 2801 1946 2852 et

281 2876 782 2937 resurrectionem
802 2877 1123 2934 multorum
1136 2882 1380 2950 (Luem).
1396 2903 1424 2934 »
1439 2884 1510 2938 Et
1526 2882 1643 2939 illis
1661 2888 1941 2956 tanquam

281 2986 402 3025 non
435 2965 794 3032 videntibus,
827 2984 943 3022 non
973 2966 1261 3025 videmus.
1296 2968 1418 3026 Illis
1449 2970 1812 3038 cadentibus,
1834 2990 1942 3029 nos

278 3055 675 3128 resurgimus.
700 3056 864 3121 Quod
895 3055 1231 3128 intelligens
1252 3059 1941 3132 propheta,quodammo-

2086 486 2421 556 respondet,
2456 487 2781 560 quaeritque
2810 490 3098 547 sollicitus
3127 495 3199 549 de
3232 496 3447 567 populo
3469 515 3609 554 suo:
3636 498 3739 555 Us-

2085 589 2317 646 quequo
2350 574 2470 630 haec
2501 578 2789 633 sententia
2818 582 3202 653 permanebit,
3238 588 3302 638 ut
3340 586 3585 643 audiens
3618 604 3733 644 non

2086 661 2306 729 audiat,
2330 662 2647 737 vidensque
2678 684 2793 722 non
2823 669 3058 725 videat?
3080 670 3182 725 Cui
3207 674 3507 744 respondit
3536 676 3732 731 Domi-

2082 768 2195 806 nus
2222 769 2233 805 :
2260 753 2403 807 Tam
2436 754 2536 808 diu
2570 772 2683 810 non
2715 757 2913 812 audiet
2943 762 3000 813 et
3025 776 3137 815 non
3162 759 3473 828 videbit,et
3490 779 3733 821 excaeca-

2080 843 2205 893 tum
2240 840 2476 897 habebit
2506 860 2622 909 cor,
2660 845 2840 901 donec
2870 846 3132 903 civitates
3163 848 3498 907 Judazorurn
3521 852 3732 925 Vespa-

2079 926 2246 983 siano
2263 930 2510 1002 Titoque
2529 932 2931 1004 pugnantibus
2952 937 3186 1006 penitus
3209 939 3648 999 subvertantur:
3669 944 3727 999 in

2077 1020 2310 1071 tantum
2329 1021 2392 1073 ut
2410 1036 2513 1074 nec
2533 1037 2742 1075 nomen
2765 1022 3003 1093 quidem
3028 1025 3341 1095 pristinum
3366 1036 3723 1100 permaneat,

2075 1108 2133 1160 et
2162 1105 2396 1171 dgnus,
2422 1106 2470 1161 si
2503 1126 2630 1179 qua:
2664 1111 3211 1178 remanserint,sine
3238 1114 3564 1174 habitatore
3583 1120 3720 1189 sint,

2073 1198 2133 1249 et
2162 1198 2318 1250 terra
2348 1196 2647 1268 redigatur
2678 1198 2735 1252 in
2759 1198 3163 1267 solitudinem,
3187 1206 3245 1257 et
3264 1203 3349 1259 vel
3372 1205 3512 1277 fuga
3528 1206 3615 1262 vel
3637 1225 3725 1263 ca-

2074 1282 2335 1353 ptivitate
2367 1284 2425 1339 in
2458 1289 2644 1340 totum
2678 1287 2878 1342 orbem
2910 1288 3194 1344 Judaicus
3226 1291 3477 1363 populus
3500 1294 3722 1367 disper-

2070 1374 2263 1441 gatur,
2288 1376 2345 1427 et
2368 1390 2739 1445 nequaquam
2764 1375 2822 1429 in
2843 1376 3045 1431 Judaza
3072 1382 3135 1431 ut
3158 1379 3449 1449 prius,sed
3474 1381 3531 1436 in
3554 1399 3725 1439 cunc-

2068 1458 2145 1513 tis
2174 1460 2451 1531 gentibus
2472 1461 2808 1518 Judzeorum
2836 1465 3087 1537 populus
3110 1467 3719 1540 multiplicetur.Quod

2068 1552 2265 1603 autem
2298 1548 2459 1617 dicit,
2495 1551 2940 1623 multiplicetur,
2967 1560 3131 1610 tanta
3161 1556 3271 1611 erit
3302 1557 3613 1616 infelicitas
3639 1578 3720 1616 re-

2066 1636 2222 1692 sidui
2254 1638 2477 1709 populi,
2502 1643 2566 1694 ut
2595 1641 2667 1695 ad
2703 1643 3197 1712 comparationem
3222 1645 3434 1715 prioris
3456 1647 3716 1703 multitu-

2067 1725 2605 1797 dinisfviﬁdecima
2652 1746 2789 1800 pars
2837 1737 3153 1799 remaneat,
3189 1750 3323 1788 cum
3374 1740 3432 1789 et
3480 1734 3539 1790 in
3588 1735 3717 1809 ipsa

2064 1816 2237 1871 terra'
2252 1816 2430 1871 fuerit
2454 1816 2729 1873 solitudo.
2762 1818 3086 1892 Dupliciter
3114 1821 3269 1877 enim
3306 1822 3468 1878 locus
3490 1823 3601 1880 istc
3632 1827 3717 1881 in-

2060 1903 2244 1977 telligi
2277 1908 2505 1977 potest:
2532 1906 2672 1978 quia
2697 1907 2923 1963 decima
2951 1925 3086 1979 pars
3112 1910 3171 1963 in
3204 1912 3323 1966 toto
3356 1912 3493 1969 orbe
3522 1930 3709 1970 rema-

2060 1998 2216 2059 neat,
2248 1998 2306 2048 et
2336 1992 2393 2048 in
2426 1994 2556 2065 ipsa
2584 1995 2789 2051 Judzea
2819 1995 2912 2051 vix
2942 2015 3120 2069 parva
3149 2016 3284 2070 pars
3308 2001 3507 2073 populi
3532 2019 3709 2059 reser-

2057 2084 2244 2137 vetur.
2280 2082 2537 2138 Rursum
2572 2084 2709 2155 ipsa:
2742 2084 3000 2157 reliquiae
3030 2092 3203 2142 erunt
3226 2087 3285 2142 in
3321 2089 3708 2161 depraedatio-

2059 2187 2215 2236 nem,
2230 2172 2467 2243 quando
2489 2177 2620 2243 post
2643 2190 2828 2229 annos
2850 2175 3030 2230 ferme
3052 2176 3486 2248 quinquaginta
3503 2179 3708 2236 Adria-

2059 2276 2172 2315 nus
2202 2260 2443 2328 venerit,
2476 2266 2533 2316 et
2563 2265 2776 2317 terram
2806 2263 3071 2319 Judmam
3102 2265 3335 2335 penitus
3379 2266 3555 2322 fuerit
3603 2268 3707 2324 de-

2058 2349 2354 2421 prmdatus
2380 2366 2391 2404 :
2419 2349 2476 2404 in
2510 2353 2742 2405 tantum
2776 2356 2842 2406 ut
2871 2352 3197 2408 terebintho
3227 2359 3285 2409 et
3315 2356 3554 2426 quercui
3578 2373 3704 2428 quae

2055 2435 2300 2508 glandes
2332 2437 2657 2509 amiserint,
2682 2444 3069 2510 comparetur.
3096 2441 3356 2514 Denique
3378 2448 3511 2515 post
3531 2448 3710 2502 extre-

2057 2542 2213 2579 mam
2242 2526 2594 2591 vastitatem,
2617 2526 2795 2581 etiam
2827 2526 2984 2597 leges
3008 2528 3254 2598 publica:
3278 2532 3704 2601 pependerunt,

2053 2617 2110 2667 et
2140 2613 2415 2684 prohibiti
2449 2619 2590 2669 sunt
2617 2614 2803 2670 Judaei
2834 2619 3073 2683 terrain,
3109 2619 3179 2672 de
3230 2636 3350 2689 qua
3378 2619 3548 2690 ejecti
3576 2621 3704 2677 fue-
3752 2630 3761 2640 '

2054 2706 2205 2767 rant,
2240 2700 2486 2775 ingredi.
2513 2702 2571 2756 Si
2595 2702 2728 2773 quis
2749 2707 2944 2758 autem
2968 2704 3282 2760 crediderit
3299 2706 3358 2760 in
3380 2706 3699 2775 Christum,

2052 2793 2109 2845 et
2138 2789 2444 2862 impletum
2478 2790 2653 2846 fuerit
2682 2790 2825 2846 illud
2859 2793 3013 2863 quod
3054 2810 3235 2864 supra
3280 2792 3552 2866 legimus,
3587 2795 3701 2853 nisi

2050 2878 2335 2934 Dominus
2368 2879 2623 2935 Sabaoth
2672 2878 3008 2951 reliquisset
3057 2881 3227 2936 nobis
3275 2899 3498 2951 semen,
3530 2885 3700 2956 quasi

2051 2968 2304 3023 Sodoma
2334 2966 2651 3023 fuissemus
2683 2972 2741 3023 et
2771 2967 2994 3023 similes
3026 2969 3361 3025 Gomorrha:
3388 2987 3655 3028 essemus
3681 2991 3694 3029 :

2050 3057 2283 3128 quando
2305 3057 2476 3127 juxta
2501 3056 2844 3127 Apostolum
2870 3056 3125 3129 reliquiae
3147 3058 3562 3133 salvabuntur:
3588 3061 3699 3118 hoc

279 3146 358 3202 do
389 3143 526 3201 aliis
554 3142 746 3199 verbis
775 3144 953 3200 dicit:
980 3144 1024 3200 Ο
1050 3145 1590 3220 Domine,pra3cipis
1613 3148 1756 3203 mihi
1778 3148 1939 3221 loqui
1970 3136 2014 3202 C
2051 3161 2251 3199 semen
2302 3149 2571 3200 sanctum
2620 3143 2750 3210 erit,
2782 3149 2839 3199 et
2870 3146 2941 3200 de
2990 3147 3387 3217 apostolorum
3435 3148 3698 3221 germine

278 3232 507 3309 populo
535 3232 897 3299 Judaaorum,
914 3237 979 3289 ut
1000 3235 1244 3291 audiant
1259 3240 1315 3291 et
1331 3254 1445 3292 non
1470 3236 1800 3311 intelligant
1820 3238 1937 3294 Sal-

277 3326 568 3387 veterem,
600 3324 659 3377 et
686 3321 919 3377 videant
948 3338 1083 3378 eum
1111 3327 1168 3379 et
1198 3340 1314 3380 non
1344 3330 1684 3396 agnoscant.
1717 3326 1777 3383 Si
1808 3326 1940 3399 quis

277 3410 428 3467 velit
442 3409 687 3482 implere
699 3410 1033 3481 jussionem
1051 3416 1302 3481 tuam,et
1317 3416 1505 3469 totum
1528 3413 1753 3471 salvare
1774 3432 1942 3470 mun-

280 3500 455 3566 dum,
490 3497 649 3570 quod
679 3501 737 3553 et
765 3513 871 3568 ego
904 3497 1028 3554 ﬁeri
1061 3499 1329 3556 desidero
1360 3518 1372 3556 :
1400 3505 1462 3557 tu
1484 3518 1706 3559 excaaca
1725 3521 1826 3559 cor
1845 3521 1941 3576 po-

280 3588 411 3662 puli
444 3586 648 3658 hujus,
681 3591 739 3642 et
767 3603 939 3643 aures
969 3603 1240 3660 aggrava,
1274 3593 1331 3645 et
1360 3589 1559 3647 oculos
1607 3590 1835 3658 claude,
1868 3609 1940 3647 ne

279 3675 643 3749 intelligant,
663 3690 734 3730 ne
764 3675 1025 3743 audiant,
1045 3694 1117 3733 ne
1136 3676 1391 3733 videant.
1407 3677 1465 3734 Si
1488 3678 1644 3734 enim
1670 3679 1754 3734 illi
1778 3680 1940 3735 vidc-

279 3765 425 3833 rint,
457 3769 519 3820 et
549 3763 813 3820 conversi
853 3763 1091 3831 fuerint,
1123 3768 1181 3821 et
1228 3766 1439 3833 sanati,
1472 3770 1631 3823 totus
1681 3769 1940 3824 mundus

278 3871 403 3915 non
436 3852 679 3924 recipiet
702 3852 1035 3909 sanitatem.
1051 3853 1132 3907 Ex
1148 3869 1265 3925 quo
1286 3854 1941 3927 advertimus,quamvis

278 3959 459 4017 grave
489 3941 568 3997 sit
595 3944 922 4013 peccatum,
951 3941 1000 3996 si
1034 3940 1167 4013 quis
1197 3947 1588 4011 convertatur,
1612 3961 1745 3999 eum
1770 3960 1942 4016 posse

278 4031 485 4090 sanari
517 4048 531 4086 :
566 4029 862 4101 simulque
891 4034 949 4085 et
978 4029 1088 4085 hoc
1134 4029 1604 4103 intelligendum,
1641 4034 1795 4106 quod
1842 4050 1944 4105 per

280 4117 758 4193 magnitudinem
782 4116 1041 4187 sceleris,
1058 4118 1235 4175 etiam
1253 4119 1596 4191 pmnitentia
1611 4120 1837 4194 indigni
1851 4122 1945 4193 ju-

281 4208 466 4266 dicati
498 4211 658 4273 sunt,
690 4206 819 4278 ipso
863 4206 1112 4263 Domino
1162 4207 1394 4264 dicente
1442 4210 1514 4265 ad
1562 4209 1890 4266 Jerusalem
1925 4226 1939 4265 :

283 4323 313 4349 α
349 4296 592 4364 Quoties
623 4294 779 4351 volui
811 4311 1164 4369 congregare
1196 4296 1349 4353 ﬁlios
1388 4300 1541 4366 tuos,
1576 4320 1603 4347 ››
1636 4298 1941 4367 subaudis,

285 4411 315 4438 ‹‹
353 4386 511 4442 sicut
538 4383 761 4457 gallina
790 4389 1108 4457 congregat
1154 4384 1346 4457 pullos
1397 4403 1536 4442 suos
1566 4387 1677 4443 sub
1710 4386 1853 4455 alas,
1889 4390 1948 4443 et

287 4474 535 4532 noluisti
567 4472 773 4541 (Matth.
807 4476 986 4540 XXIII).
1022 4495 1050 4521 ››

363 4588 393 4613 α
426 4564 499 4619 Et
527 4561 646 4618 dixi
681 4578 699 4627 ς
728 4561 1065 4634 Usquequo,
1095 4562 1385 4619 Domine?
1414 4564 1484 4618 Et
1528 4563 1674 4619 dixit
1707 4581 1718 4619 :
1753 4564 1945 4620 Donec

288 4649 637 4708 desolentur
650 4649 918 4706 civitates
935 4650 1159 4722 absque
1178 4651 1588 4717 habitatore,et
1600 4653 1812 4707 domus
1823 4653 1950 4709 sine

287 4738 656 4805 hominibus,
687 4743 747 4794 et
775 4742 933 4794 terra
960 4738 1327 4811 relinquetur
1348 4740 1661 4807 deserta,et
1678 4739 1850 4813 longe
1872 4741 1950 4796 fa-

288 4832 407 4887 ciet
434 4828 723 4886 Dominus
753 4828 1043 4896 homines,
1059 4832 1117 4884 et
1136 4828 1623 4901 multiplicabitur
1643 4846 1772 4902 quae
1793 4830 1950 4885 dere-

288 4917 431 4975 licta
461 4918 653 4973 fuerat
684 4916 744 4972 in
774 4915 965 4972 medio
996 4920 1184 4984 terra},
1204 4921 1263 4972 et
1283 4917 1473 4973 adhuc
1491 4918 1551 4974 in
1575 4935 1643 4974 ea
1663 4918 1775 4974 erit
1796 4917 1948 4974 deci-

288 5006 474 5063 matio
499 5023 512 5060 :
540 5009 597 5061 et
628 5021 864 5060 rursum
895 5004 1005 5060 erit
1030 5004 1090 5059 in
1115 5005 1604 5078 depraedationem
1628 5006 1781 5063 sicut
1802 5010 1948 5062 tere-

290 5093 559 5161 binthus,
579 5097 637 5149 et
654 5092 809 5149 sicut
829 5108 1084 5164 quercus
1114 5109 1243 5164 qua:
1268 5094 1515 5166 projecit
1535 5094 1763 5150 fructus
1785 5112 1946 5151 suos.

207 5180 224 5196 '
289 5184 504 5239 Semen
534 5185 806 5238 sanctum
839 5181 951 5237 erit
977 5182 1130 5253 quod
1180 5181 1408 5238 steterit
1436 5181 1496 5237 in
1529 5200 1616 5238 ea.
1653 5205 1680 5231 »
1714 5183 1950 5239 Dicente

291 5270 546 5328 Domino
571 5286 583 5324 :
609 5268 769 5325 Vade
797 5272 854 5324 et
883 5269 976 5325 dic
1005 5269 1145 5326 huic
1186 5269 1422 5343 populo,
1458 5272 1613 5342 quod
1664 5271 1868 5327 audiat
1895 5276 1952 5328 et

292 5376 413 5416 non
441 5357 668 5426 audiat,
700 5357 891 5414 videat
917 5362 975 5413 ct
1003 5375 1119 5414 non
1152 5358 1363 5414 videat.
1388 5358 1606 5414 Idcirco
1629 5363 1822 5414 autem
1846 5377 1952 5416 nec

296 5446 672 5519 audiat,quia
693 5463 808 5501 non
842 5446 919 5502 sit
948 5445 1354 5503 intellecturus
1383 5448 1557 5502 verba
1589 5446 1952 5516 Domini,nec

295 5537 431 5607 ejus
446 5552 627 5608 opera
641 5536 1014 5609 cogniturus:
1031 5536 1376 5607 etquoniam
1399 5535 1760 5593 incrassatus
1781 5542 1953 5606 est,et

2048 3238 2268 3288 cuncta:
2299 3232 2568 3288 Ecclesia:
2600 3231 2999 3305 pullulabunt.

2671 3375 2904 3431 CAPUT
2950 3376 3072 3432 VII.

2120 3523 2147 3548 ‹‹
2172 3499 2242 3553 Et
2271 3494 2489 3555 factum
2521 3504 2612 3556 est
2630 3500 2690 3554 in
2714 3500 2925 3556 diebus
2946 3500 3136 3555 Achaz
3159 3501 3261 3555 filii
3286 3503 3692 3570 Joatham,lilii

2048 3587 2196 3643 Oziaz
2226 3589 2379 3662 regis
2410 3589 2441 3643 J
2451 3590 2584 3655 uda,
2619 3589 2883 3643 ascendit
2916 3588 3114 3658 Rasin,
3146 3607 3244 3643 rex
3274 3590 3535 3661 Syrim,et
3556 3591 3698 3647 Pha-

2048 3693 2145 3732 cee
2162 3676 2319 3733 filius
2343 3676 2637 3742 Romelize,
2663 3694 2760 3730 rex
2788 3676 2984 3743 Israel,
3002 3677 3059 3730 in
3080 3677 3441 3733 Hierusalem
3457 3679 3529 3733 ad
3549 3696 3694 3750 prae-

2047 3764 2313 3820 liandum
2342 3768 2545 3820 contra
2586 3781 2738 3831 eam,
2771 3768 2830 3819 et
2881 3781 2996 3818 non
3044 3767 3363 3835 potuerunt
3404 3766 3695 3825 debellare

2048 3870 2199 3909 eam.
2231 3855 2302 3909 Et
2330 3852 2746 3907 nuntiaverunt
2774 3850 2975 3907 domui
3001 3850 3203 3920 David,
3229 3852 3490 3910 dicentes
3513 3871 3526 3908 :
3553 3854 3696 3911 Con-

2049 3941 2234 3997 sensit
2262 3941 2429 4013 Syria
2459 3957 2593 3994 cum
2626 3938 2919 4011 Ephraim,
2952 3942 3010 3994 et
3056 3944 3417 3996 commotum
3465 3946 3558 3999 est
3597 3960 3697 3999 cor

2050 4031 2178 4102 ejus
2208 4034 2266 4084 et
2295 4047 2393 4085 cor
2420 4028 2618 4101 populi
2650 4028 2831 4096 illius,
2862 4027 3018 4084 sicut
3048 4034 3356 4085 moventur
3386 4030 3548 4104 ligna
3582 4032 3699 4105 syl-

2049 4136 2252 4175 varum
2272 4118 2465 4174 afacie
2494 4117 2672 4173 venti.
2701 4140 2727 4166 ››
2747 4118 3022 4190 Legimus
3042 4118 3101 4173 in
3126 4118 3701 4191 Paralipomenorum

2050 4207 2200 4263 libro
2224 4208 2301 4278 (Il
2327 4212 2458 4263 Par.
2490 4223 2698 4274 xxvm;
2726 4207 2795 4263 IV
2823 4207 2952 4277 Reg.
2976 4211 3115 4275 xw),
3151 4208 3330 4263 Rasin
3368 4225 3563 4282 regem
3592 4210 3703 4267 Da-

2053 4297 2257 4363 masci,
2291 4296 2439 4352 victo
2469 4295 2680 4361 Achaz,
2715 4295 2934 4351 multos
2984 4297 3054 4351 de
3102 4296 3307 4352 Judaza
3352 4303 3705 4354 Damascum

2052 4386 2449 4457 transtulisse,
2468 4390 2526 4440 et
2544 4384 2764 4440 Phacee
2781 4383 2968 4439 ﬁlium
2988 4384 3261 4440 Romelite
3284 4401 3478 4458 regem
3503 4386 3705 4441 decem

2057 4475 2340 4539 tribuum,
2365 4476 2515 4546 (qua:
2546 4472 2995 4545 appellabantur
3024 4471 3200 4526 Israel
3223 4476 3280 4526 et
3302 4473 3628 4544 regnabant
3648 4475 3707 4529 in

2055 4564 2343 4633 Samaria)
2357 4568 2545 4619 etuna
2562 4561 2655 4615 die
2672 4563 2907 4615 centum
2924 4557 3127 4630 viginti
3148 4559 3331 4614 millia
3347 4561 3709 4632 percussisse

2058 4654 2129 4708 de
2152 4653 2308 4709 Juda
2350 4650 2661 4707 hominum
2712 4647 3083 4715 bellatorum,
3118 4651 3175 4703 et
3225 4648 3478 4705 ducenta
3526 4649 3714 4707 millia

2058 4741 2397 4807 mulierum,
2423 4754 2859 4810 puerorumque
2888 4740 2943 4791 et
2976 4736 3305 4808 puellarum
3325 4755 3460 4793 cum
3483 4738 3713 4795 inﬁnita
3797 4791 3801 4796 .

2058 4830 2273 4902 praeda,
2308 4830 2367 4883 in
2400 4827 2729 4882 Samariam
2761 4825 2999 4882 duxisse
3050 4825 3295 4898 captiva.
3329 4827 3409 4883 De
3438 4844 3552 4899 quo
3582 4844 3709 4883 cer-

2057 4918 2278 4974 tamine
2309 4916 2595 4988 propheta
2621 4932 2777 4971 nunc
2807 4915 3008 4981 tacuit,
3042 4917 3145 4971 sed
3177 4917 3503 4972 secundum
3535 4916 3710 4971 refert

2058 5004 2321 5080 praelium
2342 5023 2354 5061 :
2378 5005 2615 5078 quando
2632 5004 3099 5077 experimentum
3121 5004 3402 5060 habentes
3423 5003 3708 5059 fortitudi-

2060 5096 2151 5151 nis
2185 5113 2303 5151 suze
2336 5099 2513 5167 atque
2537 5092 2811 5159 victoria},
2845 5096 2903 5147 et
2933 5091 3158 5147 invitati
3189 5092 3393 5163 prmda:
3416 5091 3709 5165 magnitu-

2059 5185 2215 5253 dine,
2250 5202 2485 5240 rursum
2518 5182 2759 5238 vcniunt
2783 5181 2855 5235 ad
2885 5180 3121 5246 Judam,
3147 5185 3203 5235 et
3233 5180 3593 5237 Hierusalem
3615 5199 3711 5237 cu-

2060 5275 2231 5347 piunt
2255 5272 2565 5342 debellare,
2598 5274 2656 5326 et
2684 5286 2797 5325 non
2831 5272 3148 5340 potuerunt
3181 5286 3194 5323 :
3227 5270 3366 5341 quia
3393 5269 3709 5326 auxiliatus

2059 5367 2149 5419 est
2179 5363 2229 5417 ei
2260 5361 2581 5416 Dominus:
2611 5364 2675 5414 ut
2696 5358 2807 5413 sub
2828 5357 3131 5413 occasione
3162 5359 3573 5416 misericordia:
3593 5377 3711 5433 qua

2061 5450 2343 5524 populum
2359 5447 2645 5503 liberabat
2662 5447 2968 5502 obsessum
2980 5445 3211 5514 ,Filium
3227 5464 3400 5504 suum
3414 5448 3713 5506 nuntiaret

2063 5540 2133 5595 de
2162 5538 2382 5610 virgine
2414 5535 2798 5592 nasciturum.
2834 5535 2997 5601 Quod
3026 5552 3159 5590 cum
3193 5538 3458 5595 audisset
3496 5540 3708 5595 domus
