4090 6192
437 337 558 403 ’159

811 335 1219 400 HAYMONIS
1262 331 1806 396 HALBERSTAT.
1853 331 2102 395 EPISC.
2145 331 2322 394 OPP.
2365 331 2578 394 PARS
2615 331 2662 392 l.
2697 363 2775 374 —
2817 328 3226 392 COMMENT.
3271 327 3474 389 BlBL.

3719 325 3836 389 760

439 473 645 538 David,
694 471 806 528 hoc
852 473 942 526 est
987 471 1198 525 domus
1255 466 1434 540 regia,
1480 465 1708 540 Syriam
1767 463 1992 523 scilicet
2032 467 2091 521 et
2117 465 2174 532 Α
2203 464 2434 537 poterit.
2467 466 2682 531 Quarto
2713 463 2939 520 decimo
2969 478 3122 518 anno
3149 461 3340 517 Achaz
3370 459 3473 516 ﬁlii
3501 459 3756 516 Joathan
3782 459 3839 517 in

439 563 740 636 Ephraim,
775 558 950 617 Rasin
983 562 1044 614 et
1071 557 1292 613 Phacee
1328 557 1534 629 juncto
1581 557 1778 614 venire
1807 555 2082 624 exemita,

441 649 714 709 exterrita
743 651 833 704 est
852 652 1028 718 atque
1059 646 1434 714 contremuit,
1452 650 1511 702 et
1531 651 1652 702 tam
1675 663 1772 702 rex
1794 663 1968 719 quam
1993 663 2089 717 po-

441 739 618 812 pulus
649 737 730 792 ita
755 737 1256 803 contremuerunt,
1291 739 1357 790 ut
1388 738 1624 807 putares
1654 735 1929 791 arborum
1953 733 2091 790 folia

437 831 747 883 ventorum
775 823 1016 881 ﬂatibus
1040 823 1327 880 ventilari.
1350 825 1528 880 Juxta
1557 841 1877 898 anagogem
1902 823 2090 879 facilis

439 913 843 988 interpretatio
873 917 988 981 est,
1009 914 1163 986 quod
1197 916 1478 986 regnante
1509 913 1699 969 Achaz
1731 929 1863 986 rege
1885 913 2088 986 impio,

441 1021 540 1060 rex
568 1005 768 1072 Aram,
790 1002 892 1076 qui
914 1003 1332 1075 interpretatur
1357 1004 1602 1060 excelsus
1625 1007 1797 1076 atque
1815 1003 2089 1071 sublimis,

439 1097 508 1150 ut
533 1092 754 1150 indicet
783 1092 1183 1165 arrogantiam
1213 1090 1513 1164 sapientiae
1544 1091 1926 1161 szecularis,et
1947 1091 2091 1146 Pha-

441 1200 540 1242 cee
567 1183 724 1238 ﬁlius
756 1180 1052 1250 Romelize,
1077 1180 1178 1254 qui
1210 1184 1268 1236 et
1297 1181 1422 1252 ipse
1441 1181 1614 1253 juxta
1661 1181 1806 1237 Osee
1846 1180 2093 1253 pmphe-

439 1276 562 1329 tam
581 1272 801 1328 tribum
817 1269 1197 1342 Ephraim,de
1211 1269 1832 1342 quaJeroboam,ﬁlius
1846 1269 2092 1338 Nabath,

439 1361 656 1418 vitulos
685 1377 893 1416 aureos
920 1359 980 1414 in
1011 1358 1235 1426 Bethel,
1269 1363 1327 1414 et
1365 1359 1488 1414 Dan
1540 1349 1942 1427 constituerat,
1974 1363 2034 1414 et
2063 1376 2098 1414 a

441 1451 616 1507 domo
647 1449 829 1506 David
862 1449 963 1504 Dei
995 1447 1280 1521 populum
1311 1452 1682 1521 separaverat
1716 1467 1728 1504 :
1765 1450 2100 1504 referuntur

443 1539 517 1596 ad
542 1536 875 1605 haereticos,
891 1536 991 1609 qui
1013 1537 1395 1593 consentiunt
1419 1536 1532 1591 sibi
1558 1541 1624 1592 ut
1643 1541 1980 1610 expugnent
2001 1538 2102 1593 Ec-

441 1625 706 1684 olesiam.
741 1625 902 1693 Quod
938 1641 1075 1682 cum
1102 1624 1354 1681 audierit
1383 1625 1596 1682 domus
1625 1626 2017 1698 David,quem
2041 1625 2100 1680 in

441 1714 702 1773 Ezechiel
718 1715 931 1788 (Ezech.
945 1715 1137 1783 xxxrv)
1152 1717 1448 1786 pastorem
1470 1715 1692 1771 bonum
1714 1713 1966 1788 legimus
1978 1731 2106 1770 sus-

2194 554 2353 610 tribu
2384 553 2832 626 Juda,regnavit
2853 552 3020 608 Ozias
3044 567 3222 624 super
3241 549 3589 615 Samariam,
3612 554 3670 605 et
3690 566 3840 608 nono

2197 659 2350 698 anno
2385 642 2614 714 imperii
2646 643 2738 698 sui
2771 645 2978 714 captus
3008 643 3116 696 est.
3141 639 3421 713 Regnavit
3439 642 3636 696 autem
3661 637 3844 694 Acha:

2199 749 2379 803 super
2405 731 2618 787 Judam
2653 729 2906 787 sedecim
2947 725 3138 786 annis.
3172 729 3307 784 Post
3352 729 3524 800 cujus
3570 730 3840 796 mortem,

2200 819 2448 893 septimo
2466 838 2619 876 anno
2636 819 2866 893 imperii
2885 820 2974 876 sui
2994 823 3198 892 captus
3215 824 3304 875 est
3321 817 3577 885 Ozias,et
3591 818 3846 872 destrue-

2199 915 2260 964 ta
2289 909 2572 981 Samaria,
2605 909 2912 982 omnisque
2943 907 3196 982 populus
3225 907 3608 964 transductus
3634 905 3698 961 in
3724 905 3846 962 Me-

2202 999 2308 1054 dos
2333 1016 2346 1054 :
2373 999 2454 1054 ita
2483 1003 2549 1054 ut
2576 999 2625 1055 si
2647 997 3006 1055 voluerimus
3037 997 3292 1053 sedecim
3323 1013 3509 1053 annos
3549 995 3764 1064 Achaz,
3794 999 3848 1051 et

2202 1091 2424 1160 septem
2456 1088 2605 1144 Ozias
2635 1104 2870 1160 ponere,
2895 1087 3226 1144 efﬁciantur
3261 1085 3401 1142 anni
3446 1085 3656 1158 viginti
3707 1088 3846 1152 tres,

2203 1181 2307 1233 aut
2337 1182 2404 1232 ut
2434 1177 2685 1234 multum
2715 1177 2813 1244 sit,
2841 1177 3051 1249 viginti
3098 1179 3372 1248 quatuor.
3404 1175 3476 1230 Et
3521 1175 3624 1230 ubi
3675 1178 3851 1230 erunt

2205 1265 2505 1338 sexaginta
2526 1266 2784 1338 quinque
2806 1265 3030 1332 anni,in
3053 1264 3270 1338 quibus
3292 1281 3534 1338 regnum
3557 1263 3739 1320 Israel
3763 1263 3850 1320 di-

2205 1355 2358 1411 citur
2377 1355 2700 1411 ﬁniendum
2715 1354 2744 1410 ?
2763 1355 2944 1428 igitur
2959 1353 3177 1410 Hebraei
3196 1354 3354 1409 hunc
3375 1353 3572 1409 locum
3594 1353 3679 1410 ita
3698 1352 3851 1409 edis-

2207 1449 2430 1509 serunt,
2459 1448 2524 1500 ut
2560 1445 2739 1500 Amos
2789 1445 2889 1516 qui
2939 1443 3050 1501 sub
3097 1443 3235 1500 Ozia
3279 1443 3458 1516 cmpit
3502 1441 3854 1516 prephetare

2208 1534 2444 1606 quando
2474 1539 2534 1590 et
2563 1534 2746 1590 Isaias
2785 1531 3102 1606 "prophetia:
3139 1549 3260 1589 sua:
3288 1531 3496 1588 habuit
3523 1531 3852 1603 exordium,

2211 1621 2468 1694 primum
2501 1621 2930 1694 prophetaverit
2957 1625 3160 1678 contra
3188 1620 3388 1692 Israel,
3410 1620 3616 1678 dicens
3639 1638 3652 1678 :
3679 1619 3855 1678 Israel

2209 1715 2404 1766 autem
2422 1709 2686 1784 captivus
2699 1711 2948 1767 ducetur
2967 1711 3038 1766 de
3058 1716 3215 1768 terra
3233 1709 3602 1767 sua.Titulus
3620 1725 3858 1784 quoque

441 1803 2102 1876 citandum,etpopulusejussimplicitercredensinDeum
2134 1837 2177 1901 Β
2211 1799 2526 1900 prophetiae
2555 1801 2686 1872 ejus
2713 1801 2916 1856 contra
2947 1799 3272 1857 Samariam
3304 1799 3404 1870 sit,
3421 1803 3480 1856 et
3506 1799 3858 1873 prophetare

440 1893 864 1967 pertremiscet.
887 1894 959 1948 Et
979 1893 1108 1948 ideo
1131 1892 1551 1964 pertremiscet,
1577 1893 1713 1964 quia
1733 1911 1848 1949 non
1870 1893 2097 1949 arbori-

443 1983 555 2040 bus
583 1981 920 2050 fructiferis,
955 1983 1057 2038 sed
1087 1981 1450 2038 infructuose
1482 1981 1658 2038 saltui
1699 1987 2093 2056 comparatur.

515 2095 546 2122 α
577 2073 650 2128 Et
671 2071 819 2128 dixit
848 2071 1136 2126 Dominus
1167 2071 1241 2126 ad
1286 2071 1496 2126 Isaiam
1521 2086 1535 2126 :
1563 2072 1848 2143 Egredere
1891 2072 1950 2126 in
1995 2089 2095 2128 oc—

443 2178 686 2218 cursum
716 2159 926 2229 Achaz,
951 2165 1014 2215 tu
1047 2163 1104 2216 et
1135 2159 1235 2231 qui
1267 2159 1584 2215 derelictus
1611 2164 1701 2215 est
1731 2161 1916 2216 Jasub
1939 2161 2096 2216 filius

443 2255 606 2319 tuus,
631 2251 703 2306 ad
734 2253 1063 2306 extremum
1087 2249 1473 2320 aquaeductus
1497 2247 1732 2320 piscinae
1755 2249 2092 2322 superioris,

443 2338 507 2396 in
536 2338 629 2396 via
657 2337 782 2413 agri
814 2337 1074 2402 fullonis,
1097 2340 1155 2392 et
1173 2336 1333 2392 dices
1355 2337 1428 2392 ad
1449 2353 1582 2392 eum
1609 2354 1622 2392 :
1647 2337 1790 2394 Vide
1811 2343 1878 2394 ut
1899 2338 2093 2405 sileas,

445 2427 563 2485 noli
587 2427 814 2494 timere,
830 2430 889 2482 et
904 2443 1004 2482 cor
1017 2429 1187 2482 tuum
1205 2442 1278 2482 ne
1297 2424 1568 2482 formidet
1587 2443 1621 2481 a
1640 2427 1870 2484 duabus
1891 2428 2096 2484 caudis

443 2515 718 2574 titionum
750 2515 1170 2587 fumigantium
1200 2513 1469 2580 istorum,
1489 2515 1548 2569 in
1572 2514 1660 2570 ira
1679 2515 1892 2572 furoris
1917 2517 2094 2572 Rasin

444 2605 600 2680 regis
629 2605 826 2679 Syrias,
850 2606 910 2660 et
939 2601 1065 2660 Filii
1090 2600 1362 2658 Romelies
1387 2601 1633 2660 dicentis
1657 2622 1670 2660 :
1694 2605 2096 2663 Ascendamus

445 2695 519 2752 ad
547 2695 580 2752 J
585 2693 763 2752 udam
789 2695 848 2750 et
876 2691 1235 2750 suscitemus
1264 2706 1420 2758 eum,
1443 2693 1502 2748 et
1523 2689 1842 2750 evellamus
1861 2709 1998 2750 eum
2021 2695 2093 2750 ad

439 2800 571 2854 nos,
590 2786 648 2840 et
675 2799 966 2856 ponamus
983 2797 1180 2854 regem
1198 2778 1280 2834 im
1293 2780 1486 2836 medio
1502 2781 1553 2852 ej
1563 2798 1632 2837 us
1649 2780 1836 2838 ﬁlium
1859 2782 2092 2839 Tabeel.

414 2871 577 2934 ,Hsec
599 2871 744 2928 dicit
774 2869 1062 2928 Dominus
1094 2875 1244 2926 Deus
1275 2886 1290 2924 :
1325 2869 1450 2924 Non
1492 2869 1674 2926 stabit
1721 2874 1779 2927 et
1824 2889 1942 2928 non
1987 2872 2098 2929 erit

440 2960 624 3028 istud,
658 2961 760 3018 sed
789 2964 968 3034 caput
997 2959 1173 3034 Syriae
1195 2959 1539 3025 Damascus,
1555 2963 1610 3015 et
1629 2965 1806 3033 caput
1825 2961 2096 3018 Damasci

454 3050 658 3118 Basia,
691 3053 751 3106 et
780 3050 972 3106 adhuc
1001 3047 1304 3121 sexaginta
1331 3051 1388 3104 et
1416 3047 1676 3120 quinque
1689 3049 1851 3117 anni,
1873 3053 1930 3105 et
1949 3050 2098 3106 desi-

444 3142 546 3195 net
571 3137 851 3210 Ephraim
873 3153 1002 3193 esse
1021 3135 1298 3208 populus,
1321 3139 1379 3190 et
1397 3139 1573 3206 caput
1591 3136 1868 3208 Ephraim
1891 3139 2092 3194 Sama-

445 3226 555 3292 ria,
584 3201 643 3282 et
669 3229 847 3297 caput
876 3201 1154 3281 Samaria:
1185 3201 1344 3277 ﬁlius
1377 3201 1672 3278 Romclisi.
1697 3223 1756 3280 Si
1778 3241 1894 3280 non
1917 3225 2096 3281 credi-
2124 3201 2168 3269 Cv

445 3313 672 3376 deritis.
705 3329 821 3369 non
852 3310 1292 3386 permanebitis.
1321 3331 1350 3359 ››
1381 3310 1588 3378 Jasub,
1612 3309 1772 3368 ﬁlius
1805 3313 2094 3386 Isaias,qui

445 3401 866 3472 interpretatur
900 3400 1126 3455 relictus
1171 3401 1350 3468 atque
1395 3405 1708 3455 convertens
1738 3399 1798 3455 in
1829 3404 1961 3474 typo
1991 3420 2092 3475 po.

443 3488 569 3564 puli
597 3487 876 3560 Juda,qui
899 3491 1023 3543 erat
1043 3487 1115 3542 de
1135 3487 1386 3541 duorum
1417 3502 1620 3558 regum
1653 3487 1929 3546 manibus
1950 3489 2092 3546 libe-

444 3578 666 3635 randus
698 3593 712 3633 :
737 3577 986 3650 jubetur
1013 3573 1211 3650 egredi
1239 3591 1374 3631 cum
1408 3578 1666 3646 parente,
1701 3581 1759 3632 et
1789 3594 2094 3634 occurrere

438 3665 630 3726 Achaz
645 3667 766 3741 regi
782 3666 948 3724 Judaa
967 3665 1026 3721 in
1041 3663 1166 3721 loco
1185 3664 1566 3736 aquaaductus
1587 3664 1826 3737 piscina).
1837 3666 2093 3740 superio-

441 3755 544 3824 ris,
573 3755 635 3812 in
655 3756 750 3813 via
763 3753 889 3830 agri
907 3753 1170 3824 fullonis,
1189 3751 1289 3809 ubi
1307 3756 1510 3826 postea
1526 3752 1732 3810 lecturi
1753 3772 1962 3812 sumus
1979 3757 2092 3812 sub

439 3845 686 3903 Ezechia
705 3860 840 3920 rege
861 3845 1016 3902 Juda
1035 3846 1190 3900 stare
1211 3842 1537 3898 Rabsacen.
1556 3841 1715 3899 Duas
1737 3847 1938 3901 autem
1961 3861 2094 3900 cau-

439 3935 548 3991 das
577 3933 874 4003 titionum,
905 3933 964 3989 id
1009 3935 1118 4000 est,
1154 3929 1402 3987 torrium
1453 3930 1894 4004 fumigantium,
1925 3937 2092 3990 vocat

439 4021 624 4078 Basia
651 4038 848 4095 regem
869 4021 1047 4094 Syrias
1067 4024 1126 4076 et
1149 4020 1368 4076 Phacee
1386 4019 1573 4076 ﬁlium
1597 4020 1870 4078 Romelize
1894 4039 2089 4096 regem

437 4107 742 4180 Samariae,
771 4109 830 4163 id
856 4112 945 4164 est
975 4109 1175 4164 decem
1206 4107 1472 4164 tribuum
1497 4125 1510 4164 :
1545 4125 1672 4180 qua:
1705 4109 1820 4166 alio
1853 4111 2090 4167 nomine

443 4195 890 4268 appellabantur
902 4194 1200 4266 Ephraim.
1215 4196 1491 4262 Quamvis
1507 4196 1665 4252 enim
1689 4197 2091 4256 inieruntcon-

442 4281 640 4340 silium
662 4276 812 4338 duos
830 4297 995 4355 reges
1016 4281 1258 4354 pessimi
1276 4286 1342 4337 ut
1357 4285 1740 4340 escenderent
1755 4287 1827 4340 ad
1848 4285 1881 4342 J
1886 4287 2086 4354 udam,

441 4372 614 4443 cujus
642 4370 801 4444 regio
827 4369 887 4426 in
909 4370 1210 4426 montibus
1227 4369 1340 4426 sita
1353 4375 1444 4425 est
1467 4387 1481 4426 :
1506 4376 1564 4427 et
1580 4372 1936 4430 suscitarent
1951 4392 2086 4430 eum

440 4459 835 4534 quiescentem
866 4463 924 4515 et
952 4457 1392 4531 quodammodo
1423 4459 1839 4527 dormientem,
1862 4479 2086 4535 suoque

435 4566 570 4606 eum
592 4548 838 4622 imperio
858 4546 1245 4620 subjugarent
1261 4549 1319 4603 et
1333 4554 1796 4618 superponerent
1816 4549 1865 4605 ei
1888 4567 2083 4622 regem
2113 4571 2162 4636 Β

435 4637 626 4694 ﬁlium
649 4636 884 4704 Tabeel,
917 4636 1016 4710 qui
1051 4635 1470 4708 interpretatur
1500 4635 1670 4692 bonus
1707 4637 1870 4704 Deus,
1902 4642 1968 4694 ut
1992 4639 2080 4696 vel

434 4725 734 4783 hominem
755 4725 866 4782 hoc
887 4725 1144 4794 nomine,
1163 4723 1252 4780 vel
1270 4723 1492 4780 idolum
1515 4725 1972 4797 demonstraret;
1996 4733 2081 4785 ta-

435 4831 569 4870 men
599 4813 721 4869 bzec
749 4813 891 4869 dicit
917 4814 1202 4870 Dominus
1233 4813 1387 4870 Deus
1414 4829 1426 4868 :
1451 4813 1576 4869 Non
1607 4815 1790 4870 stabit
1813 4815 1924 4872 hoc
1945 4833 2080 4872 con-

432 4903 654 4973 silium,
682 4903 784 4959 sed
815 4903 1050 4958 interim
1081 4902 1256 4957 modo
1289 4905 1466 4975 caput
1495 4902 1671 4976 Syriae
1705 4905 1941 4962 urbium
1971 4907 2083 4962 erit

433 4993 777 5060 Damascus,
809 4991 952 5047 etin
981 4991 1110 5062 ipsa
1141 4989 1444 5062 metropoli
1466 4990 1750 5048 Damasco
1770 4992 2082 5066 imperabit

434 5081 635 5138 Rasin.
669 5079 844 5136 Porro
872 5077 933 5134 in
966 5077 1244 5150 Ephraim
1276 5081 1514 5152 propter
1547 5080 1857 5137 Jeroboam
1891 5081 2078 5138 ﬁlium

432 5167 1025 5241 Nabaib,quiprimus
1038 5165 1302 5240 regnavit
1316 5185 1329 5234 ;
1343 5167 1483 5222 etde
1495 5167 2084 5242 Ephraimcritcaput

429 5257 728 5326 Samarize,
761 5256 872 5314 hoc
901 5259 991 5312 est
1022 5255 1176 5328 regia
1208 5255 1421 5311 domus
1449 5255 1510 5310 in
1543 5257 1686 5312 urbe
1717 5257 2080 5324 Samarim,et

429 5345 695 5401 Samaria
723 5349 900 5417 caput
927 5345 1037 5400 erit
1067 5343 1226 5400 ﬁlius
1273 5343 1566 5414 Remeliaa,
1599 5344 1655 5399 id
1689 5349 1798 5412 est,
1833 5344 2074 5401 Pbacee.

429 5431 696 5504 Regnum
759 5437 955 5488 autem
1022 5433 1224 5489 decem
1278 5432 1563 5501 tribuum,
1619 5433 1674 5488 id
1728 5437 1818 5490 est
1874 5434 2072 5506 populi

425 5515 722 5589 Ephraim,
756 5525 888 5593 post
917 5520 1222 5594 sexaginta
1241 5524 1299 5576 et
1318 5521 1578 5594 quinque
1599 5539 1787 5578 annos
1807 5539 1938 5578 esse
1955 5539 2074 5578 ces-

425 5605 613 5661 sabit:
645 5609 801 5677 quod
835 5609 946 5663 nisi
979 5607 1321 5680 diligentius
1355 5610 1750 5678 attendamus,
1775 5614 1931 5667 stare
1953 5625 2070 5667 non

2205 1888 2447 1961 coeperit
2477 1889 2536 1944 in
2569 1889 2776 1946 diebus
2797 1889 2944 1946 Oziae
2962 1889 3114 1963 regis
3129 1889 3474 1946 JudaAnte
3495 1889 3650 1946 duos
3671 1907 3856 1946 annos

2205 1982 2372 2034 terra:
2402 1982 2618 2046 motus,
2638 1995 2814 2050 quem
2834 1977 3018 2033 voluit
3035 1994 3102 2034 eo
3122 1981 3382 2050 tempore
3397 1979 3724 2035 accidissse
3745 1994 3857 2052 quo

2206 2067 2507 2139 ingressus
2538 2071 2627 2122 est
2657 2066 2823 2123 Ozias
2854 2065 3140 2140 templum
3163 2065 3288 2135 Dei,
3313 2066 3716 2123 sacerdotium
3749 2067 3856 2124 sibi

2203 2155 2526 2223 vindicans,
2561 2161 2620 2210 et
2649 2161 2803 2211 terra
2833 2171 3110 2228 percussa
3139 2158 3247 2225 est,
3278 2159 3340 2212 et
3375 2156 3604 2212 cineres
3652 2155 3858 2214 altaris

2205 2245 2373 2302 effusi
2402 2249 2561 2309 sunt,
2591 2249 2648 2300 et
2681 2245 2805 2317 ipse
2833 2259 2932 2300 rex
2963 2261 3278 2318 percussus
3308 2248 3396 2302 est
3424 2244 3610 2318 lepra.
3638 2245 3860 2302 Volunt

2205 2337 2400 2390 autem
2416 2333 2581 2388 illum
2601 2350 2822 2389 annum
2841 2331 3023 2390 fuisse
3037 2331 3382 2389 vicesimum
3405 2333 3687 2406 quintum
3713 2335 3858 2391 Ozia

2204 2421 2378 2494 regis,
2393 2422 2630 2492 quando
2651 2421 2775 2477 haec
2791 2421 3152 2492 acciderunt,
3168 2422 3341 2493 cujus
3357 2421 3566 2494 reliqui
3590 2427 3739 2478 sunt
3759 2441 3857 2480 an-

2205 2513 2264 2566 ni
2284 2511 2490 2584 viginti
2515 2508 2934 2584 septem.Ozias
2954 2511 3112 2567 enim
3133 2511 3398 2585 regnavit
3422 2511 3862 2586 quinquaginta

2203 2601 2436 2657 duobus
2467 2599 2660 2656 annis.
2695 2599 3088 2656 Postea-enim
3121 2599 3677 2673 regnavitJoatham
3702 2600 3861 2659 ﬁlius

2201 2689 2332 2762 ejus
2362 2687 2534 2745 annis
2564 2687 2839 2756 sedecim,
2855 2691 2914 2745 et
2933 2687 3114 2760 hujus
3135 2686 3292 2744 ﬁlius
3309 2687 3502 2745 Achaz
3521 2689 3704 2746 annis
3729 2689 3860 2748 aliis

2203 2777 2480 2834 sedecim.
2515 2777 2652 2834 Post
2679 2793 2851 2850 quem
2886 2775 3150 2850 regnavit
3179 2775 3476 2846 Ezechias,
3497 2778 3678 2851 cujus
3701 2781 3858 2836 sexto

2205 2865 2434 2939 imperii
2463 2883 2616 2922 anno
2645 2869 2818 2938 capta
2845 2869 2938 2922 est
2963 2864 3248 2934 Samaria,
3282 2869 3456 2938 atque
3485 2865 3568 2923 ita
3587 2866 3859 2924 efﬁciun-

2201 2959 2302 3010 tur
2321 2954 2461 3011 anni
2481 2953 2785 3028 sexaginta
2803 2952 3221 3027 quinquaHzec
3242 2967 3346 3026 per
3365 2954 3720 3028 prophetam
3745 2957 3858 3012 Do-

2205 3043 2366 3098 mino
2394 3040 2766 3114 praedicante,
2798 3058 2896 3097 rex
2922 3039 3114 3096 Achaz
3140 3045 3202 3096 et
3229 3039 3476 3114 populos
3502 3041 3638 3113 ejus
3660 3043 3860 3100 futura

2205 3149 2320 3187 non
2353 3129 2617 3188 credidit.
2633 3131 2762 3186 Haec
2774 3129 2948 3202 juxta
2969 3128 3274 3186 historiam
3294 3127 3858 3199 diximus,casterum

2203 3237 2339 3276 vero
2359 3221 2529 3291 juxta
2557 3221 2805 3292 coeptam
2835 3215 3220 3291 tropologiam
3251 3217 3754 3276 considerandum
3774 3223 3860 3277 est

2202 3307 2360 3380 quod
2395 3307 2576 3380 impio
2609 3307 2729 3380 regi
2759 3307 2940 3364 Isaias
2962 3308 3209 3380 jubetur
3235 3322 3560 3375 occurrere,
3577 3313 3641 3365 et
3659 3309 3859 3366 exiens

2203 3395 2276 3451 de
2303 3385 2567 3452 loco'suc
2616 3413 2732 3452 non
2779 3395 2838 3452 in
2891 3395 3179 3469 principio
3225 3397 3634 3470 aquaeductus,
3667 3399 3776 3455 sed
3799 3399 3856 3454 in

2201 3485 2477 3540 extremis
2495 3483 2711 3540 ﬁnibus
2735 3483 2974 3557 piscina:
2995 3485 3468 3558 superioris,quze
3487 3491 3615 3542 erat
3634 3487 3696 3542 in
3718 3503 3857 3561 agro

2203 3571 2568 3640 fullonis,ubi
2587 3574 2788 3630 sordes
2805 3577 2864 3629 et
2881 3573 3122 3630 maculae
3139 3574 3738 3648 purgabantur.Duas
3754 3589 3856 3632 au-

2198 3664 2315 3716 tem
2348 3661 2566 3717 caudas
2585 3661 2834 3718 torrium
2855 3661 3367 3735 fumigantium,ut
3383 3662 3548 3736 prius
3569 3661 3855 3736 diximus,

2197 3752 2364 3804 vocat
2394 3747 2741 3821 sapientiam
2773 3749 3114 3806 saecularem
3147 3749 3610 3822 haereticumque
3639 3767 3858 3807 sermo-

2200 3855 2355 3906 nem,
2390 3855 2643 3911 quorum
2686 3837 2822 3894 ﬁnis
2868 3839 3094 3894 exustio
3143 3842 3250 3894 est.
3285 3837 3393 3906 Qui
3443 3838 3668 3896 frustra
3709 3840 3855 3897 inie-

2199 3931 2338 3982 runt
2367 3926 2702 3996 consilium,
2734 3931 2802 3982 ut
2845 3927 3228 3984 ascenderent
3271 3930 3474 3984 contra
3521 3927 3772 3998 Judam,
3799 3934 3857 3986 st

2197 4015 2366 4088 quasi
2398 4015 2789 4089 negligentem
2820 4019 2877 4072 et
2905 4015 3291 4074 dormientem
3317 4017 3612 4090 caperent,
3637 4022 3697 4074 et
3722 4019 3852 4076 suis

2196 4103 2492 4162 erroribus
2509 4101 3277 4178 cepularent,ponercntque
3297 4121 3474 4178 super
3489 4121 3630 4162 eum
3651 4121 3852 4180 regem

2197 4192 2383 4249 ﬁlium
2417 4191 2652 4260 Tabeel,
2682 4192 2790 4248 hoc
2821 4197 2911 4248 est
2957 4194 3178 4250 bonum
3229 4191 3352 4250 Dei.
3385 4193 3640 4267 Uterque
3687 4197 3852 4252 enim

2195 4281 2566 4338 adversarius
2596 4282 2754 4354 apud
2787 4297 2849 4338 se
2879 4281 3132 4339 aestimat
3173 4281 3474 4339 veritatem
3505 4297 3638 4339 esse
3664 4286 3726 4339 et
3756 4299 3849 4340 sa-

2196 4387 2332 4426 nam
2365 4371 2712 4426 doctrinam.
2738 4369 2867 4426 Haec
2887 4369 3005 4426 illis
3027 4370 3360 4428 dicentibus
3381 4370 3666 4428 Dominus
3685 4387 3850 4428 coms

2195 4457 2472 4528 minatur,
2506 4459 2661 4530 quod
2693 4475 2809 4515 non
2839 4462 2952 4514 stet
2979 4457 3291 4516 consilium
3335 4459 3621 4532 ipsorum,
3651 4459 3761 4516 sed
3791 4465 3851 4518 et

2193 4545 2425 4601 interim
2460 4547 2722 4618 quandiu
2754 4563 2910 4602 nunc
2941 4547 3200 4604 mundus
3230 4547 3340 4604 iste
3369 4551 3507 4616 stat,
3531 4551 3590 4604 et
3619 4564 3688 4604 ea
3713 4563 3846 4622 qua

2191 4633 2396 4690 mundi
2431 4639 2590 4702 sunt,
2624 4634 2683 4690 in
2707 4635 2832 4692 suis
2855 4634 3072 4693 ﬁnibus
3087 4640 3146 4692 et
3163 4637 3223 4691 in
3245 4636 3372 4692 suis
3395 4636 3644 4694 urbibus
3662 4635 3848 4694 domi-

2191 4727 2424 4780 nentur.
2457 4724 2603 4780 Gum
2634 4727 2832 4780 autem
2862 4724 3387 4782 consummationis
3410 4729 3648 4798 tempus
3670 4727 3845 4783 adve-

2191 4812 2481 4882 nerit,hoc
2506 4817 2597 4868 est
2627 4813 2929 4885 sexaginta
2957 4813 3220 4886 quinque
3248 4813 3476 4881 anni,et
3489 4818 3610 4870 tam
3634 4813 3842 4872 mundi

2191 4922 2283 4960 res
2314 4921 2441 4975 qua:
2475 4901 2534 4957 in
2577 4917 2678 4958 sex
2722 4899 2931 4959 diebus
2982 4903 3145 4958 facta:
3193 4907 3334 4959 sunt
3379 4904 3532 4977 (Gen.
3567 4904 3630 4976 ι),
3663 4919 3843 4978 quam

2189 4991 2388 5048 omnia
2415 5008 2544 5063 quae
2575 4991 2648 5047 ad
2678 4991 2940 5064 quinque
2969 5008 3181 5048 sensus
3207 4991 3518 5065 pertinent,
3545 4993 3728 5050 ﬁnem
3750 5009 3843 5049 ac.

2187 5080 2466 5152 ceperint,
2501 5083 2642 5136 tunc
2675 5079 2946 5136 universa
2975 5095 3104 5137 esse
3134 5081 3429 5138 solvenda.

2259 5194 2286 5219 ι‹
2320 5170 2388 5224 Et
2418 5169 2632 5240 adjecit
2681 5167 2840 5241 loqui
2889 5169 3175 5226 Dominus
3223 5170 3296 5226 ad
3340 5168 3554 5238 Achaz,
3586 5171 3788 5227 dicens
3821 5185 3835 5224 :

2187 5256 2320 5312 Pete
2350 5256 2455 5312 tibi
2487 5256 2723 5329 signum
2754 5273 2788 5312 a
2817 5257 3066 5314 Domino
3097 5257 3214 5314 Deo
3238 5262 3340 5315 tuo
3370 5258 3429 5313 in
3477 5259 3836 5330 profundum
3893 5245 3908 5260 ⁸

2184 5343 2416 5409 inferni,
2451 5344 2570 5401 sive
2600 5345 2660 5399 in
2689 5345 2983 5402 excelsum
3007 5363 3206 5420 supra.
3234 5369 3262 5398 ››
3292 5347 3440 5414 Quia
3467 5347 3573 5404 tibi
3606 5347 3838 5404 videtur

2185 5431 2394 5505 inquit,
2429 5433 2665 5489 difﬁcile
2695 5449 2824 5488 esse
2850 5435 3004 5506 quod
3037 5451 3216 5507 regna
3245 5435 3658 5508 potentissima
3676 5433 3832 5490 brevi

2181 5525 2441 5593 tempore
2492 5521 2749 5577 ﬁnienda
2800 5523 2937 5591 sint,
2973 5527 3032 5578 et
3056 5526 3120 5578 tu
3168 5541 3302 5580 cum
3355 5524 3572 5597 populo
3619 5529 3718 5580 tuo
3753 5523 3834 5578 de

2181 5627 2391 5682 magno
2422 5608 2678 5682 periculo
2709 5609 2992 5678 libereris,
3027 5617 3157 5685 pete
3187 5613 3290 5668 tibi
3321 5612 3582 5684 signum,
3612 5623 3835 5684 nequa-
