  <div class='ocr_page' id='page_1' title='image "/cluster/home/n/w/nwhite01/storage/ocr_20150623/116/hvd.32044054759808/386.png"; bbox 0 0 4090 6192; ppageno 0'>
   <div class='ocr_carea' id='block_1_1' title="bbox 260 334 372 395">
    <p class='ocr_par' dir='ltr' id='par_1_1' title="bbox 260 334 372 395">
     <span class='ocr_line' id='line_1_1' title="bbox 260 334 372 395; baseline 0.018 -2"><span class='ocrx_word' id='word_1_1' title='bbox 260 334 372 395; x_wconf 79' lang='grc'>’161</span> 
     </span>
    </p>
   </div>
   <div class='ocr_carea' id='block_1_2' title="bbox 1314 338 2621 408">
    <p class='ocr_par' dir='ltr' id='par_1_2' title="bbox 1314 338 2621 408">
     <span class='ocr_line' id='line_1_2' title="bbox 1314 338 2621 408; baseline 0.005 -8"><span class='ocrx_word' id='word_1_2' title='bbox 1314 338 1718 404; x_wconf 84' lang='lat' dir='ltr'>COMMENT.</span> <span class='ocrx_word' id='word_1_3' title='bbox 1765 342 1844 403; x_wconf 89' lang='lat' dir='ltr'><strong>IN</strong></span> <span class='ocrx_word' id='word_1_4' title='bbox 1886 340 2187 405; x_wconf 78' lang='lat' dir='ltr'>ISAIAM.</span> <span class='ocrx_word' id='word_1_5' title='bbox 2231 377 2312 389; x_wconf 94' lang='lat'>—</span> <span class='ocrx_word' id='word_1_6' title='bbox 2353 345 2503 408; x_wconf 90' lang='lat' dir='ltr'>LIB.</span> <span class='ocrx_word' id='word_1_7' title='bbox 2548 343 2621 408; x_wconf 90' lang='lat' dir='ltr'>ll.</span> 
     </span>
    </p>
   </div>
   <div class='ocr_carea' id='block_1_3' title="bbox 3544 352 3667 416">
    <p class='ocr_par' dir='ltr' id='par_1_3' title="bbox 3544 352 3667 416">
     <span class='ocr_line' id='line_1_3' title="bbox 3544 352 3667 416; baseline 0.016 -2"><span class='ocrx_word' id='word_1_8' title='bbox 3544 352 3667 416; x_wconf 74' lang='lat'>762</span> 
     </span>
    </p>
   </div>
   <div class='ocr_carea' id='block_1_4' title="bbox 261 466 3675 550">
    <p class='ocr_par' dir='ltr' id='par_1_4' title="bbox 261 466 3675 550">
     <span class='ocr_line' id='line_1_4' title="bbox 261 466 3675 550; baseline 0.005 -27"><span class='ocrx_word' id='word_1_9' title='bbox 261 483 441 541; x_wconf 89' lang='lat' dir='ltr'>quam</span> <span class='ocrx_word' id='word_1_10' title='bbox 472 467 546 524; x_wconf 90' lang='lat' dir='ltr'>ab</span> <span class='ocrx_word' id='word_1_11' title='bbox 579 466 752 525; x_wconf 85' lang='lat' dir='ltr'>idolis</span> <span class='ocrx_word' id='word_1_12' title='bbox 785 485 1035 543; x_wconf 90' lang='lat' dir='ltr'>quorum</span> <span class='ocrx_word' id='word_1_13' title='bbox 1066 487 1256 528; x_wconf 88' lang='lat' dir='ltr'>errore</span> <span class='ocrx_word' id='word_1_14' title='bbox 1287 471 1588 541; x_wconf 89' lang='lat' dir='ltr'>detineris,</span> <span class='ocrx_word' id='word_1_15' title='bbox 1613 475 1713 530; x_wconf 90' lang='lat' dir='ltr'>sed</span> <span class='ocrx_word' id='word_1_16' title='bbox 1736 492 1770 531; x_wconf 89' lang='lat' dir='ltr'>a</span> <span class='ocrx_word' id='word_1_17' title='bbox 1799 474 1916 531; x_wconf 94' lang='lat' dir='ltr'>Do-</span> <span class='ocrx_word' id='word_1_18' title='bbox 1943 474 2001 543; x_wconf 87' lang='grc' dir='ltr'><strong>Α</strong></span> <span class='ocrx_word' id='word_1_19' title='bbox 2027 492 2162 532; x_wconf 91' lang='lat' dir='ltr'>mus</span> <span class='ocrx_word' id='word_1_20' title='bbox 2210 478 2417 550; x_wconf 79' lang='lat' dir='ltr'>(Cenes.</span> <span class='ocrx_word' id='word_1_21' title='bbox 2440 481 2616 550; x_wconf 72' lang='lat' dir='ltr'>xxxv),</span> <span class='ocrx_word' id='word_1_22' title='bbox 2649 479 2749 535; x_wconf 90' lang='lat' dir='ltr'>ubi</span> <span class='ocrx_word' id='word_1_23' title='bbox 2781 480 3040 538; x_wconf 80' lang='lat' dir='ltr'>Rebecca</span> <span class='ocrx_word' id='word_1_24' title='bbox 3079 480 3296 540; x_wconf 90' lang='lat' dir='ltr'>dicitur</span> <span class='ocrx_word' id='word_1_25' title='bbox 3340 482 3541 542; x_wconf 88' lang='lat' dir='ltr'>halma</span> <span class='ocrx_word' id='word_1_26' title='bbox 3571 503 3584 542; x_wconf 92' lang='lat'>:</span> <span class='ocrx_word' id='word_1_27' title='bbox 3616 487 3675 543; x_wconf 89' lang='lat' dir='ltr'>et</span> 
     </span>
    </p>
   </div>
   <div class='ocr_carea' id='block_1_5' title="bbox 260 556 1915 637">
    <p class='ocr_par' dir='ltr' id='par_1_5' title="bbox 260 556 1915 637">
     <span class='ocr_line' id='line_1_5' title="bbox 260 556 1915 637; baseline 0.004 -25"><span class='ocrx_word' id='word_1_28' title='bbox 260 556 426 613; x_wconf 89' lang='lat' dir='ltr'>mino</span> <span class='ocrx_word' id='word_1_29' title='bbox 455 557 573 613; x_wconf 89' lang='lat' dir='ltr'>Deo</span> <span class='ocrx_word' id='word_1_30' title='bbox 594 558 824 631; x_wconf 91' lang='lat' dir='ltr'>tuo,qui</span> <span class='ocrx_word' id='word_1_31' title='bbox 857 559 962 615; x_wconf 84' lang='lat' dir='ltr'>tibi</span> <span class='ocrx_word' id='word_1_32' title='bbox 987 559 1268 616; x_wconf 83' lang='lat' dir='ltr'>auxilium</span> <span class='ocrx_word' id='word_1_33' title='bbox 1301 560 1689 634; x_wconf 89' lang='lat' dir='ltr'>pollicetur,et</span> <span class='ocrx_word' id='word_1_34' title='bbox 1719 563 1915 637; x_wconf 90' lang='lat' dir='ltr'>ipsum</span> 
     </span>
    </p>
   </div>
   <div class='ocr_carea' id='block_1_6' title="bbox 261 644 1915 724">
    <p class='ocr_par' dir='ltr' id='par_1_6' title="bbox 261 644 1915 724">
     <span class='ocr_line' id='line_1_6' title="bbox 261 644 1915 724; baseline 0.005 -23"><span class='ocrx_word' id='word_1_35' title='bbox 261 644 501 719; x_wconf 88' lang='lat' dir='ltr'>signum</span> <span class='ocrx_word' id='word_1_36' title='bbox 522 646 780 719; x_wconf 80' lang='lat' dir='ltr'>optionis</span> <span class='ocrx_word' id='word_1_37' title='bbox 811 651 923 702; x_wconf 80' lang='lat' dir='ltr'>tuae</span> <span class='ocrx_word' id='word_1_38' title='bbox 955 653 1043 704; x_wconf 90' lang='lat' dir='ltr'>est</span> <span class='ocrx_word' id='word_1_39' title='bbox 1062 650 1217 705; x_wconf 88' lang='lat' dir='ltr'>unde</span> <span class='ocrx_word' id='word_1_40' title='bbox 1240 649 1598 723; x_wconf 88' lang='lat' dir='ltr'>postules,de</span> <span class='ocrx_word' id='word_1_41' title='bbox 1628 653 1915 724; x_wconf 84' lang='lat' dir='ltr'>profundo</span> 
     </span>
    </p>
   </div>
   <div class='ocr_carea' id='block_1_7' title="bbox 260 734 1918 810">
    <p class='ocr_par' dir='ltr' id='par_1_7' title="bbox 260 734 1918 810">
     <span class='ocr_line' id='line_1_7' title="bbox 260 734 1918 810; baseline 0.004 -20"><span class='ocrx_word' id='word_1_42' title='bbox 260 735 386 791; x_wconf 83' lang='lat' dir='ltr'>sive</span> <span class='ocrx_word' id='word_1_43' title='bbox 416 735 488 791; x_wconf 89' lang='lat' dir='ltr'>de</span> <span class='ocrx_word' id='word_1_44' title='bbox 518 734 766 792; x_wconf 85' lang='lat' dir='ltr'>excelso.</span> <span class='ocrx_word' id='word_1_45' title='bbox 800 736 923 803; x_wconf 87' lang='lat' dir='ltr'>Vis,</span> <span class='ocrx_word' id='word_1_46' title='bbox 955 734 1169 809; x_wconf 80' lang='lat' dir='ltr'>inquit,</span> <span class='ocrx_word' id='word_1_47' title='bbox 1205 742 1270 793; x_wconf 90' lang='lat' dir='ltr'>ut</span> <span class='ocrx_word' id='word_1_48' title='bbox 1301 740 1605 796; x_wconf 91' lang='lat' dir='ltr'>scindatur</span> <span class='ocrx_word' id='word_1_49' title='bbox 1652 745 1825 810; x_wconf 88' lang='lat' dir='ltr'>terra,</span> <span class='ocrx_word' id='word_1_50' title='bbox 1860 746 1918 797; x_wconf 90' lang='lat' dir='ltr'>et</span> 
     </span>
    </p>
   </div>
   <div class='ocr_carea' id='block_1_8' title="bbox 261 822 1919 899">
    <p class='ocr_par' dir='ltr' id='par_1_8' title="bbox 261 822 1919 899">
     <span class='ocr_line' id='line_1_8' title="bbox 261 822 1919 899; baseline 0.005 -22"><span class='ocrx_word' id='word_1_51' title='bbox 261 822 475 897; x_wconf 82' lang='lat' dir='ltr'>grandi</span> <span class='ocrx_word' id='word_1_52' title='bbox 508 822 669 879; x_wconf 81' lang='lat' dir='ltr'>hiatu</span> <span class='ocrx_word' id='word_1_53' title='bbox 703 823 873 880; x_wconf 86' lang='lat' dir='ltr'>inferi</span> <span class='ocrx_word' id='word_1_54' title='bbox 905 829 1159 897; x_wconf 78' lang='lat' dir='ltr'>pateant,</span> <span class='ocrx_word' id='word_1_55' title='bbox 1197 827 1294 899; x_wconf 88' lang='lat' dir='ltr'>qui</span> <span class='ocrx_word' id='word_1_56' title='bbox 1328 827 1386 882; x_wconf 93' lang='lat' dir='ltr'>in</span> <span class='ocrx_word' id='word_1_57' title='bbox 1419 830 1589 885; x_wconf 90' lang='lat' dir='ltr'>corde</span> <span class='ocrx_word' id='word_1_58' title='bbox 1640 829 1919 885; x_wconf 89' lang='lat' dir='ltr'>dicuntur</span> 
     </span>
    </p>
   </div>
   <div class='ocr_carea' id='block_1_9' title="bbox 260 913 1917 991">
    <p class='ocr_par' dir='ltr' id='par_1_9' title="bbox 260 913 1917 991">
     <span class='ocr_line' id='line_1_9' title="bbox 260 913 1917 991; baseline 0.004 -23"><span class='ocrx_word' id='word_1_59' title='bbox 260 928 394 968; x_wconf 86' lang='lat' dir='ltr'>esse</span> <span class='ocrx_word' id='word_1_60' title='bbox 425 916 609 981; x_wconf 58' lang='lat' dir='ltr'>terrai,</span> <span class='ocrx_word' id='word_1_61' title='bbox 643 931 717 968; x_wconf 90' lang='lat' dir='ltr'>an</span> <span class='ocrx_word' id='word_1_62' title='bbox 746 917 809 968; x_wconf 91' lang='lat' dir='ltr'>ut</span> <span class='ocrx_word' id='word_1_63' title='bbox 839 913 1180 987; x_wconf 83' lang='lat' dir='ltr'>aperiantur</span> <span class='ocrx_word' id='word_1_64' title='bbox 1208 916 1375 972; x_wconf 75' lang='lat' dir='ltr'>cmli?</span> <span class='ocrx_word' id='word_1_65' title='bbox 1405 918 1565 983; x_wconf 90' lang='lat' dir='ltr'>Quod</span> <span class='ocrx_word' id='word_1_66' title='bbox 1601 922 1917 991; x_wconf 90' lang='lat' dir='ltr'>utrumque</span> 
     </span>
    </p>
   </div>
   <div class='ocr_carea' id='block_1_10' title="bbox 260 1002 1912 1074">
    <p class='ocr_par' dir='ltr' id='par_1_10' title="bbox 260 1002 1912 1074">
     <span class='ocr_line' id='line_1_10' title="bbox 260 1002 1912 1074; baseline 0.004 -18"><span class='ocrx_word' id='word_1_67' title='bbox 260 1002 337 1056; x_wconf 87' lang='lat' dir='ltr'>ad</span> <span class='ocrx_word' id='word_1_68' title='bbox 372 1006 575 1074; x_wconf 79' lang='lat' dir='ltr'>typum</span> <span class='ocrx_word' id='word_1_69' title='bbox 606 1003 859 1073; x_wconf 89' lang='lat' dir='ltr'>pertinet</span> <span class='ocrx_word' id='word_1_70' title='bbox 898 1004 1105 1060; x_wconf 89' lang='lat' dir='ltr'>mortis</span> <span class='ocrx_word' id='word_1_71' title='bbox 1153 1004 1385 1061; x_wconf 86' lang='lat' dir='ltr'>Domini</span> <span class='ocrx_word' id='word_1_72' title='bbox 1432 1010 1488 1061; x_wconf 87' lang='lat' dir='ltr'>et</span> <span class='ocrx_word' id='word_1_73' title='bbox 1531 1006 1912 1063; x_wconf 88' lang='lat' dir='ltr'>ascensionis.</span> 
     </span>
    </p>
   </div>
   <div class='ocr_carea' id='block_1_11' title="bbox 266 1090 1918 1168">
    <p class='ocr_par' dir='ltr' id='par_1_11' title="bbox 266 1090 1918 1168">
     <span class='ocr_line' id='line_1_11' title="bbox 266 1090 1918 1168; baseline 0.005 -23"><span class='ocrx_word' id='word_1_74' title='bbox 266 1111 289 1138; x_wconf 80' lang='grc' dir='ltr'>α</span> <span class='ocrx_word' id='word_1_75' title='bbox 333 1090 441 1156; x_wconf 82' lang='grc' dir='ltr'><strong>Ουὶ</strong></span> <span class='ocrx_word' id='word_1_76' title='bbox 495 1090 650 1147; x_wconf 89' lang='lat' dir='ltr'>enim</span> <span class='ocrx_word' id='word_1_77' title='bbox 701 1091 1019 1161; x_wconf 87' lang='lat' dir='ltr'>descendit,</span> <span class='ocrx_word' id='word_1_78' title='bbox 1054 1093 1179 1165; x_wconf 89' lang='lat' dir='ltr'>ipse</span> <span class='ocrx_word' id='word_1_79' title='bbox 1236 1100 1328 1150; x_wconf 89' lang='lat' dir='ltr'>est</span> <span class='ocrx_word' id='word_1_80' title='bbox 1385 1098 1443 1150; x_wconf 90' lang='lat' dir='ltr'>et</span> <span class='ocrx_word' id='word_1_81' title='bbox 1493 1095 1590 1168; x_wconf 88' lang='lat' dir='ltr'>qui</span> <span class='ocrx_word' id='word_1_82' title='bbox 1651 1097 1918 1153; x_wconf 86' lang='lat' dir='ltr'>ascendit</span> 
     </span>
    </p>
   </div>
   <div class='ocr_carea' id='block_1_12' title="bbox 260 1179 672 1251">
    <p class='ocr_par' dir='ltr' id='par_1_12' title="bbox 260 1179 672 1251">
     <span class='ocr_line' id='line_1_12' title="bbox 260 1179 672 1251; baseline -0.01 -18"><span class='ocrx_word' id='word_1_83' title='bbox 260 1179 482 1251; x_wconf 57' lang='lat' dir='ltr'>(Epher.</span> <span class='ocrx_word' id='word_1_84' title='bbox 513 1179 611 1251; x_wconf 85' lang='grc' dir='ltr'>ιν).</span> <span class='ocrx_word' id='word_1_85' title='bbox 651 1203 672 1229; x_wconf 77' lang='grc' dir='ltr'>ι</span> 
     </span>
    </p>
   </div>
   <div class='ocr_carea' id='block_1_13' title="bbox 337 1268 1915 1343">
    <p class='ocr_par' dir='ltr' id='par_1_13' title="bbox 337 1268 1915 1343">
     <span class='ocr_line' id='line_1_13' title="bbox 337 1268 1915 1343; baseline 0.006 -21"><span class='ocrx_word' id='word_1_86' title='bbox 337 1291 368 1316; x_wconf 93' lang='grc'>‹‹</span> <span class='ocrx_word' id='word_1_87' title='bbox 400 1268 467 1323; x_wconf 85' lang='lat' dir='ltr'>Et</span> <span class='ocrx_word' id='word_1_88' title='bbox 498 1268 645 1324; x_wconf 84' lang='lat' dir='ltr'>dixit</span> <span class='ocrx_word' id='word_1_89' title='bbox 690 1268 881 1325; x_wconf 85' lang='lat' dir='ltr'>Achaz</span> <span class='ocrx_word' id='word_1_90' title='bbox 912 1286 924 1325; x_wconf 90' lang='lat'><strong>:</strong></span> <span class='ocrx_word' id='word_1_91' title='bbox 961 1271 1087 1325; x_wconf 89' lang='lat' dir='ltr'>Non</span> <span class='ocrx_word' id='word_1_92' title='bbox 1146 1275 1360 1343; x_wconf 86' lang='lat' dir='ltr'>petam,</span> <span class='ocrx_word' id='word_1_93' title='bbox 1407 1277 1465 1328; x_wconf 89' lang='lat' dir='ltr'>et</span> <span class='ocrx_word' id='word_1_94' title='bbox 1517 1292 1631 1329; x_wconf 91' lang='lat' dir='ltr'>non</span> <span class='ocrx_word' id='word_1_95' title='bbox 1680 1276 1915 1332; x_wconf 87' lang='lat' dir='ltr'>tentabo</span> 
     </span>
    </p>
   </div>
   <div class='ocr_carea' id='block_1_14' title="bbox 264 1355 1914 1434">
    <p class='ocr_par' dir='ltr' id='par_1_14' title="bbox 264 1355 1914 1434">
     <span class='ocr_line' id='line_1_14' title="bbox 264 1355 1914 1434; baseline 0.005 -24"><span class='ocrx_word' id='word_1_96' title='bbox 264 1355 605 1412; x_wconf 89' lang='lat' dir='ltr'>Dominum.</span> <span class='ocrx_word' id='word_1_97' title='bbox 647 1380 668 1406; x_wconf 80' lang='grc' dir='ltr'><strong>ι</strong></span> <span class='ocrx_word' id='word_1_98' title='bbox 720 1357 1082 1415; x_wconf 86' lang='lat' dir='ltr'>Humilitatis</span> <span class='ocrx_word' id='word_1_99' title='bbox 1113 1363 1202 1415; x_wconf 90' lang='lat' dir='ltr'>est</span> <span class='ocrx_word' id='word_1_100' title='bbox 1240 1377 1314 1415; x_wconf 89' lang='lat' dir='ltr'>an</span> <span class='ocrx_word' id='word_1_101' title='bbox 1367 1363 1651 1434; x_wconf 67' lang='lat' dir='ltr'>superbiae</span> <span class='ocrx_word' id='word_1_102' title='bbox 1683 1363 1797 1418; x_wconf 90' lang='lat' dir='ltr'>ista</span> <span class='ocrx_word' id='word_1_103' title='bbox 1826 1381 1914 1418; x_wconf 88' lang='lat' dir='ltr'>re-</span> 
     </span>
    </p>
   </div>
   <div class='ocr_carea' id='block_1_15' title="bbox 263 1444 1918 1525">
    <p class='ocr_par' dir='ltr' id='par_1_15' title="bbox 263 1444 1918 1525">
     <span class='ocr_line' id='line_1_15' title="bbox 263 1444 1918 1525; baseline 0.005 -26"><span class='ocrx_word' id='word_1_104' title='bbox 263 1444 691 1518; x_wconf 87' lang='lat' dir='ltr'>sponsio,quod</span> <span class='ocrx_word' id='word_1_105' title='bbox 726 1445 953 1501; x_wconf 87' lang='lat' dir='ltr'>nullum</span> <span class='ocrx_word' id='word_1_106' title='bbox 971 1448 1145 1504; x_wconf 92' lang='lat' dir='ltr'>vulta</span> <span class='ocrx_word' id='word_1_107' title='bbox 1164 1449 1412 1507; x_wconf 88' lang='lat' dir='ltr'>Domino</span> <span class='ocrx_word' id='word_1_108' title='bbox 1431 1452 1664 1523; x_wconf 83' lang='lat' dir='ltr'>signum</span> <span class='ocrx_word' id='word_1_109' title='bbox 1690 1453 1918 1525; x_wconf 85' lang='lat' dir='ltr'>petere?</span> 
     </span>
    </p>
   </div>
   <div class='ocr_carea' id='block_1_16' title="bbox 262 1535 1915 1610">
    <p class='ocr_par' dir='ltr' id='par_1_16' title="bbox 262 1535 1915 1610">
     <span class='ocr_line' id='line_1_16' title="bbox 262 1535 1915 1610; baseline 0.007 -23"><span class='ocrx_word' id='word_1_110' title='bbox 262 1535 619 1606; x_wconf 85' lang='lat' dir='ltr'>Quanquam</span> <span class='ocrx_word' id='word_1_111' title='bbox 677 1535 833 1592; x_wconf 90' lang='lat' dir='ltr'>enim</span> <span class='ocrx_word' id='word_1_112' title='bbox 883 1537 1168 1610; x_wconf 90' lang='lat' dir='ltr'>scriptum</span> <span class='ocrx_word' id='word_1_113' title='bbox 1218 1539 1296 1594; x_wconf 90' lang='lat' dir='ltr'>sit</span> <span class='ocrx_word' id='word_1_114' title='bbox 1346 1538 1406 1595; x_wconf 92' lang='lat' dir='ltr'>in</span> <span class='ocrx_word' id='word_1_115' title='bbox 1468 1541 1915 1598; x_wconf 85' lang='lat' dir='ltr'>Deutcronomio</span> 
     </span>
    </p>
   </div>
   <div class='ocr_carea' id='block_1_17' title="bbox 263 1622 1919 1701">
    <p class='ocr_par' dir='ltr' id='par_1_17' title="bbox 263 1622 1919 1701">
     <span class='ocr_line' id='line_1_17' title="bbox 263 1622 1919 1701; baseline 0.007 -25"><span class='ocrx_word' id='word_1_116' title='bbox 263 1622 444 1694; x_wconf 84' lang='lat' dir='ltr'>(Deut.</span> <span class='ocrx_word' id='word_1_117' title='bbox 478 1623 576 1695; x_wconf 76' lang='lat' dir='ltr'>vx).</span> <span class='ocrx_word' id='word_1_118' title='bbox 608 1624 734 1680; x_wconf 86' lang='lat' dir='ltr'>Non</span> <span class='ocrx_word' id='word_1_119' title='bbox 764 1625 1023 1682; x_wconf 88' lang='lat' dir='ltr'>tentabis</span> <span class='ocrx_word' id='word_1_120' title='bbox 1053 1627 1370 1684; x_wconf 90' lang='lat' dir='ltr'>Dominum</span> <span class='ocrx_word' id='word_1_121' title='bbox 1403 1629 1587 1685; x_wconf 91' lang='lat' dir='ltr'>Deum</span> <span class='ocrx_word' id='word_1_122' title='bbox 1637 1636 1828 1701; x_wconf 88' lang='lat' dir='ltr'>tuum,</span> <span class='ocrx_word' id='word_1_123' title='bbox 1861 1636 1919 1688; x_wconf 90' lang='lat' dir='ltr'>et</span> 
     </span>
    </p>
   </div>
   <div class='ocr_carea' id='block_1_18' title="bbox 264 1707 1915 1787">
    <p class='ocr_par' dir='ltr' id='par_1_18' title="bbox 264 1707 1915 1787">
     <span class='ocr_line' id='line_1_18' title="bbox 264 1707 1915 1787; baseline 0.007 -22"><span class='ocrx_word' id='word_1_124' title='bbox 264 1707 379 1766; x_wconf 77' lang='lat' dir='ltr'>hoc</span> <span class='ocrx_word' id='word_1_125' title='bbox 409 1714 611 1768; x_wconf 85' lang='lat' dir='ltr'>contra</span> <span class='ocrx_word' id='word_1_126' title='bbox 642 1711 942 1770; x_wconf 90' lang='lat' dir='ltr'>diabolum</span> <span class='ocrx_word' id='word_1_127' title='bbox 975 1715 1239 1772; x_wconf 86' lang='lat' dir='ltr'>Salvator</span> <span class='ocrx_word' id='word_1_128' title='bbox 1267 1735 1412 1773; x_wconf 91' lang='lat' dir='ltr'>usus</span> <span class='ocrx_word' id='word_1_129' title='bbox 1442 1722 1531 1774; x_wconf 90' lang='lat' dir='ltr'>est</span> <span class='ocrx_word' id='word_1_130' title='bbox 1558 1719 1915 1787; x_wconf 90' lang='lat' dir='ltr'>testimonio,</span> 
     </span>
    </p>
   </div>
   <div class='ocr_carea' id='block_1_19' title="bbox 2023 565 3673 643">
    <p class='ocr_par' dir='ltr' id='par_1_19' title="bbox 2023 565 3673 643">
     <span class='ocr_line' id='line_1_19' title="bbox 2023 565 3673 643; baseline 0.008 -24"><span class='ocrx_word' id='word_1_131' title='bbox 2023 565 2441 637; x_wconf 89' lang='lat' dir='ltr'>Aqui]am,non</span> <span class='ocrx_word' id='word_1_132' title='bbox 2463 567 2959 625; x_wconf 87' lang='lat' dir='ltr'>adolescentulam</span> <span class='ocrx_word' id='word_1_133' title='bbox 2985 586 3088 625; x_wconf 88' lang='lat' dir='ltr'>nec</span> <span class='ocrx_word' id='word_1_134' title='bbox 3121 570 3507 643; x_wconf 88' lang='lat' dir='ltr'>puellam,sed</span> <span class='ocrx_word' id='word_1_135' title='bbox 3540 575 3673 631; x_wconf 88' lang='lat' dir='ltr'>abs-</span> 
     </span>
    </p>
   </div>
   <div class='ocr_carea' id='block_1_20' title="bbox 2024 655 3675 736">
    <p class='ocr_par' dir='ltr' id='par_1_20' title="bbox 2024 655 3675 736">
     <span class='ocr_line' id='line_1_20' title="bbox 2024 655 3675 736; baseline 0.007 -28"><span class='ocrx_word' id='word_1_136' title='bbox 2024 655 2321 711; x_wconf 86' lang='lat' dir='ltr'>conditam</span> <span class='ocrx_word' id='word_1_137' title='bbox 2354 656 2845 729; x_wconf 81' lang='lat' dir='ltr'>protulisse.Ergo</span> <span class='ocrx_word' id='word_1_138' title='bbox 2877 658 3097 725; x_wconf 89' lang='lat' dir='ltr'>halma,</span> <span class='ocrx_word' id='word_1_139' title='bbox 3117 676 3231 715; x_wconf 90' lang='lat' dir='ltr'>non</span> <span class='ocrx_word' id='word_1_140' title='bbox 3263 661 3455 717; x_wconf 91' lang='lat' dir='ltr'>solum</span> <span class='ocrx_word' id='word_1_141' title='bbox 3478 662 3675 736; x_wconf 88' lang='lat' dir='ltr'>puella</span> 
     </span>
    </p>
   </div>
   <div class='ocr_carea' id='block_1_21' title="bbox 2023 742 3675 820">
    <p class='ocr_par' dir='ltr' id='par_1_21' title="bbox 2023 742 3675 820">
     <span class='ocr_line' id='line_1_21' title="bbox 2023 742 3675 820; baseline 0.006 -23"><span class='ocrx_word' id='word_1_142' title='bbox 2023 742 2108 798; x_wconf 89' lang='lat' dir='ltr'>vel</span> <span class='ocrx_word' id='word_1_143' title='bbox 2140 743 2428 818; x_wconf 85' lang='lat' dir='ltr'>virgo,sed</span> <span class='ocrx_word' id='word_1_144' title='bbox 2462 762 2597 801; x_wconf 89' lang='lat' dir='ltr'>cum</span> <span class='ocrx_word' id='word_1_145' title='bbox 2629 745 2848 818; x_wconf 88' lang='lat' dir='ltr'>Epitasi</span> <span class='ocrx_word' id='word_1_146' title='bbox 2879 746 3038 820; x_wconf 88' lang='lat' dir='ltr'>virgo</span> <span class='ocrx_word' id='word_1_147' title='bbox 3070 748 3416 805; x_wconf 85' lang='lat' dir='ltr'>abscondita</span> <span class='ocrx_word' id='word_1_148' title='bbox 3456 750 3675 807; x_wconf 89' lang='lat' dir='ltr'>dicitur</span> 
     </span>
    </p>
   </div>
   <div class='ocr_carea' id='block_1_22' title="bbox 2024 833 3673 910">
    <p class='ocr_par' dir='ltr' id='par_1_22' title="bbox 2024 833 3673 910">
     <span class='ocr_line' id='line_1_22' title="bbox 2024 833 3673 910; baseline 0.006 -24"><span class='ocrx_word' id='word_1_149' title='bbox 2024 835 2082 886; x_wconf 90' lang='lat' dir='ltr'>et</span> <span class='ocrx_word' id='word_1_150' title='bbox 2096 838 2469 906; x_wconf 68' lang='lat' dir='ltr'>secreta,quce</span> <span class='ocrx_word' id='word_1_151' title='bbox 2484 852 2787 906; x_wconf 87' lang='lat' dir='ltr'>nunquam</span> <span class='ocrx_word' id='word_1_152' title='bbox 2800 833 3054 891; x_wconf 88' lang='lat' dir='ltr'>virorum</span> <span class='ocrx_word' id='word_1_153' title='bbox 3074 839 3535 910; x_wconf 89' lang='lat' dir='ltr'>aspectibus,sed</span> <span class='ocrx_word' id='word_1_154' title='bbox 3555 857 3673 895; x_wconf 54' lang='lat' dir='ltr'>ma-</span> 
     </span>
    </p>
   </div>
   <div class='ocr_carea' id='block_1_23' title="bbox 2023 923 3673 1000">
    <p class='ocr_par' dir='ltr' id='par_1_23' title="bbox 2023 923 3673 1000">
     <span class='ocr_line' id='line_1_23' title="bbox 2023 923 3673 1000; baseline 0.006 -26"><span class='ocrx_word' id='word_1_155' title='bbox 2023 935 2141 991; x_wconf 85' lang='lat' dir='ltr'>gna</span> <span class='ocrx_word' id='word_1_156' title='bbox 2170 927 2478 992; x_wconf 88' lang='lat' dir='ltr'>parentum</span> <span class='ocrx_word' id='word_1_157' title='bbox 2511 923 2813 996; x_wconf 82' lang='lat' dir='ltr'>diligentia</span> <span class='ocrx_word' id='word_1_158' title='bbox 2845 924 3135 981; x_wconf 89' lang='lat' dir='ltr'>custodita</span> <span class='ocrx_word' id='word_1_159' title='bbox 3161 925 3497 1000; x_wconf 84' lang='lat' dir='ltr'>sit.Lingua</span> <span class='ocrx_word' id='word_1_160' title='bbox 3522 945 3673 1000; x_wconf 90' lang='lat' dir='ltr'>quo-</span> 
     </span>
    </p>
   </div>
   <div class='ocr_carea' id='block_1_24' title="bbox 2024 1010 3676 1083">
    <p class='ocr_par' dir='ltr' id='par_1_24' title="bbox 2024 1010 3676 1083">
     <span class='ocr_line' id='line_1_24' title="bbox 2024 1010 3676 1083; baseline 0.006 -20"><span class='ocrx_word' id='word_1_161' title='bbox 2024 1025 2138 1081; x_wconf 88' lang='lat' dir='ltr'>que</span> <span class='ocrx_word' id='word_1_162' title='bbox 2164 1010 2532 1083; x_wconf 71' lang='lat' dir='ltr'>Punica,qua3</span> <span class='ocrx_word' id='word_1_163' title='bbox 2562 1012 2632 1067; x_wconf 91' lang='lat' dir='ltr'>de</span> <span class='ocrx_word' id='word_1_164' title='bbox 2656 1012 3028 1067; x_wconf 63' lang='lat' dir='ltr'>Hebrmorum</span> <span class='ocrx_word' id='word_1_165' title='bbox 3054 1014 3316 1071; x_wconf 86' lang='lat' dir='ltr'>fontibus</span> <span class='ocrx_word' id='word_1_166' title='bbox 3337 1033 3575 1072; x_wconf 85' lang='lat' dir='ltr'>manare</span> <span class='ocrx_word' id='word_1_167' title='bbox 3594 1017 3676 1072; x_wconf 84' lang='lat' dir='ltr'>di-</span> 
     </span>
    </p>
   </div>
   <div class='ocr_carea' id='block_1_25' title="bbox 2024 1098 3672 1175">
    <p class='ocr_par' dir='ltr' id='par_1_25' title="bbox 2024 1098 3672 1175">
     <span class='ocr_line' id='line_1_25' title="bbox 2024 1098 3672 1175; baseline 0.005 -23"><span class='ocrx_word' id='word_1_168' title='bbox 2024 1098 2362 1171; x_wconf 84' lang='lat' dir='ltr'>citur,virgo</span> <span class='ocrx_word' id='word_1_169' title='bbox 2394 1099 2623 1172; x_wconf 86' lang='lat' dir='ltr'>proprie</span> <span class='ocrx_word' id='word_1_170' title='bbox 2648 1099 2849 1155; x_wconf 89' lang='lat' dir='ltr'>halma</span> <span class='ocrx_word' id='word_1_171' title='bbox 2878 1100 3196 1157; x_wconf 89' lang='lat' dir='ltr'>dicitur.Et</span> <span class='ocrx_word' id='word_1_172' title='bbox 3227 1108 3515 1175; x_wconf 89' lang='lat' dir='ltr'>quantum</span> <span class='ocrx_word' id='word_1_173' title='bbox 3537 1121 3672 1161; x_wconf 89' lang='lat' dir='ltr'>cum</span> 
     </span>
    </p>
   </div>
   <div class='ocr_carea' id='block_1_26' title="bbox 2024 1188 3673 1260">
    <p class='ocr_par' dir='ltr' id='par_1_26' title="bbox 2024 1188 3673 1260">
     <span class='ocr_line' id='line_1_26' title="bbox 2024 1188 3673 1260; baseline 0.005 -19"><span class='ocrx_word' id='word_1_174' title='bbox 2024 1203 2157 1242; x_wconf 87' lang='lat' dir='ltr'>mea</span> <span class='ocrx_word' id='word_1_175' title='bbox 2186 1204 2382 1260; x_wconf 87' lang='lat' dir='ltr'>pugno</span> <span class='ocrx_word' id='word_1_176' title='bbox 2405 1188 3022 1260; x_wconf 85' lang='lat' dir='ltr'>memoria,nunquam</span> <span class='ocrx_word' id='word_1_177' title='bbox 3046 1205 3137 1245; x_wconf 92' lang='lat' dir='ltr'>me</span> <span class='ocrx_word' id='word_1_178' title='bbox 3158 1190 3382 1246; x_wconf 86' lang='lat' dir='ltr'>arbiror</span> <span class='ocrx_word' id='word_1_179' title='bbox 3398 1191 3595 1249; x_wconf 90' lang='lat' dir='ltr'>halma</span> <span class='ocrx_word' id='word_1_180' title='bbox 3615 1194 3673 1249; x_wconf 91' lang='lat' dir='ltr'>in</span> 
     </span>
    </p>
   </div>
   <div class='ocr_carea' id='block_1_27' title="bbox 2025 1274 3675 1351">
    <p class='ocr_par' dir='ltr' id='par_1_27' title="bbox 2025 1274 3675 1351">
     <span class='ocr_line' id='line_1_27' title="bbox 2025 1274 3675 1351; baseline 0.006 -23"><span class='ocrx_word' id='word_1_181' title='bbox 2025 1274 2269 1330; x_wconf 88' lang='lat' dir='ltr'>muliere</span> <span class='ocrx_word' id='word_1_182' title='bbox 2290 1280 2473 1348; x_wconf 86' lang='lat' dir='ltr'>nupta</span> <span class='ocrx_word' id='word_1_183' title='bbox 2493 1276 2832 1349; x_wconf 85' lang='lat' dir='ltr'>legisse,sed</span> <span class='ocrx_word' id='word_1_184' title='bbox 2858 1276 2918 1331; x_wconf 91' lang='lat' dir='ltr'>in</span> <span class='ocrx_word' id='word_1_185' title='bbox 2939 1293 3007 1332; x_wconf 88' lang='lat' dir='ltr'>ea</span> <span class='ocrx_word' id='word_1_186' title='bbox 3026 1294 3153 1348; x_wconf 74' lang='lat' dir='ltr'>qua:</span> <span class='ocrx_word' id='word_1_187' title='bbox 3182 1279 3341 1351; x_wconf 86' lang='lat' dir='ltr'>virgo</span> <span class='ocrx_word' id='word_1_188' title='bbox 3361 1284 3540 1347; x_wconf 80' lang='lat' dir='ltr'>est,nt</span> <span class='ocrx_word' id='word_1_189' title='bbox 3559 1300 3675 1338; x_wconf 90' lang='lat' dir='ltr'>non</span> 
     </span>
    </p>
   </div>
   <div class='ocr_carea' id='block_1_28' title="bbox 2025 1362 3677 1437">
    <p class='ocr_par' dir='ltr' id='par_1_28' title="bbox 2025 1362 3677 1437">
     <span class='ocr_line' id='line_1_28' title="bbox 2025 1362 3677 1437; baseline 0.005 -20"><span class='ocrx_word' id='word_1_190' title='bbox 2025 1362 2218 1418; x_wconf 90' lang='lat' dir='ltr'>solum</span> <span class='ocrx_word' id='word_1_191' title='bbox 2247 1364 2409 1437; x_wconf 88' lang='lat' dir='ltr'>virgo</span> <span class='ocrx_word' id='word_1_192' title='bbox 2440 1364 2640 1431; x_wconf 88' lang='lat' dir='ltr'>sit,sed</span> <span class='ocrx_word' id='word_1_193' title='bbox 2667 1364 2827 1436; x_wconf 89' lang='lat' dir='ltr'>virgo</span> <span class='ocrx_word' id='word_1_194' title='bbox 2850 1363 3108 1435; x_wconf 88' lang='lat' dir='ltr'>junioris</span> <span class='ocrx_word' id='word_1_195' title='bbox 3137 1365 3482 1434; x_wconf 69' lang='lat' dir='ltr'>zetatis,etin</span> <span class='ocrx_word' id='word_1_196' title='bbox 3505 1369 3677 1426; x_wconf 90' lang='lat' dir='ltr'>annis</span> 
     </span>
    </p>
   </div>
   <div class='ocr_carea' id='block_1_29' title="bbox 2025 1451 3679 1527">
    <p class='ocr_par' dir='ltr' id='par_1_29' title="bbox 2025 1451 3679 1527">
     <span class='ocr_line' id='line_1_29' title="bbox 2025 1451 3679 1527; baseline 0.004 -21"><span class='ocrx_word' id='word_1_197' title='bbox 2025 1451 2653 1508; x_wconf 67' lang='lat' dir='ltr'>adolescentimPotcst</span> <span class='ocrx_word' id='word_1_198' title='bbox 2668 1453 2823 1508; x_wconf 90' lang='lat' dir='ltr'>enim</span> <span class='ocrx_word' id='word_1_199' title='bbox 2844 1453 2968 1508; x_wconf 80' lang='lat' dir='ltr'>fieri</span> <span class='ocrx_word' id='word_1_200' title='bbox 2985 1457 3049 1508; x_wconf 91' lang='lat' dir='ltr'>ut</span> <span class='ocrx_word' id='word_1_201' title='bbox 3067 1453 3229 1527; x_wconf 85' lang='lat' dir='ltr'>virgo</span> <span class='ocrx_word' id='word_1_202' title='bbox 3247 1453 3324 1509; x_wconf 90' lang='lat' dir='ltr'>sit</span> <span class='ocrx_word' id='word_1_203' title='bbox 3340 1454 3679 1512; x_wconf 85' lang='lat' dir='ltr'>vetula.lsta</span> 
     </span>
    </p>
   </div>
   <div class='ocr_carea' id='block_1_30' title="bbox 2024 1538 3675 1614">
    <p class='ocr_par' dir='ltr' id='par_1_30' title="bbox 2024 1538 3675 1614">
     <span class='ocr_line' id='line_1_30' title="bbox 2024 1538 3675 1614; baseline 0.005 -20"><span class='ocrx_word' id='word_1_204' title='bbox 2024 1543 2221 1595; x_wconf 88' lang='lat' dir='ltr'>autem</span> <span class='ocrx_word' id='word_1_205' title='bbox 2250 1538 2411 1614; x_wconf 85' lang='lat' dir='ltr'>virgo</span> <span class='ocrx_word' id='word_1_206' title='bbox 2442 1546 2586 1608; x_wconf 87' lang='lat' dir='ltr'>erat,</span> <span class='ocrx_word' id='word_1_207' title='bbox 2618 1540 2678 1597; x_wconf 91' lang='lat' dir='ltr'>in</span> <span class='ocrx_word' id='word_1_208' title='bbox 2708 1541 2881 1597; x_wconf 89' lang='lat' dir='ltr'>annis</span> <span class='ocrx_word' id='word_1_209' title='bbox 2932 1541 3295 1613; x_wconf 84' lang='lat' dir='ltr'>puellaribus</span> <span class='ocrx_word' id='word_1_210' title='bbox 3334 1542 3675 1602; x_wconf 84' lang='lat' dir='ltr'>constituta.</span> 
     </span>
    </p>
   </div>
   <div class='ocr_carea' id='block_1_31' title="bbox 2025 1628 3678 1703">
    <p class='ocr_par' dir='ltr' id='par_1_31' title="bbox 2025 1628 3678 1703">
     <span class='ocr_line' id='line_1_31' title="bbox 2025 1628 3678 1703; baseline 0.004 -19"><span class='ocrx_word' id='word_1_211' title='bbox 2025 1630 2174 1701; x_wconf 87' lang='lat' dir='ltr'>Ergo</span> <span class='ocrx_word' id='word_1_212' title='bbox 2205 1628 2316 1684; x_wconf 88' lang='lat' dir='ltr'>iste</span> <span class='ocrx_word' id='word_1_213' title='bbox 2338 1647 2482 1702; x_wconf 91' lang='lat' dir='ltr'>puer</span> <span class='ocrx_word' id='word_1_214' title='bbox 2509 1630 2609 1702; x_wconf 91' lang='lat' dir='ltr'>qui</span> <span class='ocrx_word' id='word_1_215' title='bbox 2643 1630 2905 1686; x_wconf 89' lang='lat' dir='ltr'>nascitur</span> <span class='ocrx_word' id='word_1_216' title='bbox 2923 1646 2993 1686; x_wconf 82' lang='lat' dir='ltr'>ex</span> <span class='ocrx_word' id='word_1_217' title='bbox 3020 1630 3305 1703; x_wconf 86' lang='lat' dir='ltr'>virgine,o</span> <span class='ocrx_word' id='word_1_218' title='bbox 3336 1632 3551 1689; x_wconf 90' lang='lat' dir='ltr'>domus</span> <span class='ocrx_word' id='word_1_219' title='bbox 3571 1634 3678 1690; x_wconf 86' lang='lat' dir='ltr'>Da-</span> 
     </span>
    </p>
   </div>
   <div class='ocr_carea' id='block_1_32' title="bbox 2023 1715 3676 1791">
    <p class='ocr_par' dir='ltr' id='par_1_32' title="bbox 2023 1715 3676 1791">
     <span class='ocr_line' id='line_1_32' title="bbox 2023 1715 3676 1791; baseline 0.004 -20"><span class='ocrx_word' id='word_1_220' title='bbox 2023 1715 2305 1786; x_wconf 85' lang='lat' dir='ltr'>vid,nunc</span> <span class='ocrx_word' id='word_1_221' title='bbox 2321 1735 2354 1773; x_wconf 91' lang='lat' dir='ltr'>a</span> <span class='ocrx_word' id='word_1_222' title='bbox 2374 1722 2432 1774; x_wconf 88' lang='lat' dir='ltr'>te</span> <span class='ocrx_word' id='word_1_223' title='bbox 2458 1717 2785 1791; x_wconf 88' lang='lat' dir='ltr'>appelletur</span> <span class='ocrx_word' id='word_1_224' title='bbox 2803 1717 3238 1786; x_wconf 88' lang='lat' dir='ltr'>Emmanuel,id</span> <span class='ocrx_word' id='word_1_225' title='bbox 3254 1720 3676 1787; x_wconf 90' lang='lat' dir='ltr'>est,nobiscum</span> 
     </span>
    </p>
   </div>
   <div class='ocr_carea' id='block_1_33' title="bbox 266 1801 3674 1911">
    <p class='ocr_par' dir='ltr' id='par_1_33' title="bbox 266 1801 3674 1911">
     <span class='ocr_line' id='line_1_33' title="bbox 266 1801 3674 1911; baseline 0.002 -57"><span class='ocrx_word' id='word_1_226' title='bbox 266 1803 467 1855; x_wconf 83' lang='lat' dir='ltr'>tamen</span> <span class='ocrx_word' id='word_1_227' title='bbox 490 1801 698 1872; x_wconf 81' lang='lat' dir='ltr'>jussus</span> <span class='ocrx_word' id='word_1_228' title='bbox 720 1806 789 1857; x_wconf 89' lang='lat' dir='ltr'>ut</span> <span class='ocrx_word' id='word_1_229' title='bbox 818 1806 1061 1875; x_wconf 88' lang='lat' dir='ltr'>peteret,</span> <span class='ocrx_word' id='word_1_230' title='bbox 1086 1804 1426 1861; x_wconf 67' lang='lat' dir='ltr'>obedientiae</span> <span class='ocrx_word' id='word_1_231' title='bbox 1459 1807 1660 1863; x_wconf 89' lang='lat' dir='ltr'>debuit</span> <span class='ocrx_word' id='word_1_232' title='bbox 1688 1808 1916 1881; x_wconf 86' lang='lat' dir='ltr'>explere</span> <span class='ocrx_word' id='word_1_233' title='bbox 1948 1846 1999 1911; x_wconf 82' lang='grc' dir='ltr'>Β</span> <span class='ocrx_word' id='word_1_234' title='bbox 2027 1806 2203 1873; x_wconf 88' lang='lat' dir='ltr'>Deus,</span> <span class='ocrx_word' id='word_1_235' title='bbox 2236 1805 2373 1879; x_wconf 89' lang='lat' dir='ltr'>quia</span> <span class='ocrx_word' id='word_1_236' title='bbox 2402 1807 2579 1862; x_wconf 87' lang='lat' dir='ltr'>rebus</span> <span class='ocrx_word' id='word_1_237' title='bbox 2610 1804 2754 1878; x_wconf 88' lang='lat' dir='ltr'>ipsis</span> <span class='ocrx_word' id='word_1_238' title='bbox 2787 1806 3062 1911; x_wconf 75' lang='lat' dir='ltr'>prqbabis</span> <span class='ocrx_word' id='word_1_239' title='bbox 3088 1823 3122 1861; x_wconf 91' lang='lat' dir='ltr'>a</span> <span class='ocrx_word' id='word_1_240' title='bbox 3151 1806 3383 1863; x_wconf 89' lang='lat' dir='ltr'>duobus</span> <span class='ocrx_word' id='word_1_241' title='bbox 3413 1806 3674 1909; x_wconf 77' lang='lat' dir='ltr'>inimicis</span> 
     </span>
    </p>
   </div>
   <div class='ocr_carea' id='block_1_34' title="bbox 272 1892 1922 1963">
    <p class='ocr_par' dir='ltr' id='par_1_34' title="bbox 272 1892 1922 1963">
     <span class='ocr_line' id='line_1_34' title="bbox 272 1892 1922 1963; baseline 0.007 -21"><span class='ocrx_word' id='word_1_242' title='bbox 272 1893 653 1961; x_wconf 66' lang='lat' dir='ltr'>praeceptum,</span> <span class='ocrx_word' id='word_1_243' title='bbox 687 1892 1011 1963; x_wconf 80' lang='lat' dir='ltr'>praesertim</span> <span class='ocrx_word' id='word_1_244' title='bbox 1042 1909 1177 1948; x_wconf 90' lang='lat' dir='ltr'>cum</span> <span class='ocrx_word' id='word_1_245' title='bbox 1228 1899 1285 1950; x_wconf 92' lang='lat' dir='ltr'>et</span> <span class='ocrx_word' id='word_1_246' title='bbox 1331 1894 1562 1951; x_wconf 89' lang='lat' dir='ltr'>Gedeon</span> <span class='ocrx_word' id='word_1_247' title='bbox 1608 1900 1665 1952; x_wconf 88' lang='lat' dir='ltr'>et</span> <span class='ocrx_word' id='word_1_248' title='bbox 1711 1897 1922 1954; x_wconf 90' lang='lat' dir='ltr'>Manne</span> 
     </span>
    </p>
   </div>
   <div class='ocr_carea' id='block_1_35' title="bbox 265 1977 1920 2059">
    <p class='ocr_par' dir='ltr' id='par_1_35' title="bbox 265 1977 1920 2059">
     <span class='ocr_line' id='line_1_35' title="bbox 265 1977 1920 2059; baseline 0.007 -27"><span class='ocrx_word' id='word_1_249' title='bbox 265 1977 470 2045; x_wconf 75' lang='lat' dir='ltr'>(ludio.</span> <span class='ocrx_word' id='word_1_250' title='bbox 502 1983 583 2048; x_wconf 76' lang='grc' dir='ltr'>γι)</span> <span class='ocrx_word' id='word_1_251' title='bbox 621 1978 859 2052; x_wconf 89' lang='lat' dir='ltr'>signum</span> <span class='ocrx_word' id='word_1_252' title='bbox 908 1980 1182 2053; x_wconf 89' lang='lat' dir='ltr'>petierint</span> <span class='ocrx_word' id='word_1_253' title='bbox 1228 1987 1287 2038; x_wconf 90' lang='lat' dir='ltr'>et</span> <span class='ocrx_word' id='word_1_254' title='bbox 1334 1984 1683 2057; x_wconf 86' lang='lat' dir='ltr'>acceperint,</span> <span class='ocrx_word' id='word_1_255' title='bbox 1734 2004 1920 2059; x_wconf 87' lang='lat' dir='ltr'>quan-</span> 
     </span>
    </p>
   </div>
   <div class='ocr_carea' id='block_1_36' title="bbox 263 2067 1918 2147">
    <p class='ocr_par' dir='ltr' id='par_1_36' title="bbox 263 2067 1918 2147">
     <span class='ocr_line' id='line_1_36' title="bbox 263 2067 1918 2147; baseline 0.006 -27"><span class='ocrx_word' id='word_1_256' title='bbox 263 2082 447 2137; x_wconf 88' lang='lat' dir='ltr'>quam</span> <span class='ocrx_word' id='word_1_257' title='bbox 486 2067 659 2139; x_wconf 81' lang='lat' dir='ltr'>juxta</span> <span class='ocrx_word' id='word_1_258' title='bbox 704 2068 970 2125; x_wconf 83' lang='lat' dir='ltr'>Hebraici</span> <span class='ocrx_word' id='word_1_259' title='bbox 1020 2072 1310 2127; x_wconf 85' lang='lat' dir='ltr'>sermonis</span> <span class='ocrx_word' id='word_1_260' title='bbox 1360 2074 1826 2147; x_wconf 85' lang='lat' dir='ltr'>ambiguitatem,</span> <span class='ocrx_word' id='word_1_261' title='bbox 1859 2075 1918 2131; x_wconf 91' lang='lat' dir='ltr'>in</span> 
     </span>
    </p>
   </div>
   <div class='ocr_carea' id='block_1_37' title="bbox 260 2156 1919 2235">
    <p class='ocr_par' dir='ltr' id='par_1_37' title="bbox 260 2156 1919 2235">
     <span class='ocr_line' id='line_1_37' title="bbox 260 2156 1919 2235; baseline 0.007 -26"><span class='ocrx_word' id='word_1_262' title='bbox 260 2170 385 2226; x_wconf 89' lang='lat' dir='ltr'>quo</span> <span class='ocrx_word' id='word_1_263' title='bbox 416 2156 701 2228; x_wconf 89' lang='lat' dir='ltr'>scriptum</span> <span class='ocrx_word' id='word_1_264' title='bbox 732 2158 1220 2216; x_wconf 71' lang='lat' dir='ltr'>estquoenassem</span> <span class='ocrx_word' id='word_1_265' title='bbox 1250 2161 1692 2235; x_wconf 85' lang='lat' dir='ltr'>Adonai,»quod</span> <span class='ocrx_word' id='word_1_266' title='bbox 1716 2180 1919 2221; x_wconf 89' lang='lat' dir='ltr'>omnes</span> 
     </span>
    </p>
   </div>
   <div class='ocr_carea' id='block_1_38' title="bbox 257 2242 1915 2321">
    <p class='ocr_par' dir='ltr' id='par_1_38' title="bbox 257 2242 1915 2321">
     <span class='ocr_line' id='line_1_38' title="bbox 257 2242 1915 2321; baseline 0.004 -22"><span class='ocrx_word' id='word_1_267' title='bbox 257 2242 539 2300; x_wconf 74' lang='lat' dir='ltr'>similiter</span> <span class='ocrx_word' id='word_1_268' title='bbox 566 2245 1016 2315; x_wconf 87' lang='lat' dir='ltr'>transtulerunt,</span> <span class='ocrx_word' id='word_1_269' title='bbox 1044 2248 1115 2303; x_wconf 89' lang='lat' dir='ltr'>Et</span> <span class='ocrx_word' id='word_1_270' title='bbox 1144 2265 1259 2304; x_wconf 91' lang='lat' dir='ltr'>non</span> <span class='ocrx_word' id='word_1_271' title='bbox 1293 2250 1530 2305; x_wconf 88' lang='lat' dir='ltr'>tentabo</span> <span class='ocrx_word' id='word_1_272' title='bbox 1577 2251 1915 2321; x_wconf 88' lang='lat' dir='ltr'>Dominum,</span> 
     </span>
    </p>
   </div>
   <div class='ocr_carea' id='block_1_39' title="bbox 260 2332 1917 2406">
    <p class='ocr_par' dir='ltr' id='par_1_39' title="bbox 260 2332 1917 2406">
     <span class='ocr_line' id='line_1_39' title="bbox 260 2332 1917 2406; baseline 0.005 -19"><span class='ocrx_word' id='word_1_273' title='bbox 260 2334 457 2406; x_wconf 86' lang='lat' dir='ltr'>possit</span> <span class='ocrx_word' id='word_1_274' title='bbox 487 2332 599 2406; x_wconf 88' lang='lat' dir='ltr'>legi</span> <span class='ocrx_word' id='word_1_275' title='bbox 636 2351 650 2390; x_wconf 90' lang='lat'>:</span> <span class='ocrx_word' id='word_1_276' title='bbox 682 2334 806 2390; x_wconf 85' lang='lat' dir='ltr'>Non</span> <span class='ocrx_word' id='word_1_277' title='bbox 838 2335 1105 2392; x_wconf 84' lang='lat' dir='ltr'>exaltabo</span> <span class='ocrx_word' id='word_1_278' title='bbox 1140 2336 1475 2394; x_wconf 89' lang='lat' dir='ltr'>Dominum.</span> <span class='ocrx_word' id='word_1_279' title='bbox 1501 2338 1734 2395; x_wconf 90' lang='lat' dir='ltr'>Sciebat</span> <span class='ocrx_word' id='word_1_280' title='bbox 1760 2339 1917 2396; x_wconf 91' lang='lat' dir='ltr'>enim</span> 
     </span>
    </p>
   </div>
   <div class='ocr_carea' id='block_1_40' title="bbox 261 2421 1922 2501">
    <p class='ocr_par' dir='ltr' id='par_1_40' title="bbox 261 2421 1922 2501">
     <span class='ocr_line' id='line_1_40' title="bbox 261 2421 1922 2501; baseline 0.005 -24"><span class='ocrx_word' id='word_1_281' title='bbox 261 2438 365 2477; x_wconf 76' lang='lat' dir='ltr'>rex</span> <span class='ocrx_word' id='word_1_282' title='bbox 394 2421 634 2494; x_wconf 90' lang='lat' dir='ltr'>impius,</span> <span class='ocrx_word' id='word_1_283' title='bbox 667 2424 821 2494; x_wconf 90' lang='lat' dir='ltr'>quod</span> <span class='ocrx_word' id='word_1_284' title='bbox 854 2422 904 2479; x_wconf 88' lang='lat' dir='ltr'>si</span> <span class='ocrx_word' id='word_1_285' title='bbox 935 2424 1172 2497; x_wconf 87' lang='lat' dir='ltr'>signum</span> <span class='ocrx_word' id='word_1_286' title='bbox 1205 2430 1443 2499; x_wconf 84' lang='lat' dir='ltr'>peteret,</span> <span class='ocrx_word' id='word_1_287' title='bbox 1467 2436 1812 2501; x_wconf 88' lang='lat' dir='ltr'>accepturus</span> <span class='ocrx_word' id='word_1_288' title='bbox 1836 2447 1922 2486; x_wconf 88' lang='lat' dir='ltr'>es-</span> 
     </span>
    </p>
   </div>
   <div class='ocr_carea' id='block_1_41' title="bbox 258 2510 1229 2583">
    <p class='ocr_par' dir='ltr' id='par_1_41' title="bbox 258 2510 1229 2583">
     <span class='ocr_line' id='line_1_41' title="bbox 258 2510 1229 2583; baseline 0.003 -17"><span class='ocrx_word' id='word_1_289' title='bbox 258 2514 355 2566; x_wconf 85' lang='lat' dir='ltr'>set</span> <span class='ocrx_word' id='word_1_290' title='bbox 380 2513 441 2566; x_wconf 91' lang='lat' dir='ltr'>et</span> <span class='ocrx_word' id='word_1_291' title='bbox 469 2510 895 2583; x_wconf 82' lang='lat' dir='ltr'>gloriﬁcarctur</span> <span class='ocrx_word' id='word_1_292' title='bbox 922 2512 1229 2570; x_wconf 89' lang='lat' dir='ltr'>Dominus.</span> 
     </span>
    </p>
   </div>
   <div class='ocr_carea' id='block_1_42' title="bbox 337 2597 1915 2678">
    <p class='ocr_par' dir='ltr' id='par_1_42' title="bbox 337 2597 1915 2678">
     <span class='ocr_line' id='line_1_42' title="bbox 337 2597 1915 2678; baseline 0.007 -27"><span class='ocrx_word' id='word_1_293' title='bbox 337 2619 366 2647; x_wconf 73' lang='grc' dir='ltr'>ε(</span> <span class='ocrx_word' id='word_1_294' title='bbox 397 2598 469 2654; x_wconf 84' lang='lat' dir='ltr'>Et</span> <span class='ocrx_word' id='word_1_295' title='bbox 492 2597 658 2665; x_wconf 76' lang='lat' dir='ltr'>dixit,</span> <span class='ocrx_word' id='word_1_296' title='bbox 688 2599 897 2655; x_wconf 84' lang='lat' dir='ltr'>Audite</span> <span class='ocrx_word' id='word_1_297' title='bbox 943 2616 1103 2674; x_wconf 85' lang='lat' dir='ltr'>ergo,</span> <span class='ocrx_word' id='word_1_298' title='bbox 1136 2601 1348 2659; x_wconf 89' lang='lat' dir='ltr'>domus</span> <span class='ocrx_word' id='word_1_299' title='bbox 1400 2603 1603 2660; x_wconf 88' lang='lat' dir='ltr'>David.</span> <span class='ocrx_word' id='word_1_300' title='bbox 1636 2606 1915 2678; x_wconf 88' lang='lat' dir='ltr'>Nunquid</span> 
     </span>
    </p>
   </div>
   <div class='ocr_carea' id='block_1_43' title="bbox 262 2686 1920 2766">
    <p class='ocr_par' dir='ltr' id='par_1_43' title="bbox 262 2686 1920 2766">
     <span class='ocr_line' id='line_1_43' title="bbox 262 2686 1920 2766; baseline 0.005 -23"><span class='ocrx_word' id='word_1_301' title='bbox 262 2704 480 2761; x_wconf 84' lang='lat' dir='ltr'>parum</span> <span class='ocrx_word' id='word_1_302' title='bbox 511 2686 677 2745; x_wconf 86' lang='lat' dir='ltr'>vobis</span> <span class='ocrx_word' id='word_1_303' title='bbox 704 2691 796 2745; x_wconf 88' lang='lat' dir='ltr'>est</span> <span class='ocrx_word' id='word_1_304' title='bbox 823 2688 1102 2747; x_wconf 89' lang='lat' dir='ltr'>molestos</span> <span class='ocrx_word' id='word_1_305' title='bbox 1121 2705 1250 2747; x_wconf 86' lang='lat' dir='ltr'>esse</span> <span class='ocrx_word' id='word_1_306' title='bbox 1278 2690 1619 2750; x_wconf 88' lang='lat' dir='ltr'>hominibus</span> <span class='ocrx_word' id='word_1_307' title='bbox 1643 2694 1782 2766; x_wconf 87' lang='lat' dir='ltr'>quia</span> <span class='ocrx_word' id='word_1_308' title='bbox 1802 2710 1920 2751; x_wconf 85' lang='lat' dir='ltr'>me-</span> 
     </span>
    </p>
   </div>
   <div class='ocr_carea' id='block_1_44' title="bbox 257 2775 1916 2855">
    <p class='ocr_par' dir='ltr' id='par_1_44' title="bbox 257 2775 1916 2855">
     <span class='ocr_line' id='line_1_44' title="bbox 257 2775 1916 2855; baseline 0.004 -24"><span class='ocrx_word' id='word_1_309' title='bbox 257 2775 400 2832; x_wconf 87' lang='lat' dir='ltr'>lesti</span> <span class='ocrx_word' id='word_1_310' title='bbox 432 2776 575 2833; x_wconf 85' lang='lat' dir='ltr'>estis</span> <span class='ocrx_word' id='word_1_311' title='bbox 604 2780 664 2833; x_wconf 87' lang='lat' dir='ltr'>et</span> <span class='ocrx_word' id='word_1_312' title='bbox 705 2776 822 2834; x_wconf 92' lang='lat' dir='ltr'>Deo</span> <span class='ocrx_word' id='word_1_313' title='bbox 858 2778 1027 2834; x_wconf 79' lang='lat' dir='ltr'>meo?</span> <span class='ocrx_word' id='word_1_314' title='bbox 1060 2804 1082 2832; x_wconf 75' lang='grc' dir='ltr'><strong>ι</strong></span> <span class='ocrx_word' id='word_1_315' title='bbox 1120 2778 1260 2846; x_wconf 86' lang='lat' dir='ltr'>Quis</span> <span class='ocrx_word' id='word_1_316' title='bbox 1308 2784 1398 2836; x_wconf 89' lang='lat' dir='ltr'>est</span> <span class='ocrx_word' id='word_1_317' title='bbox 1441 2780 1554 2837; x_wconf 90' lang='lat' dir='ltr'>iste</span> <span class='ocrx_word' id='word_1_318' title='bbox 1601 2781 1703 2855; x_wconf 88' lang='lat' dir='ltr'>qui</span> <span class='ocrx_word' id='word_1_319' title='bbox 1752 2782 1916 2851; x_wconf 85' lang='lat' dir='ltr'>dixit,</span> 
     </span>
    </p>
   </div>
   <div class='ocr_carea' id='block_1_45' title="bbox 255 2864 1919 2942">
    <p class='ocr_par' dir='ltr' id='par_1_45' title="bbox 255 2864 1919 2942">
     <span class='ocr_line' id='line_1_45' title="bbox 255 2864 1919 2942; baseline 0.004 -21"><span class='ocrx_word' id='word_1_320' title='bbox 255 2864 465 2921; x_wconf 87' lang='lat' dir='ltr'>audite</span> <span class='ocrx_word' id='word_1_321' title='bbox 495 2880 655 2938; x_wconf 87' lang='lat' dir='ltr'>ergo,</span> <span class='ocrx_word' id='word_1_322' title='bbox 687 2866 900 2923; x_wconf 81' lang='lat' dir='ltr'>domus</span> <span class='ocrx_word' id='word_1_323' title='bbox 931 2866 1129 2923; x_wconf 88' lang='lat' dir='ltr'>David.</span> <span class='ocrx_word' id='word_1_324' title='bbox 1168 2867 1552 2942; x_wconf 87' lang='lat' dir='ltr'>Nequaquam</span> <span class='ocrx_word' id='word_1_325' title='bbox 1603 2870 1759 2927; x_wconf 87' lang='lat' dir='ltr'>enim</span> <span class='ocrx_word' id='word_1_326' title='bbox 1809 2870 1919 2928; x_wconf 90' lang='lat' dir='ltr'>hoc</span> 
     </span>
    </p>
   </div>
   <div class='ocr_carea' id='block_1_46' title="bbox 253 2953 1917 3028">
    <p class='ocr_par' dir='ltr' id='par_1_46' title="bbox 253 2953 1917 3028">
     <span class='ocr_line' id='line_1_46' title="bbox 253 2953 1917 3028; baseline 0.004 -18"><span class='ocrx_word' id='word_1_327' title='bbox 253 2953 408 3010; x_wconf 80' lang='lat' dir='ltr'>dixit</span> <span class='ocrx_word' id='word_1_328' title='bbox 436 2953 611 3022; x_wconf 88' lang='lat' dir='ltr'>Deus,</span> <span class='ocrx_word' id='word_1_329' title='bbox 643 2955 743 3028; x_wconf 90' lang='lat' dir='ltr'>qui</span> <span class='ocrx_word' id='word_1_330' title='bbox 774 2971 955 3028; x_wconf 89' lang='lat' dir='ltr'>supra</span> <span class='ocrx_word' id='word_1_331' title='bbox 1001 2955 1225 3013; x_wconf 83' lang='lat' dir='ltr'>dixerat</span> <span class='ocrx_word' id='word_1_332' title='bbox 1273 2958 1346 3015; x_wconf 86' lang='lat' dir='ltr'>ad</span> <span class='ocrx_word' id='word_1_333' title='bbox 1375 2959 1567 3015; x_wconf 87' lang='lat' dir='ltr'>Achaz</span> <span class='ocrx_word' id='word_1_334' title='bbox 1599 2977 1612 3016; x_wconf 89' lang='lat'><strong>:</strong></span> <span class='ocrx_word' id='word_1_335' title='bbox 1650 2959 1781 3017; x_wconf 90' lang='lat' dir='ltr'>Pete</span> <span class='ocrx_word' id='word_1_336' title='bbox 1808 2960 1917 3017; x_wconf 89' lang='lat' dir='ltr'>tibi</span> 
     </span>
    </p>
   </div>
   <div class='ocr_carea' id='block_1_47' title="bbox 252 3043 1920 3121">
    <p class='ocr_par' dir='ltr' id='par_1_47' title="bbox 252 3043 1920 3121">
     <span class='ocr_line' id='line_1_47' title="bbox 252 3043 1920 3121; baseline 0.002 -21"><span class='ocrx_word' id='word_1_337' title='bbox 252 3044 503 3117; x_wconf 83' lang='lat' dir='ltr'>signum</span> <span class='ocrx_word' id='word_1_338' title='bbox 533 3060 568 3099; x_wconf 89' lang='lat' dir='ltr'>a</span> <span class='ocrx_word' id='word_1_339' title='bbox 595 3043 844 3101; x_wconf 90' lang='lat' dir='ltr'>Domino</span> <span class='ocrx_word' id='word_1_340' title='bbox 874 3045 991 3101; x_wconf 89' lang='lat' dir='ltr'>Deo</span> <span class='ocrx_word' id='word_1_341' title='bbox 1024 3049 1144 3115; x_wconf 89' lang='lat' dir='ltr'>tuo,</span> <span class='ocrx_word' id='word_1_342' title='bbox 1168 3047 1268 3104; x_wconf 90' lang='lat' dir='ltr'>sed</span> <span class='ocrx_word' id='word_1_343' title='bbox 1301 3047 1676 3121; x_wconf 89' lang='lat' dir='ltr'>propheta,ut</span> <span class='ocrx_word' id='word_1_344' title='bbox 1703 3066 1769 3105; x_wconf 80' lang='lat' dir='ltr'>ex</span> <span class='ocrx_word' id='word_1_345' title='bbox 1788 3066 1920 3104; x_wconf 91' lang='lat' dir='ltr'>con-</span> 
     </span>
    </p>
   </div>
   <div class='ocr_carea' id='block_1_48' title="bbox 255 3133 1917 3209">
    <p class='ocr_par' dir='ltr' id='par_1_48' title="bbox 255 3133 1917 3209">
     <span class='ocr_line' id='line_1_48' title="bbox 255 3133 1917 3209; baseline 0.004 -22"><span class='ocrx_word' id='word_1_346' title='bbox 255 3133 654 3206; x_wconf 82' lang='lat' dir='ltr'>sequentibus</span> <span class='ocrx_word' id='word_1_347' title='bbox 683 3135 1119 3207; x_wconf 84' lang='lat' dir='ltr'>comprobatur,</span> <span class='ocrx_word' id='word_1_348' title='bbox 1151 3152 1286 3192; x_wconf 90' lang='lat' dir='ltr'>cum</span> <span class='ocrx_word' id='word_1_349' title='bbox 1319 3136 1480 3204; x_wconf 88' lang='lat' dir='ltr'>dicit,</span> <span class='ocrx_word' id='word_1_350' title='bbox 1510 3136 1649 3209; x_wconf 92' lang='lat' dir='ltr'>quia</span> <span class='ocrx_word' id='word_1_351' title='bbox 1686 3136 1917 3193; x_wconf 87' lang='lat' dir='ltr'>molesti</span> 
     </span>
    </p>
   </div>
   <div class='ocr_carea' id='block_1_49' title="bbox 2029 1893 3677 1968">
    <p class='ocr_par' dir='ltr' id='par_1_49' title="bbox 2029 1893 3677 1968">
     <span class='ocr_line' id='line_1_49' title="bbox 2029 1893 3677 1968; baseline 0.001 -17"><span class='ocrx_word' id='word_1_352' title='bbox 2029 1894 2266 1968; x_wconf 88' lang='lat' dir='ltr'>regibus</span> <span class='ocrx_word' id='word_1_353' title='bbox 2295 1893 2755 1964; x_wconf 87' lang='lat' dir='ltr'>liberata,Deum</span> <span class='ocrx_word' id='word_1_354' title='bbox 2787 1898 2843 1949; x_wconf 88' lang='lat' dir='ltr'>te</span> <span class='ocrx_word' id='word_1_355' title='bbox 2873 1893 3086 1949; x_wconf 89' lang='lat' dir='ltr'>habere</span> <span class='ocrx_word' id='word_1_356' title='bbox 3115 1898 3554 1967; x_wconf 67' lang='lat' dir='ltr'>prmsentem,et</span> <span class='ocrx_word' id='word_1_357' title='bbox 3573 1896 3677 1968; x_wconf 89' lang='lat' dir='ltr'>qui</span> 
     </span>
    </p>
   </div>
   <div class='ocr_carea' id='block_1_50' title="bbox 2028 1982 3669 2057">
    <p class='ocr_par' dir='ltr' id='par_1_50' title="bbox 2028 1982 3669 2057">
     <span class='ocr_line' id='line_1_50' title="bbox 2028 1982 3669 2057; baseline 0.001 -17"><span class='ocrx_word' id='word_1_358' title='bbox 2028 1988 2232 2056; x_wconf 89' lang='lat' dir='ltr'>postea</span> <span class='ocrx_word' id='word_1_359' title='bbox 2258 1984 2562 2040; x_wconf 88' lang='lat' dir='ltr'>vocabitur</span> <span class='ocrx_word' id='word_1_360' title='bbox 2589 1983 2782 2053; x_wconf 85' lang='lat' dir='ltr'>Jesus,</span> <span class='ocrx_word' id='word_1_361' title='bbox 2818 1982 2875 2038; x_wconf 89' lang='lat' dir='ltr'>id</span> <span class='ocrx_word' id='word_1_362' title='bbox 2907 1987 3014 2052; x_wconf 91' lang='lat' dir='ltr'>est,</span> <span class='ocrx_word' id='word_1_363' title='bbox 3061 1983 3346 2051; x_wconf 87' lang='lat' dir='ltr'>Salvator,</span> <span class='ocrx_word' id='word_1_364' title='bbox 3398 2001 3464 2041; x_wconf 90' lang='lat' dir='ltr'>eo</span> <span class='ocrx_word' id='word_1_365' title='bbox 3512 1986 3669 2057; x_wconf 89' lang='lat' dir='ltr'>quod</span> 
     </span>
    </p>
   </div>
   <div class='ocr_carea' id='block_1_51' title="bbox 2031 2071 3674 2139">
    <p class='ocr_par' dir='ltr' id='par_1_51' title="bbox 2031 2071 3674 2139">
     <span class='ocr_line' id='line_1_51' title="bbox 2031 2071 3674 2139; baseline 0.002 -12"><span class='ocrx_word' id='word_1_366' title='bbox 2031 2073 2367 2129; x_wconf 88' lang='lat' dir='ltr'>universum</span> <span class='ocrx_word' id='word_1_367' title='bbox 2398 2074 2686 2127; x_wconf 88' lang='lat' dir='ltr'>mundum</span> <span class='ocrx_word' id='word_1_368' title='bbox 2719 2071 3047 2128; x_wconf 88' lang='lat' dir='ltr'>salvaturus</span> <span class='ocrx_word' id='word_1_369' title='bbox 3093 2072 3190 2139; x_wconf 88' lang='lat' dir='ltr'>sit,</span> <span class='ocrx_word' id='word_1_370' title='bbox 3233 2075 3299 2128; x_wconf 86' lang='lat' dir='ltr'>et</span> <span class='ocrx_word' id='word_1_371' title='bbox 3346 2090 3506 2130; x_wconf 88' lang='lat' dir='ltr'>nunc</span> <span class='ocrx_word' id='word_1_372' title='bbox 3551 2076 3674 2130; x_wconf 87' lang='lat' dir='ltr'>ate</span> 
     </span>
    </p>
   </div>
   <div class='ocr_carea' id='block_1_52' title="bbox 2028 2159 3362 2235">
    <p class='ocr_par' dir='ltr' id='par_1_52' title="bbox 2028 2159 3362 2235">
     <span class='ocr_line' id='line_1_52' title="bbox 2028 2159 3362 2235; baseline -0.001 -18"><span class='ocrx_word' id='word_1_373' title='bbox 2028 2161 2372 2218; x_wconf 84' lang='lat' dir='ltr'>Emmanuel</span> <span class='ocrx_word' id='word_1_374' title='bbox 2399 2159 2725 2235; x_wconf 88' lang='lat' dir='ltr'>appelletur</span> <span class='ocrx_word' id='word_1_375' title='bbox 2751 2161 3031 2216; x_wconf 90' lang='lat' dir='ltr'>vocabulo</span> <span class='ocrx_word' id='word_1_376' title='bbox 3061 2159 3268 2230; x_wconf 78' lang='lat' dir='ltr'>(Matth.</span> <span class='ocrx_word' id='word_1_377' title='bbox 3299 2164 3362 2231; x_wconf 80' lang='grc' dir='ltr'>ι).</span> 
     </span>
    </p>
   </div>
   <div class='ocr_carea' id='block_1_53' title="bbox 2098 2249 3674 2324">
    <p class='ocr_par' dir='ltr' id='par_1_53' title="bbox 2098 2249 3674 2324">
     <span class='ocr_line' id='line_1_53' title="bbox 2098 2249 3674 2324; baseline 0.003 -23"><span class='ocrx_word' id='word_1_378' title='bbox 2098 2273 2127 2301; x_wconf 88' lang='grc'><strong><em>‹‹</em></strong></span> <span class='ocrx_word' id='word_1_379' title='bbox 2162 2252 2440 2324; x_wconf 82' lang='lat' dir='ltr'>Butyrum</span> <span class='ocrx_word' id='word_1_380' title='bbox 2473 2253 2531 2305; x_wconf 90' lang='lat' dir='ltr'>et</span> <span class='ocrx_word' id='word_1_381' title='bbox 2557 2249 2669 2305; x_wconf 90' lang='lat' dir='ltr'>mel</span> <span class='ocrx_word' id='word_1_382' title='bbox 2721 2249 3004 2315; x_wconf 89' lang='lat' dir='ltr'>comedet,</span> <span class='ocrx_word' id='word_1_383' title='bbox 3058 2252 3122 2303; x_wconf 91' lang='lat' dir='ltr'>ut</span> <span class='ocrx_word' id='word_1_384' title='bbox 3167 2250 3315 2305; x_wconf 90' lang='lat' dir='ltr'>sciat</span> <span class='ocrx_word' id='word_1_385' title='bbox 3364 2250 3674 2322; x_wconf 88' lang='lat' dir='ltr'>rcprobare</span> 
     </span>
    </p>
   </div>
   <div class='ocr_carea' id='block_1_54' title="bbox 2028 2337 3673 2412">
    <p class='ocr_par' dir='ltr' id='par_1_54' title="bbox 2028 2337 3673 2412">
     <span class='ocr_line' id='line_1_54' title="bbox 2028 2337 3673 2412; baseline -0.001 -17"><span class='ocrx_word' id='word_1_386' title='bbox 2028 2339 2336 2408; x_wconf 88' lang='lat' dir='ltr'>malum,et</span> <span class='ocrx_word' id='word_1_387' title='bbox 2363 2339 2577 2412; x_wconf 82' lang='lat' dir='ltr'>eligere</span> <span class='ocrx_word' id='word_1_388' title='bbox 2608 2338 2973 2393; x_wconf 82' lang='lat' dir='ltr'>bonum.»Ne</span> <span class='ocrx_word' id='word_1_389' title='bbox 3001 2354 3136 2393; x_wconf 88' lang='lat' dir='ltr'>eum</span> <span class='ocrx_word' id='word_1_390' title='bbox 3168 2337 3228 2392; x_wconf 90' lang='lat' dir='ltr'>in</span> <span class='ocrx_word' id='word_1_391' title='bbox 3259 2337 3673 2410; x_wconf 87' lang='lat' dir='ltr'>phantasmate</span> 
     </span>
    </p>
   </div>
   <div class='ocr_carea' id='block_1_55' title="bbox 2026 2424 3676 2499">
    <p class='ocr_par' dir='ltr' id='par_1_55' title="bbox 2026 2424 3676 2499">
     <span class='ocr_line' id='line_1_55' title="bbox 2026 2424 3676 2499; baseline -0.001 -15"><span class='ocrx_word' id='word_1_392' title='bbox 2026 2427 2391 2484; x_wconf 89' lang='lat' dir='ltr'>nasciturum</span> <span class='ocrx_word' id='word_1_393' title='bbox 2435 2426 2710 2495; x_wconf 88' lang='lat' dir='ltr'>credatis,</span> <span class='ocrx_word' id='word_1_394' title='bbox 2742 2425 2889 2482; x_wconf 91' lang='lat' dir='ltr'>cibis</span> <span class='ocrx_word' id='word_1_395' title='bbox 2935 2429 3133 2483; x_wconf 83' lang='lat' dir='ltr'>utetur</span> <span class='ocrx_word' id='word_1_396' title='bbox 3186 2424 3466 2497; x_wconf 74' lang='lat' dir='ltr'>infantiae,</span> <span class='ocrx_word' id='word_1_397' title='bbox 3500 2427 3676 2499; x_wconf 80' lang='lat' dir='ltr'>buty-</span> 
     </span>
    </p>
   </div>
   <div class='ocr_carea' id='block_1_56' title="bbox 2027 2514 3677 2588">
    <p class='ocr_par' dir='ltr' id='par_1_56' title="bbox 2027 2514 3677 2588">
     <span class='ocr_line' id='line_1_56' title="bbox 2027 2514 3677 2588; baseline -0.001 -15"><span class='ocrx_word' id='word_1_398' title='bbox 2027 2535 2159 2573; x_wconf 88' lang='lat' dir='ltr'>rum</span> <span class='ocrx_word' id='word_1_399' title='bbox 2191 2522 2248 2573; x_wconf 91' lang='lat' dir='ltr'>et</span> <span class='ocrx_word' id='word_1_400' title='bbox 2276 2516 2387 2573; x_wconf 89' lang='lat' dir='ltr'>mel</span> <span class='ocrx_word' id='word_1_401' title='bbox 2421 2516 2785 2572; x_wconf 86' lang='lat' dir='ltr'>comedet.Et</span> <span class='ocrx_word' id='word_1_402' title='bbox 2812 2514 2947 2571; x_wconf 90' lang='lat' dir='ltr'>licet</span> <span class='ocrx_word' id='word_1_403' title='bbox 2978 2517 3049 2571; x_wconf 90' lang='lat' dir='ltr'>de</span> <span class='ocrx_word' id='word_1_404' title='bbox 3079 2533 3146 2572; x_wconf 88' lang='lat' dir='ltr'>eo</span> <span class='ocrx_word' id='word_1_405' title='bbox 3178 2515 3366 2572; x_wconf 86' lang='lat' dir='ltr'>multa</span> <span class='ocrx_word' id='word_1_406' title='bbox 3403 2519 3537 2588; x_wconf 87' lang='lat' dir='ltr'>post</span> <span class='ocrx_word' id='word_1_407' title='bbox 3566 2534 3677 2572; x_wconf 69' lang='lat' dir='ltr'>saa-</span> 
     </span>
    </p>
   </div>
   <div class='ocr_carea' id='block_1_57' title="bbox 2027 2603 3679 2679">
    <p class='ocr_par' dir='ltr' id='par_1_57' title="bbox 2027 2603 3679 2679">
     <span class='ocr_line' id='line_1_57' title="bbox 2027 2603 3679 2679; baseline 0 -18"><span class='ocrx_word' id='word_1_408' title='bbox 2027 2606 2158 2662; x_wconf 90' lang='lat' dir='ltr'>cula</span> <span class='ocrx_word' id='word_1_409' title='bbox 2188 2605 2558 2679; x_wconf 87' lang='lat' dir='ltr'>Evangelista</span> <span class='ocrx_word' id='word_1_410' title='bbox 2586 2607 2834 2660; x_wconf 79' lang='lat' dir='ltr'>testatur</span> <span class='ocrx_word' id='word_1_411' title='bbox 2863 2603 3122 2673; x_wconf 45' lang='lat' dir='ltr'>dicens;</span> <span class='ocrx_word' id='word_1_412' title='bbox 3156 2604 3308 2661; x_wconf 89' lang='lat' dir='ltr'>Puer</span> <span class='ocrx_word' id='word_1_413' title='bbox 3336 2609 3534 2661; x_wconf 85' lang='lat' dir='ltr'>autem</span> <span class='ocrx_word' id='word_1_414' title='bbox 3552 2621 3679 2678; x_wconf 89' lang='lat' dir='ltr'>pro-</span> 
     </span>
    </p>
   </div>
   <div class='ocr_carea' id='block_1_58' title="bbox 2027 2691 3679 2766">
    <p class='ocr_par' dir='ltr' id='par_1_58' title="bbox 2027 2691 3679 2766">
     <span class='ocr_line' id='line_1_58' title="bbox 2027 2691 3679 2766; baseline 0 -17"><span class='ocrx_word' id='word_1_415' title='bbox 2027 2695 2259 2751; x_wconf 83' lang='lat' dir='ltr'>ficiebat</span> <span class='ocrx_word' id='word_1_416' title='bbox 2289 2692 2575 2766; x_wconf 85' lang='lat' dir='ltr'>sapientia</span> <span class='ocrx_word' id='word_1_417' title='bbox 2603 2696 2662 2749; x_wconf 88' lang='lat' dir='ltr'>et</span> <span class='ocrx_word' id='word_1_418' title='bbox 2690 2694 2856 2748; x_wconf 59' lang='lat' dir='ltr'>aetate</span> <span class='ocrx_word' id='word_1_419' title='bbox 2885 2696 2944 2748; x_wconf 89' lang='lat' dir='ltr'>et</span> <span class='ocrx_word' id='word_1_420' title='bbox 2969 2691 3161 2765; x_wconf 87' lang='lat' dir='ltr'>gratia</span> <span class='ocrx_word' id='word_1_421' title='bbox 3189 2693 3346 2764; x_wconf 87' lang='lat' dir='ltr'>apud</span> <span class='ocrx_word' id='word_1_422' title='bbox 3402 2693 3586 2749; x_wconf 90' lang='lat' dir='ltr'>Deum</span> <span class='ocrx_word' id='word_1_423' title='bbox 3620 2697 3679 2749; x_wconf 89' lang='lat' dir='ltr'>et</span> 
     </span>
    </p>
   </div>
   <div class='ocr_carea' id='block_1_59' title="bbox 2027 2779 3676 2856">
    <p class='ocr_par' dir='ltr' id='par_1_59' title="bbox 2027 2779 3676 2856">
     <span class='ocr_line' id='line_1_59' title="bbox 2027 2779 3676 2856; baseline -0.001 -17"><span class='ocrx_word' id='word_1_424' title='bbox 2027 2783 2181 2856; x_wconf 89' lang='lat' dir='ltr'>apud</span> <span class='ocrx_word' id='word_1_425' title='bbox 2206 2782 2475 2839; x_wconf 88' lang='lat' dir='ltr'>homines</span> <span class='ocrx_word' id='word_1_426' title='bbox 2503 2784 2655 2851; x_wconf 82' lang='lat' dir='ltr'>(Luc.</span> <span class='ocrx_word' id='word_1_427' title='bbox 2689 2782 2775 2852; x_wconf 84' lang='grc' dir='ltr'>ιι),</span> <span class='ocrx_word' id='word_1_428' title='bbox 2811 2802 2840 2830; x_wconf 81' lang='grc'>››</span> <span class='ocrx_word' id='word_1_429' title='bbox 2872 2785 2929 2836; x_wconf 90' lang='lat' dir='ltr'>et</span> <span class='ocrx_word' id='word_1_430' title='bbox 2959 2779 3068 2837; x_wconf 93' lang='lat' dir='ltr'>hoc</span> <span class='ocrx_word' id='word_1_431' title='bbox 3111 2779 3340 2836; x_wconf 88' lang='lat' dir='ltr'>dicatur</span> <span class='ocrx_word' id='word_1_432' title='bbox 3369 2784 3436 2835; x_wconf 87' lang='lat' dir='ltr'>ut</span> <span class='ocrx_word' id='word_1_433' title='bbox 3462 2781 3676 2838; x_wconf 86' lang='lat' dir='ltr'>veritas</span> 
     </span>
    </p>
   </div>
   <div class='ocr_carea' id='block_1_60' title="bbox 2026 2868 3678 2945">
    <p class='ocr_par' dir='ltr' id='par_1_60' title="bbox 2026 2868 3678 2945">
     <span class='ocr_line' id='line_1_60' title="bbox 2026 2868 3678 2945; baseline -0.001 -18"><span class='ocrx_word' id='word_1_434' title='bbox 2026 2870 2270 2928; x_wconf 89' lang='lat' dir='ltr'>humani</span> <span class='ocrx_word' id='word_1_435' title='bbox 2301 2871 2561 2945; x_wconf 91' lang='lat' dir='ltr'>corporis</span> <span class='ocrx_word' id='word_1_436' title='bbox 2591 2869 2946 2942; x_wconf 91' lang='lat' dir='ltr'>approbetur</span> <span class='ocrx_word' id='word_1_437' title='bbox 2976 2885 2990 2924; x_wconf 90' lang='lat'><strong>:</strong></span> <span class='ocrx_word' id='word_1_438' title='bbox 3024 2872 3221 2925; x_wconf 89' lang='lat' dir='ltr'>tamen</span> <span class='ocrx_word' id='word_1_439' title='bbox 3245 2868 3435 2924; x_wconf 89' lang='lat' dir='ltr'>adhuc</span> <span class='ocrx_word' id='word_1_440' title='bbox 3464 2868 3678 2941; x_wconf 88' lang='lat' dir='ltr'>pannis</span> 
     </span>
    </p>
   </div>
   <div class='ocr_carea' id='block_1_61' title="bbox 2024 2954 3675 3032">
    <p class='ocr_par' dir='ltr' id='par_1_61' title="bbox 2024 2954 3675 3032">
     <span class='ocr_line' id='line_1_61' title="bbox 2024 2954 3675 3032; baseline -0.001 -17"><span class='ocrx_word' id='word_1_441' title='bbox 2024 2958 2344 3032; x_wconf 89' lang='lat' dir='ltr'>involutus,</span> <span class='ocrx_word' id='word_1_442' title='bbox 2376 2965 2434 3017; x_wconf 91' lang='lat' dir='ltr'>et</span> <span class='ocrx_word' id='word_1_443' title='bbox 2463 2959 2672 3032; x_wconf 82' lang='lat' dir='ltr'>butyro</span> <span class='ocrx_word' id='word_1_444' title='bbox 2701 2962 2907 3031; x_wconf 88' lang='lat' dir='ltr'>pastus</span> <span class='ocrx_word' id='word_1_445' title='bbox 2938 2974 3005 3013; x_wconf 87' lang='lat' dir='ltr'>ac</span> <span class='ocrx_word' id='word_1_446' title='bbox 3036 2956 3229 3024; x_wconf 90' lang='lat' dir='ltr'>melle,</span> <span class='ocrx_word' id='word_1_447' title='bbox 3264 2954 3505 3012; x_wconf 90' lang='lat' dir='ltr'>habebit</span> <span class='ocrx_word' id='word_1_448' title='bbox 3535 2957 3675 3014; x_wconf 89' lang='lat' dir='ltr'>boni</span> 
     </span>
    </p>
   </div>
   <div class='ocr_carea' id='block_1_62' title="bbox 2027 3043 3669 3121">
    <p class='ocr_par' dir='ltr' id='par_1_62' title="bbox 2027 3043 3669 3121">
     <span class='ocr_line' id='line_1_62' title="bbox 2027 3043 3669 3121; baseline 0 -18"><span class='ocrx_word' id='word_1_449' title='bbox 2027 3048 2283 3121; x_wconf 88' lang='lat' dir='ltr'>malique</span> <span class='ocrx_word' id='word_1_450' title='bbox 2304 3047 2619 3120; x_wconf 86' lang='lat' dir='ltr'>judicium,</span> <span class='ocrx_word' id='word_1_451' title='bbox 2642 3051 2709 3102; x_wconf 89' lang='lat' dir='ltr'>ut</span> <span class='ocrx_word' id='word_1_452' title='bbox 2738 3047 3057 3118; x_wconf 88' lang='lat' dir='ltr'>reprobans</span> <span class='ocrx_word' id='word_1_453' title='bbox 3086 3045 3245 3101; x_wconf 90' lang='lat' dir='ltr'>mala</span> <span class='ocrx_word' id='word_1_454' title='bbox 3274 3043 3454 3119; x_wconf 85' lang='lat' dir='ltr'>eligat</span> <span class='ocrx_word' id='word_1_455' title='bbox 3498 3045 3669 3103; x_wconf 86' lang='lat' dir='ltr'>bona.</span> 
     </span>
    </p>
   </div>
   <div class='ocr_carea' id='block_1_63' title="bbox 2025 3132 3673 3210">
    <p class='ocr_par' dir='ltr' id='par_1_63' title="bbox 2025 3132 3673 3210">
     <span class='ocr_line' id='line_1_63' title="bbox 2025 3132 3673 3210; baseline -0.003 -16"><span class='ocrx_word' id='word_1_456' title='bbox 2025 3137 2151 3194; x_wconf 90' lang='lat' dir='ltr'>Non</span> <span class='ocrx_word' id='word_1_457' title='bbox 2180 3138 2335 3210; x_wconf 91' lang='lat' dir='ltr'>quod</span> <span class='ocrx_word' id='word_1_458' title='bbox 2367 3136 2475 3193; x_wconf 92' lang='lat' dir='ltr'>hoc</span> <span class='ocrx_word' id='word_1_459' title='bbox 2506 3135 2703 3192; x_wconf 82' lang='lat' dir='ltr'>fecerit</span> <span class='ocrx_word' id='word_1_460' title='bbox 2724 3138 2826 3191; x_wconf 89' lang='lat' dir='ltr'>aut</span> <span class='ocrx_word' id='word_1_461' title='bbox 2854 3132 3266 3206; x_wconf 89' lang='lat' dir='ltr'>reprobaverit,</span> <span class='ocrx_word' id='word_1_462' title='bbox 3289 3133 3377 3189; x_wconf 87' lang='lat' dir='ltr'>vel</span> <span class='ocrx_word' id='word_1_463' title='bbox 3407 3133 3673 3207; x_wconf 83' lang='lat' dir='ltr'>elegerit,</span> 
     </span>
    </p>
   </div>
   <div class='ocr_carea' id='block_1_64' title="bbox 249 3210 3753 3299">
    <p class='ocr_par' dir='ltr' id='par_1_64' title="bbox 249 3210 3753 3299">
     <span class='ocr_line' id='line_1_64' title="bbox 249 3210 3753 3299; baseline -0.002 -20"><span class='ocrx_word' id='word_1_464' title='bbox 249 3221 407 3279; x_wconf 85' lang='lat' dir='ltr'>estis</span> <span class='ocrx_word' id='word_1_465' title='bbox 437 3225 494 3277; x_wconf 89' lang='lat' dir='ltr'>et</span> <span class='ocrx_word' id='word_1_466' title='bbox 517 3221 634 3278; x_wconf 90' lang='lat' dir='ltr'>Deo</span> <span class='ocrx_word' id='word_1_467' title='bbox 666 3238 815 3278; x_wconf 89' lang='lat' dir='ltr'>meo.</span> <span class='ocrx_word' id='word_1_468' title='bbox 868 3224 938 3279; x_wconf 87' lang='lat' dir='ltr'>Et</span> <span class='ocrx_word' id='word_1_469' title='bbox 980 3228 1070 3280; x_wconf 90' lang='lat' dir='ltr'>est</span> <span class='ocrx_word' id='word_1_470' title='bbox 1110 3240 1321 3281; x_wconf 90' lang='lat' dir='ltr'>sensus</span> <span class='ocrx_word' id='word_1_471' title='bbox 1355 3242 1367 3281; x_wconf 93' lang='lat'>:</span> <span class='ocrx_word' id='word_1_472' title='bbox 1403 3225 1548 3291; x_wconf 88' lang='lat' dir='ltr'>Quia</span> <span class='ocrx_word' id='word_1_473' title='bbox 1576 3244 1692 3282; x_wconf 90' lang='lat' dir='ltr'>non</span> <span class='ocrx_word' id='word_1_474' title='bbox 1723 3226 1915 3283; x_wconf 90' lang='lat' dir='ltr'>solum</span> <span class='ocrx_word' id='word_1_475' title='bbox 1944 3210 1990 3280; x_wconf 65' lang='grc' dir='ltr'>(ἶ</span> <span class='ocrx_word' id='word_1_476' title='bbox 2023 3227 2123 3283; x_wconf 88' lang='lat' dir='ltr'>sed</span> <span class='ocrx_word' id='word_1_477' title='bbox 2156 3227 2310 3299; x_wconf 91' lang='lat' dir='ltr'>quod</span> <span class='ocrx_word' id='word_1_478' title='bbox 2344 3225 2541 3283; x_wconf 89' lang='lat' dir='ltr'>scierit</span> <span class='ocrx_word' id='word_1_479' title='bbox 2563 3224 2873 3296; x_wconf 91' lang='lat' dir='ltr'>reprobare</span> <span class='ocrx_word' id='word_1_480' title='bbox 2920 3227 2978 3279; x_wconf 89' lang='lat' dir='ltr'>et</span> <span class='ocrx_word' id='word_1_481' title='bbox 3025 3221 3258 3295; x_wconf 81' lang='lat' dir='ltr'>eligere,</span> <span class='ocrx_word' id='word_1_482' title='bbox 3292 3226 3358 3278; x_wconf 92' lang='lat' dir='ltr'>ut</span> <span class='ocrx_word' id='word_1_483' title='bbox 3406 3238 3511 3295; x_wconf 91' lang='lat' dir='ltr'>per</span> <span class='ocrx_word' id='word_1_484' title='bbox 3548 3223 3670 3278; x_wconf 67' lang='lat' dir='ltr'>hinc</span> <span class='ocrx_word' id='word_1_485' title='bbox 3741 3266 3753 3273; x_wconf 76' lang='lat'>.</span> 
     </span>
    </p>
   </div>
   <div class='ocr_carea' id='block_1_65' title="bbox 251 3309 1910 3385">
    <p class='ocr_par' dir='ltr' id='par_1_65' title="bbox 251 3309 1910 3385">
     <span class='ocr_line' id='line_1_65' title="bbox 251 3309 1910 3385; baseline 0.003 -19"><span class='ocrx_word' id='word_1_486' title='bbox 251 3309 580 3385; x_wconf 86' lang='lat' dir='ltr'>prophetas</span> <span class='ocrx_word' id='word_1_487' title='bbox 601 3310 1022 3384; x_wconf 88' lang='lat' dir='ltr'>persequimini</span> <span class='ocrx_word' id='word_1_488' title='bbox 1043 3315 1101 3369; x_wconf 89' lang='lat' dir='ltr'>et</span> <span class='ocrx_word' id='word_1_489' title='bbox 1115 3329 1317 3369; x_wconf 89' lang='lat' dir='ltr'>eorum</span> <span class='ocrx_word' id='word_1_490' title='bbox 1340 3315 1493 3370; x_wconf 90' lang='lat' dir='ltr'>facta</span> <span class='ocrx_word' id='word_1_491' title='bbox 1512 3313 1910 3385; x_wconf 87' lang='lat' dir='ltr'>contemnitis,</span> 
     </span>
    </p>
   </div>
   <div class='ocr_carea' id='block_1_66' title="bbox 250 3400 1911 3474">
    <p class='ocr_par' dir='ltr' id='par_1_66' title="bbox 250 3400 1911 3474">
     <span class='ocr_line' id='line_1_66' title="bbox 250 3400 1911 3474; baseline 0.002 -18"><span class='ocrx_word' id='word_1_492' title='bbox 250 3400 362 3456; x_wconf 84' lang='lat' dir='ltr'>sed</span> <span class='ocrx_word' id='word_1_493' title='bbox 392 3400 573 3456; x_wconf 81' lang='lat' dir='ltr'>etiam</span> <span class='ocrx_word' id='word_1_494' title='bbox 605 3400 910 3472; x_wconf 69' lang='lat' dir='ltr'>praesentis</span> <span class='ocrx_word' id='word_1_495' title='bbox 939 3405 997 3457; x_wconf 92' lang='lat' dir='ltr'>et</span> <span class='ocrx_word' id='word_1_496' title='bbox 1017 3401 1284 3474; x_wconf 82' lang='lat' dir='ltr'>jubentis</span> <span class='ocrx_word' id='word_1_497' title='bbox 1310 3403 1411 3458; x_wconf 90' lang='lat' dir='ltr'>Dei</span> <span class='ocrx_word' id='word_1_498' title='bbox 1443 3404 1743 3459; x_wconf 73' lang='lat' dir='ltr'>sententiae</span> <span class='ocrx_word' id='word_1_499' title='bbox 1775 3421 1911 3461; x_wconf 82' lang='lat' dir='ltr'>con-</span> 
     </span>
    </p>
   </div>
   <div class='ocr_carea' id='block_1_67' title="bbox 248 3488 1912 3565">
    <p class='ocr_par' dir='ltr' id='par_1_67' title="bbox 248 3488 1912 3565">
     <span class='ocr_line' id='line_1_67' title="bbox 248 3488 1912 3565; baseline 0.003 -20"><span class='ocrx_word' id='word_1_500' title='bbox 248 3488 480 3556; x_wconf 78' lang='lat' dir='ltr'>traitis,</span> <span class='ocrx_word' id='word_1_501' title='bbox 524 3488 607 3544; x_wconf 87' lang='lat' dir='ltr'>ita</span> <span class='ocrx_word' id='word_1_502' title='bbox 654 3494 719 3545; x_wconf 90' lang='lat' dir='ltr'>ut</span> <span class='ocrx_word' id='word_1_503' title='bbox 768 3489 818 3545; x_wconf 90' lang='lat' dir='ltr'>ei</span> <span class='ocrx_word' id='word_1_504' title='bbox 868 3489 1197 3546; x_wconf 85' lang='lat' dir='ltr'>exhibeatis</span> <span class='ocrx_word' id='word_1_505' title='bbox 1250 3491 1530 3558; x_wconf 88' lang='lat' dir='ltr'>laborem,</span> <span class='ocrx_word' id='word_1_506' title='bbox 1564 3493 1663 3565; x_wconf 89' lang='lat' dir='ltr'>qui</span> <span class='ocrx_word' id='word_1_507' title='bbox 1705 3493 1765 3548; x_wconf 91' lang='lat' dir='ltr'>in</span> <span class='ocrx_word' id='word_1_508' title='bbox 1797 3493 1912 3550; x_wconf 90' lang='lat' dir='ltr'>alio</span> 
     </span>
    </p>
   </div>
   <div class='ocr_carea' id='block_1_68' title="bbox 248 3576 1912 3653">
    <p class='ocr_par' dir='ltr' id='par_1_68' title="bbox 248 3576 1912 3653">
     <span class='ocr_line' id='line_1_68' title="bbox 248 3576 1912 3653; baseline -0.001 -19"><span class='ocrx_word' id='word_1_509' title='bbox 248 3576 385 3634; x_wconf 83' lang='lat' dir='ltr'>loco</span> <span class='ocrx_word' id='word_1_510' title='bbox 414 3577 549 3633; x_wconf 86' lang='lat' dir='ltr'>ait:</span> <span class='ocrx_word' id='word_1_511' title='bbox 585 3576 902 3635; x_wconf 84' lang='lat' dir='ltr'>«laboravi</span> <span class='ocrx_word' id='word_1_512' title='bbox 951 3579 1188 3653; x_wconf 88' lang='lat' dir='ltr'>(inquit)</span> <span class='ocrx_word' id='word_1_513' title='bbox 1240 3579 1540 3636; x_wconf 87' lang='lat' dir='ltr'>sustinens</span> <span class='ocrx_word' id='word_1_514' title='bbox 1587 3581 1713 3653; x_wconf 75' lang='lat' dir='ltr'>(lsa.</span> <span class='ocrx_word' id='word_1_515' title='bbox 1765 3584 1829 3653; x_wconf 84' lang='grc' dir='ltr'>ι),</span> <span class='ocrx_word' id='word_1_516' title='bbox 1883 3603 1912 3632; x_wconf 83' lang='grc'>››</span> 
     </span>
    </p>
   </div>
   <div class='ocr_carea' id='block_1_69' title="bbox 246 3664 1915 3741">
    <p class='ocr_par' dir='ltr' id='par_1_69' title="bbox 246 3664 1915 3741">
     <span class='ocr_line' id='line_1_69' title="bbox 246 3664 1915 3741; baseline 0.002 -20"><span class='ocrx_word' id='word_1_517' title='bbox 246 3664 479 3722; x_wconf 89' lang='lat' dir='ltr'>idcirco</span> <span class='ocrx_word' id='word_1_518' title='bbox 507 3665 793 3723; x_wconf 89' lang='lat' dir='ltr'>Dominus</span> <span class='ocrx_word' id='word_1_519' title='bbox 823 3667 996 3723; x_wconf 85' lang='lat' dir='ltr'>faciet</span> <span class='ocrx_word' id='word_1_520' title='bbox 1024 3685 1153 3740; x_wconf 64' lang='lat' dir='ltr'>quae</span> <span class='ocrx_word' id='word_1_521' title='bbox 1184 3672 1530 3741; x_wconf 88' lang='lat' dir='ltr'>sequuntur.</span> <span class='ocrx_word' id='word_1_522' title='bbox 1564 3669 1636 3724; x_wconf 89' lang='lat' dir='ltr'>Et</span> <span class='ocrx_word' id='word_1_523' title='bbox 1684 3669 1794 3725; x_wconf 89' lang='lat' dir='ltr'>hoc</span> <span class='ocrx_word' id='word_1_524' title='bbox 1822 3675 1915 3726; x_wconf 88' lang='lat' dir='ltr'>est</span> 
     </span>
    </p>
   </div>
   <div class='ocr_carea' id='block_1_70' title="bbox 246 3754 1915 3829">
    <p class='ocr_par' dir='ltr' id='par_1_70' title="bbox 246 3754 1915 3829">
     <span class='ocr_line' id='line_1_70' title="bbox 246 3754 1915 3829; baseline 0.002 -20"><span class='ocrx_word' id='word_1_525' title='bbox 246 3754 589 3811; x_wconf 82' lang='lat' dir='ltr'>notandum</span> <span class='ocrx_word' id='word_1_526' title='bbox 619 3755 798 3826; x_wconf 90' lang='lat' dir='ltr'>quod,</span> <span class='ocrx_word' id='word_1_527' title='bbox 820 3755 1012 3811; x_wconf 83' lang='lat' dir='ltr'>Achaz</span> <span class='ocrx_word' id='word_1_528' title='bbox 1043 3772 1176 3828; x_wconf 85' lang='lat' dir='ltr'>rege</span> <span class='ocrx_word' id='word_1_529' title='bbox 1202 3755 1556 3829; x_wconf 89' lang='lat' dir='ltr'>impiissimo</span> <span class='ocrx_word' id='word_1_530' title='bbox 1588 3756 1821 3815; x_wconf 87' lang='lat' dir='ltr'>nolente</span> <span class='ocrx_word' id='word_1_531' title='bbox 1842 3757 1915 3815; x_wconf 89' lang='lat' dir='ltr'>si-</span> 
     </span>
    </p>
   </div>
   <div class='ocr_carea' id='block_1_71' title="bbox 245 3844 1911 3920">
    <p class='ocr_par' dir='ltr' id='par_1_71' title="bbox 245 3844 1911 3920">
     <span class='ocr_line' id='line_1_71' title="bbox 245 3844 1911 3920; baseline 0.003 -22"><span class='ocrx_word' id='word_1_532' title='bbox 245 3858 442 3917; x_wconf 81' lang='lat' dir='ltr'>gnum</span> <span class='ocrx_word' id='word_1_533' title='bbox 471 3846 686 3916; x_wconf 80' lang='lat' dir='ltr'>petere,</span> <span class='ocrx_word' id='word_1_534' title='bbox 719 3860 912 3900; x_wconf 86' lang='lat' dir='ltr'>sermo</span> <span class='ocrx_word' id='word_1_535' title='bbox 932 3844 1309 3917; x_wconf 89' lang='lat' dir='ltr'>propheticus</span> <span class='ocrx_word' id='word_1_536' title='bbox 1332 3846 1402 3901; x_wconf 89' lang='lat' dir='ltr'>ad</span> <span class='ocrx_word' id='word_1_537' title='bbox 1434 3845 1676 3902; x_wconf 89' lang='lat' dir='ltr'>domum</span> <span class='ocrx_word' id='word_1_538' title='bbox 1708 3846 1911 3920; x_wconf 89' lang='lat' dir='ltr'>David,</span> 
     </span>
    </p>
   </div>
   <div class='ocr_carea' id='block_1_72' title="bbox 244 3922 1913 4009">
    <p class='ocr_par' dir='ltr' id='par_1_72' title="bbox 244 3922 1913 4009">
     <span class='ocr_line' id='line_1_72' title="bbox 244 3922 1913 4009; baseline 0.002 -21"><span class='ocrx_word' id='word_1_539' title='bbox 244 3932 365 3988; x_wconf 87' lang='lat' dir='ltr'>hoc</span> <span class='ocrx_word' id='word_1_540' title='bbox 393 3935 489 3988; x_wconf 88' lang='lat' dir='ltr'>est</span> <span class='ocrx_word' id='word_1_541' title='bbox 502 3931 576 3987; x_wconf 89' lang='lat' dir='ltr'>ad</span> <span class='ocrx_word' id='word_1_542' title='bbox 597 3930 817 3987; x_wconf 89' lang='lat' dir='ltr'>tribum</span> <span class='ocrx_word' id='word_1_543' title='bbox 834 3932 1057 4006; x_wconf 79' lang='lat' dir='ltr'>regiam</span> <span class='ocrx_word' id='word_1_544' title='bbox 1079 3937 1467 4001; x_wconf 85' lang='lat' dir='ltr'>convertatur,</span> <span class='ocrx_word' id='word_1_545' title='bbox 1501 3922 1573 3990; x_wconf 84' lang='lat' dir='ltr'>de</span> <span class='ocrx_word' id='word_1_546' title='bbox 1594 3952 1712 4007; x_wconf 89' lang='lat' dir='ltr'>qua</span> <span class='ocrx_word' id='word_1_547' title='bbox 1732 3952 1913 4009; x_wconf 87' lang='lat' dir='ltr'>supra</span> 
     </span>
    </p>
   </div>
   <div class='ocr_carea' id='block_1_73' title="bbox 244 4020 1910 4094">
    <p class='ocr_par' dir='ltr' id='par_1_73' title="bbox 244 4020 1910 4094">
     <span class='ocr_line' id='line_1_73' title="bbox 244 4020 1910 4094; baseline 0.002 -17"><span class='ocrx_word' id='word_1_548' title='bbox 244 4020 511 4094; x_wconf 83' lang='lat' dir='ltr'>legimus</span> <span class='ocrx_word' id='word_1_549' title='bbox 529 4036 543 4075; x_wconf 90' lang='lat'><strong>:</strong></span> <span class='ocrx_word' id='word_1_550' title='bbox 557 4021 629 4077; x_wconf 86' lang='lat' dir='ltr'>Et</span> <span class='ocrx_word' id='word_1_551' title='bbox 648 4020 1065 4077; x_wconf 88' lang='lat' dir='ltr'>nuntiaverunt</span> <span class='ocrx_word' id='word_1_552' title='bbox 1075 4022 1197 4078; x_wconf 54' lang='lat' dir='ltr'>haec</span> <span class='ocrx_word' id='word_1_553' title='bbox 1209 4022 1409 4079; x_wconf 89' lang='lat' dir='ltr'>domui</span> <span class='ocrx_word' id='word_1_554' title='bbox 1425 4023 1605 4079; x_wconf 87' lang='lat' dir='ltr'>David</span> <span class='ocrx_word' id='word_1_555' title='bbox 1619 4023 1910 4081; x_wconf 89' lang='lat' dir='ltr'>dicentes:</span> 
     </span>
    </p>
   </div>
   <div class='ocr_carea' id='block_1_74' title="bbox 324 4110 1911 4186">
    <p class='ocr_par' dir='ltr' id='par_1_74' title="bbox 324 4110 1911 4186">
     <span class='ocr_line' id='line_1_74' title="bbox 324 4110 1911 4186; baseline 0.003 -22"><span class='ocrx_word' id='word_1_556' title='bbox 324 4130 359 4163; x_wconf 71' lang='grc' dir='ltr'><strong>ε</strong></span> <span class='ocrx_word' id='word_1_557' title='bbox 390 4111 706 4183; x_wconf 87' lang='lat' dir='ltr'>Propterea</span> <span class='ocrx_word' id='word_1_558' title='bbox 735 4110 902 4167; x_wconf 87' lang='lat' dir='ltr'>dabit</span> <span class='ocrx_word' id='word_1_559' title='bbox 928 4111 1216 4168; x_wconf 89' lang='lat' dir='ltr'>Dominus</span> <span class='ocrx_word' id='word_1_560' title='bbox 1266 4112 1392 4185; x_wconf 87' lang='lat' dir='ltr'>ipse</span> <span class='ocrx_word' id='word_1_561' title='bbox 1438 4111 1604 4168; x_wconf 89' lang='lat' dir='ltr'>vobis</span> <span class='ocrx_word' id='word_1_562' title='bbox 1652 4112 1911 4186; x_wconf 87' lang='lat' dir='ltr'>signum,</span> 
     </span>
    </p>
   </div>
   <div class='ocr_carea' id='block_1_75' title="bbox 246 4198 1916 4273">
    <p class='ocr_par' dir='ltr' id='par_1_75' title="bbox 246 4198 1916 4273">
     <span class='ocr_line' id='line_1_75' title="bbox 246 4198 1916 4273; baseline 0.001 -18"><span class='ocrx_word' id='word_1_563' title='bbox 246 4200 400 4255; x_wconf 82' lang='lat' dir='ltr'>Ecce</span> <span class='ocrx_word' id='word_1_564' title='bbox 430 4198 594 4271; x_wconf 83' lang='lat' dir='ltr'>virgo</span> <span class='ocrx_word' id='word_1_565' title='bbox 623 4200 684 4254; x_wconf 90' lang='lat' dir='ltr'>in</span> <span class='ocrx_word' id='word_1_566' title='bbox 716 4204 881 4256; x_wconf 89' lang='lat' dir='ltr'>utero</span> <span class='ocrx_word' id='word_1_567' title='bbox 923 4198 1214 4272; x_wconf 89' lang='lat' dir='ltr'>concipiet</span> <span class='ocrx_word' id='word_1_568' title='bbox 1262 4203 1320 4256; x_wconf 90' lang='lat' dir='ltr'>et</span> <span class='ocrx_word' id='word_1_569' title='bbox 1366 4200 1554 4273; x_wconf 87' lang='lat' dir='ltr'>pariet</span> <span class='ocrx_word' id='word_1_570' title='bbox 1598 4199 1810 4272; x_wconf 84' lang='lat' dir='ltr'>ﬁlium,</span> <span class='ocrx_word' id='word_1_571' title='bbox 1859 4206 1916 4258; x_wconf 90' lang='lat' dir='ltr'>et</span> 
     </span>
    </p>
   </div>
   <div class='ocr_carea' id='block_1_76' title="bbox 243 4287 1912 4361">
    <p class='ocr_par' dir='ltr' id='par_1_76' title="bbox 243 4287 1912 4361">
     <span class='ocr_line' id='line_1_76' title="bbox 243 4287 1912 4361; baseline 0.003 -19"><span class='ocrx_word' id='word_1_572' title='bbox 243 4287 562 4345; x_wconf 72' lang='lat' dir='ltr'>vocabitur</span> <span class='ocrx_word' id='word_1_573' title='bbox 591 4304 805 4344; x_wconf 89' lang='lat' dir='ltr'>nomen</span> <span class='ocrx_word' id='word_1_574' title='bbox 836 4289 966 4361; x_wconf 89' lang='lat' dir='ltr'>ejus</span> <span class='ocrx_word' id='word_1_575' title='bbox 996 4289 1365 4346; x_wconf 89' lang='lat' dir='ltr'>Emmanuel.</span> <span class='ocrx_word' id='word_1_576' title='bbox 1392 4311 1420 4339; x_wconf 84' lang='grc'>››</span> <span class='ocrx_word' id='word_1_577' title='bbox 1451 4290 1694 4356; x_wconf 87' lang='lat' dir='ltr'>Quando</span> <span class='ocrx_word' id='word_1_578' title='bbox 1716 4294 1912 4347; x_wconf 86' lang='lat' dir='ltr'>autem</span> 
     </span>
    </p>
   </div>
   <div class='ocr_carea' id='block_1_77' title="bbox 244 4376 1913 4451">
    <p class='ocr_par' dir='ltr' id='par_1_77' title="bbox 244 4376 1913 4451">
     <span class='ocr_line' id='line_1_77' title="bbox 244 4376 1913 4451; baseline 0.002 -20"><span class='ocrx_word' id='word_1_579' title='bbox 244 4376 474 4432; x_wconf 87' lang='lat' dir='ltr'>dicitur</span> <span class='ocrx_word' id='word_1_580' title='bbox 504 4376 669 4433; x_wconf 89' lang='lat' dir='ltr'>dabit</span> <span class='ocrx_word' id='word_1_581' title='bbox 699 4378 986 4434; x_wconf 90' lang='lat' dir='ltr'>Dominus</span> <span class='ocrx_word' id='word_1_582' title='bbox 1015 4376 1143 4451; x_wconf 88' lang='lat' dir='ltr'>ipse</span> <span class='ocrx_word' id='word_1_583' title='bbox 1190 4378 1355 4435; x_wconf 92' lang='lat' dir='ltr'>vobis</span> <span class='ocrx_word' id='word_1_584' title='bbox 1407 4377 1666 4451; x_wconf 87' lang='lat' dir='ltr'>signum,</span> <span class='ocrx_word' id='word_1_585' title='bbox 1697 4395 1913 4436; x_wconf 90' lang='lat' dir='ltr'>novum</span> 
     </span>
    </p>
   </div>
   <div class='ocr_carea' id='block_1_78' title="bbox 238 4466 1916 4539">
    <p class='ocr_par' dir='ltr' id='par_1_78' title="bbox 238 4466 1916 4539">
     <span class='ocr_line' id='line_1_78' title="bbox 238 4466 1916 4539; baseline 0.002 -18"><span class='ocrx_word' id='word_1_586' title='bbox 238 4466 425 4522; x_wconf 82' lang='lat' dir='ltr'>debet</span> <span class='ocrx_word' id='word_1_587' title='bbox 470 4482 621 4532; x_wconf 88' lang='lat' dir='ltr'>esse,</span> <span class='ocrx_word' id='word_1_588' title='bbox 673 4469 849 4538; x_wconf 89' lang='lat' dir='ltr'>atque</span> <span class='ocrx_word' id='word_1_589' title='bbox 903 4466 1192 4522; x_wconf 90' lang='lat' dir='ltr'>mirabile.</span> <span class='ocrx_word' id='word_1_590' title='bbox 1227 4467 1330 4523; x_wconf 90' lang='lat' dir='ltr'>Sin</span> <span class='ocrx_word' id='word_1_591' title='bbox 1376 4471 1572 4522; x_wconf 88' lang='lat' dir='ltr'>autem</span> <span class='ocrx_word' id='word_1_592' title='bbox 1597 4467 1916 4539; x_wconf 85' lang='lat' dir='ltr'>juvencula</span> 
     </span>
    </p>
   </div>
   <div class='ocr_carea' id='block_1_79' title="bbox 2018 3309 3670 3383">
    <p class='ocr_par' dir='ltr' id='par_1_79' title="bbox 2018 3309 3670 3383">
     <span class='ocr_line' id='line_1_79' title="bbox 2018 3309 3670 3383; baseline -0.003 -12"><span class='ocrx_word' id='word_1_593' title='bbox 2018 3317 2195 3372; x_wconf 89' lang='lat' dir='ltr'>verba</span> <span class='ocrx_word' id='word_1_594' title='bbox 2223 3331 2537 3372; x_wconf 87' lang='lat' dir='ltr'>noscamus</span> <span class='ocrx_word' id='word_1_595' title='bbox 2566 3311 2875 3369; x_wconf 87' lang='lat' dir='ltr'>infantiam</span> <span class='ocrx_word' id='word_1_596' title='bbox 2905 3309 3153 3367; x_wconf 88' lang='lat' dir='ltr'>humani</span> <span class='ocrx_word' id='word_1_597' title='bbox 3183 3311 3444 3383; x_wconf 88' lang='lat' dir='ltr'>corporis</span> <span class='ocrx_word' id='word_1_598' title='bbox 3464 3310 3670 3368; x_wconf 65' lang='lat' dir='ltr'>divinae</span> 
     </span>
    </p>
   </div>
   <div class='ocr_carea' id='block_1_80' title="bbox 2020 3399 3671 3477">
    <p class='ocr_par' dir='ltr' id='par_1_80' title="bbox 2020 3399 3671 3477">
     <span class='ocr_line' id='line_1_80' title="bbox 2020 3399 3671 3477; baseline -0.002 -19"><span class='ocrx_word' id='word_1_599' title='bbox 2020 3422 2135 3460; x_wconf 90' lang='lat' dir='ltr'>non</span> <span class='ocrx_word' id='word_1_600' title='bbox 2169 3403 2581 3477; x_wconf 73' lang='lat' dir='ltr'>praejudicasse</span> <span class='ocrx_word' id='word_1_601' title='bbox 2627 3400 2946 3475; x_wconf 69' lang='lat' dir='ltr'>sapientiae.</span> <span class='ocrx_word' id='word_1_602' title='bbox 2979 3399 3242 3473; x_wconf 88' lang='lat' dir='ltr'>Denique</span> <span class='ocrx_word' id='word_1_603' title='bbox 3278 3401 3579 3472; x_wconf 89' lang='lat' dir='ltr'>jacentcm</span> <span class='ocrx_word' id='word_1_604' title='bbox 3609 3400 3671 3456; x_wconf 90' lang='lat' dir='ltr'>in</span> 
     </span>
    </p>
   </div>
   <div class='ocr_carea' id='block_1_81' title="bbox 2021 3488 3674 3567">
    <p class='ocr_par' dir='ltr' id='par_1_81' title="bbox 2021 3488 3674 3567">
     <span class='ocr_line' id='line_1_81' title="bbox 2021 3488 3674 3567; baseline -0.002 -18"><span class='ocrx_word' id='word_1_605' title='bbox 2021 3492 2265 3567; x_wconf 69' lang='lat' dir='ltr'>prsescpi</span> <span class='ocrx_word' id='word_1_606' title='bbox 2297 3491 2487 3566; x_wconf 81' lang='lat' dir='ltr'>angeli</span> <span class='ocrx_word' id='word_1_607' title='bbox 2519 3490 2857 3565; x_wconf 89' lang='lat' dir='ltr'>pastoribus</span> <span class='ocrx_word' id='word_1_608' title='bbox 2888 3488 3180 3557; x_wconf 89' lang='lat' dir='ltr'>nuntiant,</span> <span class='ocrx_word' id='word_1_609' title='bbox 3214 3488 3370 3563; x_wconf 83' lang='lat' dir='ltr'>magi</span> <span class='ocrx_word' id='word_1_610' title='bbox 3425 3490 3674 3547; x_wconf 88' lang='lat' dir='ltr'>adorant</span> 
     </span>
    </p>
   </div>
   <div class='ocr_carea' id='block_1_82' title="bbox 2021 3576 3677 3651">
    <p class='ocr_par' dir='ltr' id='par_1_82' title="bbox 2021 3576 3677 3651">
     <span class='ocr_line' id='line_1_82' title="bbox 2021 3576 3677 3651; baseline -0.002 -12"><span class='ocrx_word' id='word_1_611' title='bbox 2021 3584 2092 3639; x_wconf 90' lang='lat' dir='ltr'>de</span> <span class='ocrx_word' id='word_1_612' title='bbox 2123 3583 2342 3639; x_wconf 89' lang='lat' dir='ltr'>oriente</span> <span class='ocrx_word' id='word_1_613' title='bbox 2368 3581 2826 3648; x_wconf 81' lang='lat' dir='ltr'>venientes(Luc.</span> <span class='ocrx_word' id='word_1_614' title='bbox 2861 3596 2923 3649; x_wconf 81' lang='grc' dir='ltr'>ιι,</span> <span class='ocrx_word' id='word_1_615' title='bbox 2956 3578 3139 3634; x_wconf 83' lang='lat' dir='ltr'>Matth.</span> <span class='ocrx_word' id='word_1_616' title='bbox 3175 3576 3260 3650; x_wconf 83' lang='grc' dir='ltr'>ιι),</span> <span class='ocrx_word' id='word_1_617' title='bbox 3293 3595 3443 3650; x_wconf 91' lang='lat' dir='ltr'>quos</span> <span class='ocrx_word' id='word_1_618' title='bbox 3473 3577 3677 3651; x_wconf 90' lang='lat' dir='ltr'>utique</span> 
     </span>
    </p>
   </div>
   <div class='ocr_carea' id='block_1_83' title="bbox 2020 3665 3672 3736">
    <p class='ocr_par' dir='ltr' id='par_1_83' title="bbox 2020 3665 3672 3736">
     <span class='ocr_line' id='line_1_83' title="bbox 2020 3665 3672 3736; baseline -0.003 -9"><span class='ocrx_word' id='word_1_619' title='bbox 2020 3671 2237 3727; x_wconf 78' lang='lat' dir='ltr'>electos</span> <span class='ocrx_word' id='word_1_620' title='bbox 2270 3689 2398 3727; x_wconf 89' lang='lat' dir='ltr'>esse</span> <span class='ocrx_word' id='word_1_621' title='bbox 2429 3668 2783 3725; x_wconf 89' lang='lat' dir='ltr'>credendum</span> <span class='ocrx_word' id='word_1_622' title='bbox 2806 3668 2989 3723; x_wconf 73' lang='lat' dir='ltr'>est.Et</span> <span class='ocrx_word' id='word_1_623' title='bbox 3020 3685 3051 3722; x_wconf 90' lang='lat' dir='ltr'>e</span> <span class='ocrx_word' id='word_1_624' title='bbox 3081 3665 3371 3722; x_wconf 88' lang='lat' dir='ltr'>contrario</span> <span class='ocrx_word' id='word_1_625' title='bbox 3394 3666 3672 3736; x_wconf 84' lang='lat' dir='ltr'>Herodes,</span> 
     </span>
    </p>
   </div>
   <div class='ocr_carea' id='block_1_84' title="bbox 2020 3754 3666 3827">
    <p class='ocr_par' dir='ltr' id='par_1_84' title="bbox 2020 3754 3666 3827">
     <span class='ocr_line' id='line_1_84' title="bbox 2020 3754 3666 3827; baseline -0.005 -11"><span class='ocrx_word' id='word_1_626' title='bbox 2020 3760 2226 3816; x_wconf 63' lang='lat' dir='ltr'>scriba:</span> <span class='ocrx_word' id='word_1_627' title='bbox 2276 3763 2335 3814; x_wconf 89' lang='lat' dir='ltr'>et</span> <span class='ocrx_word' id='word_1_628' title='bbox 2383 3754 2657 3813; x_wconf 67' lang='lat' dir='ltr'>Pharisaei</span> <span class='ocrx_word' id='word_1_629' title='bbox 2704 3756 3111 3827; x_wconf 80' lang='lat' dir='ltr'>reprobantur,</span> <span class='ocrx_word' id='word_1_630' title='bbox 3145 3754 3244 3826; x_wconf 91' lang='lat' dir='ltr'>qui</span> <span class='ocrx_word' id='word_1_631' title='bbox 3286 3771 3390 3826; x_wconf 92' lang='lat' dir='ltr'>pro</span> <span class='ocrx_word' id='word_1_632' title='bbox 3421 3771 3539 3809; x_wconf 88' lang='lat' dir='ltr'>uno</span> <span class='ocrx_word' id='word_1_633' title='bbox 3570 3755 3666 3809; x_wconf 87' lang='lat' dir='ltr'>in-</span> 
     </span>
    </p>
   </div>
   <div class='ocr_carea' id='block_1_85' title="bbox 2020 3841 3442 3917">
    <p class='ocr_par' dir='ltr' id='par_1_85' title="bbox 2020 3841 3442 3917">
     <span class='ocr_line' id='line_1_85' title="bbox 2020 3841 3442 3917; baseline -0.005 -14"><span class='ocrx_word' id='word_1_634' title='bbox 2020 3848 2178 3903; x_wconf 88' lang='lat' dir='ltr'>fante</span> <span class='ocrx_word' id='word_1_635' title='bbox 2207 3846 2393 3902; x_wconf 90' lang='lat' dir='ltr'>multa</span> <span class='ocrx_word' id='word_1_636' title='bbox 2423 3843 2799 3917; x_wconf 90' lang='lat' dir='ltr'>parvulorum</span> <span class='ocrx_word' id='word_1_637' title='bbox 2831 3842 3018 3898; x_wconf 88' lang='lat' dir='ltr'>millia</span> <span class='ocrx_word' id='word_1_638' title='bbox 3046 3841 3442 3897; x_wconf 86' lang='lat' dir='ltr'>trucidarunt.</span> 
     </span>
    </p>
   </div>
   <div class='ocr_carea' id='block_1_86' title="bbox 2092 3930 3677 4005">
    <p class='ocr_par' dir='ltr' id='par_1_86' title="bbox 2092 3930 3677 4005">
     <span class='ocr_line' id='line_1_86' title="bbox 2092 3930 3677 4005; baseline 0.001 -19"><span class='ocrx_word' id='word_1_639' title='bbox 2092 3959 2120 3987; x_wconf 83' lang='lat'><strong>«</strong></span> <span class='ocrx_word' id='word_1_640' title='bbox 2154 3935 2300 4003; x_wconf 88' lang='lat' dir='ltr'>Quia</span> <span class='ocrx_word' id='word_1_641' title='bbox 2329 3938 2643 4005; x_wconf 85' lang='lat' dir='ltr'>antequam</span> <span class='ocrx_word' id='word_1_642' title='bbox 2675 3932 2823 3988; x_wconf 88' lang='lat' dir='ltr'>sciat</span> <span class='ocrx_word' id='word_1_643' title='bbox 2851 3948 2998 4004; x_wconf 88' lang='lat' dir='ltr'>puer</span> <span class='ocrx_word' id='word_1_644' title='bbox 3026 3930 3335 4003; x_wconf 89' lang='lat' dir='ltr'>reprobare</span> <span class='ocrx_word' id='word_1_645' title='bbox 3366 3930 3590 3987; x_wconf 90' lang='lat' dir='ltr'>malum</span> <span class='ocrx_word' id='word_1_646' title='bbox 3617 3935 3677 3988; x_wconf 87' lang='lat' dir='ltr'>et</span> 
     </span>
    </p>
   </div>
   <div class='ocr_carea' id='block_1_87' title="bbox 2020 4019 3676 4098">
    <p class='ocr_par' dir='ltr' id='par_1_87' title="bbox 2020 4019 3676 4098">
     <span class='ocr_line' id='line_1_87' title="bbox 2020 4019 3676 4098; baseline -0.002 -17"><span class='ocrx_word' id='word_1_647' title='bbox 2020 4025 2232 4098; x_wconf 85' lang='lat' dir='ltr'>eligere</span> <span class='ocrx_word' id='word_1_648' title='bbox 2253 4019 2940 4092; x_wconf 89' lang='lat' dir='ltr'>bonum,derelinquetur</span> <span class='ocrx_word' id='word_1_649' title='bbox 2958 4022 3115 4075; x_wconf 88' lang='lat' dir='ltr'>terra</span> <span class='ocrx_word' id='word_1_650' title='bbox 3135 4036 3316 4092; x_wconf 89' lang='lat' dir='ltr'>quam</span> <span class='ocrx_word' id='word_1_651' title='bbox 3338 4023 3403 4077; x_wconf 92' lang='lat' dir='ltr'>tu</span> <span class='ocrx_word' id='word_1_652' title='bbox 3426 4020 3676 4077; x_wconf 84' lang='lat' dir='ltr'>detesta-</span> 
     </span>
    </p>
   </div>
   <div class='ocr_carea' id='block_1_88' title="bbox 2020 4107 3676 4184">
    <p class='ocr_par' dir='ltr' id='par_1_88' title="bbox 2020 4107 3676 4184">
     <span class='ocr_line' id='line_1_88' title="bbox 2020 4107 3676 4184; baseline -0.002 -14"><span class='ocrx_word' id='word_1_653' title='bbox 2020 4114 2102 4170; x_wconf 89' lang='lat' dir='ltr'>ris</span> <span class='ocrx_word' id='word_1_654' title='bbox 2134 4130 2168 4170; x_wconf 89' lang='lat' dir='ltr'>a</span> <span class='ocrx_word' id='word_1_655' title='bbox 2196 4110 2341 4168; x_wconf 87' lang='lat' dir='ltr'>facie</span> <span class='ocrx_word' id='word_1_656' title='bbox 2371 4112 2623 4167; x_wconf 88' lang='lat' dir='ltr'>duorum</span> <span class='ocrx_word' id='word_1_657' title='bbox 2656 4125 2862 4182; x_wconf 85' lang='lat' dir='ltr'>regum</span> <span class='ocrx_word' id='word_1_658' title='bbox 2892 4125 3195 4177; x_wconf 81' lang='lat' dir='ltr'>suorum,»</span> <span class='ocrx_word' id='word_1_659' title='bbox 3224 4107 3283 4164; x_wconf 90' lang='lat' dir='ltr'>id</span> <span class='ocrx_word' id='word_1_660' title='bbox 3313 4110 3501 4179; x_wconf 90' lang='lat' dir='ltr'>est,ad</span> <span class='ocrx_word' id='word_1_661' title='bbox 3525 4125 3676 4184; x_wconf 74' lang='lat' dir='ltr'>mys-</span> 
     </span>
    </p>
   </div>
   <div class='ocr_carea' id='block_1_89' title="bbox 2020 4194 3677 4273">
    <p class='ocr_par' dir='ltr' id='par_1_89' title="bbox 2020 4194 3677 4273">
     <span class='ocr_line' id='line_1_89' title="bbox 2020 4194 3677 4273; baseline -0.002 -15"><span class='ocrx_word' id='word_1_662' title='bbox 2020 4202 2234 4258; x_wconf 90' lang='lat' dir='ltr'>terium</span> <span class='ocrx_word' id='word_1_663' title='bbox 2257 4204 2315 4256; x_wconf 89' lang='lat' dir='ltr'>et</span> <span class='ocrx_word' id='word_1_664' title='bbox 2337 4194 2730 4254; x_wconf 89' lang='lat' dir='ltr'>innovationis</span> <span class='ocrx_word' id='word_1_665' title='bbox 2753 4196 3011 4253; x_wconf 91' lang='lat' dir='ltr'>nominis</span> <span class='ocrx_word' id='word_1_666' title='bbox 3027 4197 3375 4254; x_wconf 87' lang='lat' dir='ltr'>Emmanuel</span> <span class='ocrx_word' id='word_1_667' title='bbox 3385 4203 3557 4268; x_wconf 89' lang='lat' dir='ltr'>,terra</span> <span class='ocrx_word' id='word_1_668' title='bbox 3577 4198 3677 4273; x_wconf 80' lang='lat' dir='ltr'>Sy-</span> 
     </span>
    </p>
   </div>
   <div class='ocr_carea' id='block_1_90' title="bbox 2019 4285 3676 4360">
    <p class='ocr_par' dir='ltr' id='par_1_90' title="bbox 2019 4285 3676 4360">
     <span class='ocr_line' id='line_1_90' title="bbox 2019 4285 3676 4360; baseline 0 -15"><span class='ocrx_word' id='word_1_669' title='bbox 2019 4290 2119 4347; x_wconf 82' lang='lat' dir='ltr'>rias</span> <span class='ocrx_word' id='word_1_670' title='bbox 2148 4293 2206 4346; x_wconf 88' lang='lat' dir='ltr'>et</span> <span class='ocrx_word' id='word_1_671' title='bbox 2234 4287 2508 4346; x_wconf 64' lang='lat' dir='ltr'>Samaria:</span> <span class='ocrx_word' id='word_1_672' title='bbox 2543 4304 2556 4343; x_wconf 90' lang='lat'><strong>:</strong></span> <span class='ocrx_word' id='word_1_673' title='bbox 2589 4285 2826 4360; x_wconf 83' lang='lat' dir='ltr'>Assyrio</span> <span class='ocrx_word' id='word_1_674' title='bbox 2875 4291 3191 4359; x_wconf 86' lang='lat' dir='ltr'>superante</span> <span class='ocrx_word' id='word_1_675' title='bbox 3238 4288 3583 4356; x_wconf 87' lang='lat' dir='ltr'>vastabitur,</span> <span class='ocrx_word' id='word_1_676' title='bbox 3618 4294 3676 4345; x_wconf 91' lang='lat' dir='ltr'>et</span> 
     </span>
    </p>
   </div>
   <div class='ocr_carea' id='block_1_91' title="bbox 2021 4374 3675 4449">
    <p class='ocr_par' dir='ltr' id='par_1_91' title="bbox 2021 4374 3675 4449">
     <span class='ocr_line' id='line_1_91' title="bbox 2021 4374 3675 4449; baseline -0.002 -12"><span class='ocrx_word' id='word_1_677' title='bbox 2021 4382 2232 4437; x_wconf 90' lang='lat' dir='ltr'>domus</span> <span class='ocrx_word' id='word_1_678' title='bbox 2262 4377 2442 4434; x_wconf 90' lang='lat' dir='ltr'>David</span> <span class='ocrx_word' id='word_1_679' title='bbox 2465 4374 2813 4433; x_wconf 88' lang='lat' dir='ltr'>liberabitur</span> <span class='ocrx_word' id='word_1_680' title='bbox 2830 4376 3108 4433; x_wconf 91' lang='lat' dir='ltr'>aduobus</span> <span class='ocrx_word' id='word_1_681' title='bbox 3129 4375 3365 4449; x_wconf 86' lang='lat' dir='ltr'>regibus</span> <span class='ocrx_word' id='word_1_682' title='bbox 3389 4394 3538 4449; x_wconf 86' lang='lat' dir='ltr'>quos</span> <span class='ocrx_word' id='word_1_683' title='bbox 3558 4393 3675 4434; x_wconf 89' lang='lat' dir='ltr'>me-</span> 
     </span>
    </p>
   </div>
   <div class='ocr_carea' id='block_1_92' title="bbox 2023 4465 3026 4536">
    <p class='ocr_par' dir='ltr' id='par_1_92' title="bbox 2023 4465 3026 4536">
     <span class='ocr_line' id='line_1_92' title="bbox 2023 4465 3026 4536; baseline -0.005 -11"><span class='ocrx_word' id='word_1_684' title='bbox 2023 4469 2159 4536; x_wconf 91' lang='lat' dir='ltr'>tuit,</span> <span class='ocrx_word' id='word_1_685' title='bbox 2193 4465 2369 4523; x_wconf 85' lang='lat' dir='ltr'>Rasin</span> <span class='ocrx_word' id='word_1_686' title='bbox 2401 4466 2672 4522; x_wconf 88' lang='lat' dir='ltr'>videlicet</span> <span class='ocrx_word' id='word_1_687' title='bbox 2698 4470 2757 4521; x_wconf 88' lang='lat' dir='ltr'>et</span> <span class='ocrx_word' id='word_1_688' title='bbox 2787 4465 3026 4521; x_wconf 90' lang='lat' dir='ltr'>Phacee.</span> 
     </span>
    </p>
   </div>
   <div class='ocr_carea' id='block_1_93' title="bbox 239 4552 3666 4644">
    <p class='ocr_par' dir='ltr' id='par_1_93' title="bbox 239 4552 3666 4644">
     <span class='ocr_line' id='line_1_93' title="bbox 239 4552 3666 4644; baseline 0 -35"><span class='ocrx_word' id='word_1_689' title='bbox 239 4554 333 4610; x_wconf 83' lang='lat' dir='ltr'>vel</span> <span class='ocrx_word' id='word_1_690' title='bbox 367 4552 589 4627; x_wconf 88' lang='lat' dir='ltr'>puella,</span> <span class='ocrx_word' id='word_1_691' title='bbox 621 4559 689 4610; x_wconf 88' lang='lat' dir='ltr'>ut</span> <span class='ocrx_word' id='word_1_692' title='bbox 725 4554 912 4611; x_wconf 64' lang='lat' dir='ltr'>Judaei</span> <span class='ocrx_word' id='word_1_693' title='bbox 940 4554 1168 4644; x_wconf 89' lang='lat' dir='ltr'>volunt,</span> <span class='ocrx_word' id='word_1_694' title='bbox 1217 4560 1274 4644; x_wconf 87' lang='lat' dir='ltr'>et</span> <span class='ocrx_word' id='word_1_695' title='bbox 1321 4572 1438 4611; x_wconf 93' lang='lat' dir='ltr'>non</span> <span class='ocrx_word' id='word_1_696' title='bbox 1488 4553 1649 4644; x_wconf 79' lang='lat' dir='ltr'>virgo</span> <span class='ocrx_word' id='word_1_697' title='bbox 1700 4556 1909 4627; x_wconf 90' lang='lat' dir='ltr'>pariet,</span> <span class='ocrx_word' id='word_1_698' title='bbox 1943 4579 1990 4644; x_wconf 69' lang='grc' dir='ltr'>Β</span> <span class='ocrx_word' id='word_1_699' title='bbox 2028 4616 2031 4619; x_wconf 54' lang='grc'>,</span> <span class='ocrx_word' id='word_1_700' title='bbox 2100 4577 2122 4606; x_wconf 75' lang='grc' dir='ltr'>ι</span> <span class='ocrx_word' id='word_1_701' title='bbox 2153 4556 2419 4612; x_wconf 82' lang='lat' dir='ltr'>Adducet</span> <span class='ocrx_word' id='word_1_702' title='bbox 2449 4554 2735 4644; x_wconf 87' lang='lat' dir='ltr'>Dominus</span> <span class='ocrx_word' id='word_1_703' title='bbox 2769 4569 2948 4624; x_wconf 90' lang='lat' dir='ltr'>super</span> <span class='ocrx_word' id='word_1_704' title='bbox 2972 4555 3034 4644; x_wconf 81' lang='lat' dir='ltr'>te</span> <span class='ocrx_word' id='word_1_705' title='bbox 3066 4556 3152 4644; x_wconf 76' lang='lat' dir='ltr'>‘et</span> <span class='ocrx_word' id='word_1_706' title='bbox 3182 4568 3359 4644; x_wconf 83' lang='lat' dir='ltr'>super</span> <span class='ocrx_word' id='word_1_707' title='bbox 3387 4553 3666 4644; x_wconf 86' lang='lat' dir='ltr'>populum</span> 
     </span>
    </p>
   </div>
   <div class='ocr_carea' id='block_1_94' title="bbox 238 4641 1267 4717">
    <p class='ocr_par' dir='ltr' id='par_1_94' title="bbox 238 4641 1267 4717">
     <span class='ocr_line' id='line_1_94' title="bbox 238 4641 1267 4717; baseline -0.001 -19"><span class='ocrx_word' id='word_1_708' title='bbox 238 4642 424 4715; x_wconf 89' lang='lat' dir='ltr'>quale</span> <span class='ocrx_word' id='word_1_709' title='bbox 455 4641 693 4716; x_wconf 85' lang='lat' dir='ltr'>signum</span> <span class='ocrx_word' id='word_1_710' title='bbox 725 4644 938 4716; x_wconf 90' lang='lat' dir='ltr'>poterit</span> <span class='ocrx_word' id='word_1_711' title='bbox 985 4643 1267 4717; x_wconf 81' lang='lat' dir='ltr'>appellari</span> 
     </span>
    </p>
   </div>
   <div class='ocr_carea' id='block_1_95' title="bbox 243 4730 1906 4806">
    <p class='ocr_par' dir='ltr' id='par_1_95' title="bbox 243 4730 1906 4806">
     <span class='ocr_line' id='line_1_95' title="bbox 243 4730 1906 4806; baseline 0 -19"><span class='ocrx_word' id='word_1_712' title='bbox 243 4730 441 4787; x_wconf 69' lang='lat' dir='ltr'>aetatis</span> <span class='ocrx_word' id='word_1_713' title='bbox 472 4731 574 4799; x_wconf 86' lang='lat' dir='ltr'>sit,</span> <span class='ocrx_word' id='word_1_714' title='bbox 604 4749 720 4788; x_wconf 88' lang='lat' dir='ltr'>non</span> <span class='ocrx_word' id='word_1_715' title='bbox 750 4731 1143 4806; x_wconf 84' lang='lat' dir='ltr'>integritatis?</span> <span class='ocrx_word' id='word_1_716' title='bbox 1172 4732 1243 4787; x_wconf 87' lang='lat' dir='ltr'>Et</span> <span class='ocrx_word' id='word_1_717' title='bbox 1291 4748 1507 4798; x_wconf 89' lang='lat' dir='ltr'>revera,</span> <span class='ocrx_word' id='word_1_718' title='bbox 1539 4736 1606 4787; x_wconf 90' lang='lat' dir='ltr'>ut</span> <span class='ocrx_word' id='word_1_719' title='bbox 1636 4748 1771 4787; x_wconf 91' lang='lat' dir='ltr'>cum</span> <span class='ocrx_word' id='word_1_720' title='bbox 1801 4732 1906 4787; x_wconf 85' lang='lat' dir='ltr'>Ju-</span> 
     </span>
    </p>
   </div>
   <div class='ocr_carea' id='block_1_96' title="bbox 236 4819 1906 4894">
    <p class='ocr_par' dir='ltr' id='par_1_96' title="bbox 236 4819 1906 4894">
     <span class='ocr_line' id='line_1_96' title="bbox 236 4819 1906 4894; baseline 0 -18"><span class='ocrx_word' id='word_1_721' title='bbox 236 4820 392 4877; x_wconf 64' lang='lat' dir='ltr'>daais</span> <span class='ocrx_word' id='word_1_722' title='bbox 421 4819 798 4878; x_wconf 86' lang='lat' dir='ltr'>conferamus</span> <span class='ocrx_word' id='word_1_723' title='bbox 830 4822 1122 4894; x_wconf 88' lang='lat' dir='ltr'>pedem,et</span> <span class='ocrx_word' id='word_1_724' title='bbox 1143 4835 1515 4892; x_wconf 88' lang='lat' dir='ltr'>nequaquam</span> <span class='ocrx_word' id='word_1_725' title='bbox 1545 4819 1906 4876; x_wconf 88' lang='lat' dir='ltr'>contentioso</span> 
     </span>
    </p>
   </div>
   <div class='ocr_carea' id='block_1_97' title="bbox 240 4908 1907 4983">
    <p class='ocr_par' dir='ltr' id='par_1_97' title="bbox 240 4908 1907 4983">
     <span class='ocr_line' id='line_1_97' title="bbox 240 4908 1907 4983; baseline -0.001 -19"><span class='ocrx_word' id='word_1_726' title='bbox 240 4911 389 4967; x_wconf 82' lang='lat' dir='ltr'>fune</span> <span class='ocrx_word' id='word_1_727' title='bbox 414 4909 784 4983; x_wconf 72' lang='lat' dir='ltr'>praebeamus</span> <span class='ocrx_word' id='word_1_728' title='bbox 815 4910 900 4967; x_wconf 87' lang='lat' dir='ltr'>cis</span> <span class='ocrx_word' id='word_1_729' title='bbox 930 4910 1114 4967; x_wconf 89' lang='lat' dir='ltr'>risum</span> <span class='ocrx_word' id='word_1_730' title='bbox 1148 4913 1359 4965; x_wconf 67' lang='lat' dir='ltr'>nostra:</span> <span class='ocrx_word' id='word_1_731' title='bbox 1388 4908 1713 4982; x_wconf 68' lang='lat' dir='ltr'>imperitiae,</span> <span class='ocrx_word' id='word_1_732' title='bbox 1744 4908 1907 4983; x_wconf 84' lang='lat' dir='ltr'>virgo</span> 
     </span>
    </p>
   </div>
   <div class='ocr_carea' id='block_1_98' title="bbox 240 4996 1906 5071">
    <p class='ocr_par' dir='ltr' id='par_1_98' title="bbox 240 4996 1906 5071">
     <span class='ocr_line' id='line_1_98' title="bbox 240 4996 1906 5071; baseline 0 -17"><span class='ocrx_word' id='word_1_733' title='bbox 240 4997 534 5055; x_wconf 71' lang='lat' dir='ltr'>Hebraice</span> <span class='ocrx_word' id='word_1_734' title='bbox 563 4998 763 5054; x_wconf 85' lang='lat' dir='ltr'>betula</span> <span class='ocrx_word' id='word_1_735' title='bbox 792 4998 1141 5071; x_wconf 89' lang='lat' dir='ltr'>appellatur,</span> <span class='ocrx_word' id='word_1_736' title='bbox 1175 5015 1303 5070; x_wconf 81' lang='lat' dir='ltr'>quae</span> <span class='ocrx_word' id='word_1_737' title='bbox 1353 4996 1413 5053; x_wconf 89' lang='lat' dir='ltr'>in</span> <span class='ocrx_word' id='word_1_738' title='bbox 1463 4998 1734 5070; x_wconf 66' lang='lat' dir='ltr'>praesenti</span> <span class='ocrx_word' id='word_1_739' title='bbox 1781 4997 1906 5055; x_wconf 90' lang='lat' dir='ltr'>loco</span> 
     </span>
    </p>
   </div>
   <div class='ocr_carea' id='block_1_99' title="bbox 242 5085 1906 5159">
    <p class='ocr_par' dir='ltr' id='par_1_99' title="bbox 242 5085 1906 5159">
     <span class='ocr_line' id='line_1_99' title="bbox 242 5085 1906 5159; baseline 0.001 -18"><span class='ocrx_word' id='word_1_740' title='bbox 242 5102 366 5141; x_wconf 87' lang='lat' dir='ltr'>non</span> <span class='ocrx_word' id='word_1_741' title='bbox 399 5085 701 5155; x_wconf 87' lang='lat' dir='ltr'>scribitur,</span> <span class='ocrx_word' id='word_1_742' title='bbox 736 5087 837 5143; x_wconf 87' lang='lat' dir='ltr'>sed</span> <span class='ocrx_word' id='word_1_743' title='bbox 883 5104 988 5159; x_wconf 88' lang='lat' dir='ltr'>pro</span> <span class='ocrx_word' id='word_1_744' title='bbox 1034 5086 1145 5142; x_wconf 87' lang='lat' dir='ltr'>hoc</span> <span class='ocrx_word' id='word_1_745' title='bbox 1175 5086 1350 5142; x_wconf 89' lang='lat' dir='ltr'>verbo</span> <span class='ocrx_word' id='word_1_746' title='bbox 1379 5085 1635 5159; x_wconf 90' lang='lat' dir='ltr'>positum</span> <span class='ocrx_word' id='word_1_747' title='bbox 1663 5090 1753 5144; x_wconf 90' lang='lat' dir='ltr'>est</span> <span class='ocrx_word' id='word_1_748' title='bbox 1782 5086 1906 5143; x_wconf 88' lang='lat' dir='ltr'>hal-</span> 
     </span>
    </p>
   </div>
   <div class='ocr_carea' id='block_1_100' title="bbox 236 5173 1902 5249">
    <p class='ocr_par' dir='ltr' id='par_1_100' title="bbox 236 5173 1902 5249">
     <span class='ocr_line' id='line_1_100' title="bbox 236 5173 1902 5249; baseline 0.002 -20"><span class='ocrx_word' id='word_1_749' title='bbox 236 5191 365 5230; x_wconf 88' lang='lat' dir='ltr'>ma.</span> <span class='ocrx_word' id='word_1_750' title='bbox 403 5174 582 5230; x_wconf 84' lang='lat' dir='ltr'>Porro</span> <span class='ocrx_word' id='word_1_751' title='bbox 602 5173 802 5231; x_wconf 87' lang='lat' dir='ltr'>halma</span> <span class='ocrx_word' id='word_1_752' title='bbox 830 5177 986 5247; x_wconf 88' lang='lat' dir='ltr'>apud</span> <span class='ocrx_word' id='word_1_753' title='bbox 1016 5192 1115 5231; x_wconf 90' lang='lat' dir='ltr'>eos</span> <span class='ocrx_word' id='word_1_754' title='bbox 1144 5175 1385 5229; x_wconf 88' lang='lat' dir='ltr'>verbum</span> <span class='ocrx_word' id='word_1_755' title='bbox 1416 5178 1504 5230; x_wconf 89' lang='lat' dir='ltr'>est</span> <span class='ocrx_word' id='word_1_756' title='bbox 1535 5176 1902 5249; x_wconf 83' lang='lat' dir='ltr'>ambiguum.</span> 
     </span>
    </p>
   </div>
   <div class='ocr_carea' id='block_1_101' title="bbox 237 5262 1903 5336">
    <p class='ocr_par' dir='ltr' id='par_1_101' title="bbox 237 5262 1903 5336">
     <span class='ocr_line' id='line_1_101' title="bbox 237 5262 1903 5336; baseline 0.002 -18"><span class='ocrx_word' id='word_1_757' title='bbox 237 5262 480 5319; x_wconf 84' lang='lat' dir='ltr'>Dicitur</span> <span class='ocrx_word' id='word_1_758' title='bbox 520 5262 677 5319; x_wconf 90' lang='lat' dir='ltr'>enim</span> <span class='ocrx_word' id='word_1_759' title='bbox 724 5267 784 5318; x_wconf 87' lang='lat' dir='ltr'>et</span> <span class='ocrx_word' id='word_1_760' title='bbox 829 5262 1270 5319; x_wconf 87' lang='lat' dir='ltr'>adolescentula</span> <span class='ocrx_word' id='word_1_761' title='bbox 1314 5266 1373 5318; x_wconf 90' lang='lat' dir='ltr'>et</span> <span class='ocrx_word' id='word_1_762' title='bbox 1418 5264 1782 5336; x_wconf 87' lang='lat' dir='ltr'>abscondita,</span> <span class='ocrx_word' id='word_1_763' title='bbox 1816 5266 1903 5321; x_wconf 90' lang='lat' dir='ltr'>vel</span> 
     </span>
    </p>
   </div>
   <div class='ocr_carea' id='block_1_102' title="bbox 239 5350 1901 5425">
    <p class='ocr_par' dir='ltr' id='par_1_102' title="bbox 239 5350 1901 5425">
     <span class='ocr_line' id='line_1_102' title="bbox 239 5350 1901 5425; baseline 0.001 -18"><span class='ocrx_word' id='word_1_764' title='bbox 239 5351 638 5425; x_wconf 79' lang='lat' dir='ltr'>apocryphos.</span> <span class='ocrx_word' id='word_1_765' title='bbox 672 5351 837 5408; x_wconf 89' lang='lat' dir='ltr'>Unde</span> <span class='ocrx_word' id='word_1_766' title='bbox 863 5355 923 5408; x_wconf 92' lang='lat' dir='ltr'>et</span> <span class='ocrx_word' id='word_1_767' title='bbox 948 5351 1006 5407; x_wconf 90' lang='lat' dir='ltr'>in</span> <span class='ocrx_word' id='word_1_768' title='bbox 1040 5351 1210 5407; x_wconf 90' lang='lat' dir='ltr'>titulo</span> <span class='ocrx_word' id='word_1_769' title='bbox 1259 5350 1473 5424; x_wconf 89' lang='lat' dir='ltr'>psalmi</span> <span class='ocrx_word' id='word_1_770' title='bbox 1522 5352 1659 5408; x_wconf 90' lang='lat' dir='ltr'>noni</span> <span class='ocrx_word' id='word_1_771' title='bbox 1709 5353 1811 5408; x_wconf 93' lang='lat' dir='ltr'>ubi</span> <span class='ocrx_word' id='word_1_772' title='bbox 1840 5353 1901 5409; x_wconf 89' lang='lat' dir='ltr'>in</span> 
     </span>
    </p>
   </div>
   <div class='ocr_carea' id='block_1_103' title="bbox 235 5438 1902 5514">
    <p class='ocr_par' dir='ltr' id='par_1_103' title="bbox 235 5438 1902 5514">
     <span class='ocr_line' id='line_1_103' title="bbox 235 5438 1902 5514; baseline 0.002 -20"><span class='ocrx_word' id='word_1_773' title='bbox 235 5438 536 5495; x_wconf 85' lang='lat' dir='ltr'>Hebraico</span> <span class='ocrx_word' id='word_1_774' title='bbox 563 5440 822 5511; x_wconf 89' lang='lat' dir='ltr'>positum</span> <span class='ocrx_word' id='word_1_775' title='bbox 853 5444 945 5496; x_wconf 88' lang='lat' dir='ltr'>est</span> <span class='ocrx_word' id='word_1_776' title='bbox 973 5440 1295 5509; x_wconf 90' lang='lat' dir='ltr'>halinanoi,</span> <span class='ocrx_word' id='word_1_777' title='bbox 1327 5441 1517 5496; x_wconf 67' lang='lat' dir='ltr'>caeteri</span> <span class='ocrx_word' id='word_1_778' title='bbox 1556 5440 1902 5514; x_wconf 89' lang='lat' dir='ltr'>interpretes</span> 
     </span>
    </p>
   </div>
   <div class='ocr_carea' id='block_1_104' title="bbox 234 5526 1904 5604">
    <p class='ocr_par' dir='ltr' id='par_1_104' title="bbox 234 5526 1904 5604">
     <span class='ocr_line' id='line_1_104' title="bbox 234 5526 1904 5604; baseline 0.003 -22"><span class='ocrx_word' id='word_1_779' title='bbox 234 5526 684 5584; x_wconf 73' lang='lat' dir='ltr'>transtulerunt</span> <span class='ocrx_word' id='word_1_780' title='bbox 714 5546 817 5601; x_wconf 91' lang='lat' dir='ltr'>pro</span> <span class='ocrx_word' id='word_1_781' title='bbox 846 5528 1261 5595; x_wconf 87' lang='lat' dir='ltr'>adolescentia,</span> <span class='ocrx_word' id='word_1_782' title='bbox 1312 5530 1467 5601; x_wconf 91' lang='lat' dir='ltr'>quod</span> <span class='ocrx_word' id='word_1_783' title='bbox 1518 5530 1904 5604; x_wconf 87' lang='lat' dir='ltr'>Septuaginta</span> 
     </span>
    </p>
   </div>
   <div class='ocr_carea' id='block_1_105' title="bbox 234 5615 1903 5695">
    <p class='ocr_par' dir='ltr' id='par_1_105' title="bbox 234 5615 1903 5695">
     <span class='ocr_line' id='line_1_105' title="bbox 234 5615 1903 5695; baseline 0.004 -24"><span class='ocrx_word' id='word_1_784' title='bbox 234 5615 619 5689; x_wconf 76' lang='lat' dir='ltr'>interpretati</span> <span class='ocrx_word' id='word_1_785' title='bbox 650 5622 787 5674; x_wconf 88' lang='lat' dir='ltr'>sunt</span> <span class='ocrx_word' id='word_1_786' title='bbox 816 5634 920 5690; x_wconf 89' lang='lat' dir='ltr'>pro</span> <span class='ocrx_word' id='word_1_787' title='bbox 950 5618 1408 5676; x_wconf 74' lang='lat' dir='ltr'>absconditisEt</span> <span class='ocrx_word' id='word_1_788' title='bbox 1436 5619 1495 5674; x_wconf 91' lang='lat' dir='ltr'>in</span> <span class='ocrx_word' id='word_1_789' title='bbox 1528 5621 1735 5677; x_wconf 87' lang='lat' dir='ltr'>Genesi</span> <span class='ocrx_word' id='word_1_790' title='bbox 1766 5621 1903 5695; x_wconf 89' lang='lat' dir='ltr'>legi-</span> 
     </span>
    </p>
   </div>
   <div class='ocr_carea' id='block_1_106' title="bbox 1324 4639 3669 4716">
    <p class='ocr_par' dir='ltr' id='par_1_106' title="bbox 1324 4639 3669 4716">
     <span class='ocr_line' id='line_1_106' title="bbox 1324 4639 3669 4716; baseline 0 -18"><span class='ocrx_word' id='word_1_791' title='bbox 1324 4659 1337 4697; x_wconf 92' lang='lat'>:</span> <span class='ocrx_word' id='word_1_792' title='bbox 1390 4659 1526 4699; x_wconf 90' lang='lat' dir='ltr'>cum</span> <span class='ocrx_word' id='word_1_793' title='bbox 1558 4643 1667 4699; x_wconf 89' lang='lat' dir='ltr'>hoc</span> <span class='ocrx_word' id='word_1_794' title='bbox 1697 4659 1911 4699; x_wconf 89' lang='lat' dir='ltr'>nomen</span> <span class='ocrx_word' id='word_1_795' title='bbox 1943 4639 1981 4644; x_wconf 58' lang='grc'>⁷</span> <span class='ocrx_word' id='word_1_796' title='bbox 2021 4650 2214 4716; x_wconf 88' lang='lat' dir='ltr'>tuum,</span> <span class='ocrx_word' id='word_1_797' title='bbox 2249 4649 2308 4700; x_wconf 90' lang='lat' dir='ltr'>et</span> <span class='ocrx_word' id='word_1_798' title='bbox 2340 4661 2517 4715; x_wconf 89' lang='lat' dir='ltr'>super</span> <span class='ocrx_word' id='word_1_799' title='bbox 2545 4643 2785 4697; x_wconf 89' lang='lat' dir='ltr'>domum</span> <span class='ocrx_word' id='word_1_800' title='bbox 2835 4639 3019 4712; x_wconf 89' lang='lat' dir='ltr'>patris</span> <span class='ocrx_word' id='word_1_801' title='bbox 3068 4640 3154 4695; x_wconf 89' lang='lat' dir='ltr'>tui</span> <span class='ocrx_word' id='word_1_802' title='bbox 3206 4640 3355 4708; x_wconf 87' lang='lat' dir='ltr'>dies,</span> <span class='ocrx_word' id='word_1_803' title='bbox 3405 4642 3506 4713; x_wconf 91' lang='lat' dir='ltr'>qui</span> <span class='ocrx_word' id='word_1_804' title='bbox 3554 4660 3669 4699; x_wconf 90' lang='lat' dir='ltr'>non</span> 
     </span>
    </p>
   </div>
   <div class='ocr_carea' id='block_1_107' title="bbox 2013 4727 3669 4802">
    <p class='ocr_par' dir='ltr' id='par_1_107' title="bbox 2013 4727 3669 4802">
     <span class='ocr_line' id='line_1_107' title="bbox 2013 4727 3669 4802; baseline -0.002 -12"><span class='ocrx_word' id='word_1_805' title='bbox 2013 4737 2300 4790; x_wconf 89' lang='lat' dir='ltr'>venerunt</span> <span class='ocrx_word' id='word_1_806' title='bbox 2328 4750 2362 4787; x_wconf 91' lang='lat' dir='ltr'>a</span> <span class='ocrx_word' id='word_1_807' title='bbox 2383 4731 2590 4787; x_wconf 90' lang='lat' dir='ltr'>diebus</span> <span class='ocrx_word' id='word_1_808' title='bbox 2610 4728 2998 4802; x_wconf 88' lang='lat' dir='ltr'>separationis</span> <span class='ocrx_word' id='word_1_809' title='bbox 3019 4727 3295 4801; x_wconf 89' lang='lat' dir='ltr'>Ephraim</span> <span class='ocrx_word' id='word_1_810' title='bbox 3312 4730 3385 4787; x_wconf 86' lang='lat' dir='ltr'>aJ</span> <span class='ocrx_word' id='word_1_811' title='bbox 3394 4730 3511 4787; x_wconf 84' lang='lat' dir='ltr'>uda</span> <span class='ocrx_word' id='word_1_812' title='bbox 3534 4748 3669 4787; x_wconf 92' lang='lat' dir='ltr'>cum</span> 
     </span>
    </p>
   </div>
   <div class='ocr_carea' id='block_1_108' title="bbox 2015 4816 3668 4895">
    <p class='ocr_par' dir='ltr' id='par_1_108' title="bbox 2015 4816 3668 4895">
     <span class='ocr_line' id='line_1_108' title="bbox 2015 4816 3668 4895; baseline -0.002 -17"><span class='ocrx_word' id='word_1_813' title='bbox 2015 4840 2150 4895; x_wconf 86' lang='lat' dir='ltr'>rege</span> <span class='ocrx_word' id='word_1_814' title='bbox 2176 4820 2568 4893; x_wconf 73' lang='lat' dir='ltr'>Assyriorum.</span> <span class='ocrx_word' id='word_1_815' title='bbox 2607 4840 2634 4867; x_wconf 87' lang='grc'><strong>››</strong></span> <span class='ocrx_word' id='word_1_816' title='bbox 2666 4816 2905 4873; x_wconf 89' lang='lat' dir='ltr'>Interim</span> <span class='ocrx_word' id='word_1_817' title='bbox 2939 4834 3096 4872; x_wconf 90' lang='lat' dir='ltr'>nunc</span> <span class='ocrx_word' id='word_1_818' title='bbox 3125 4818 3241 4873; x_wconf 91' lang='lat' dir='ltr'>duo</span> <span class='ocrx_word' id='word_1_819' title='bbox 3274 4835 3440 4893; x_wconf 86' lang='lat' dir='ltr'>reges</span> <span class='ocrx_word' id='word_1_820' title='bbox 3489 4818 3668 4875; x_wconf 88' lang='lat' dir='ltr'>Rasin</span> 
     </span>
    </p>
   </div>
   <div class='ocr_carea' id='block_1_109' title="bbox 2015 4906 3668 4979">
    <p class='ocr_par' dir='ltr' id='par_1_109' title="bbox 2015 4906 3668 4979">
     <span class='ocr_line' id='line_1_109' title="bbox 2015 4906 3668 4979; baseline -0.003 -13"><span class='ocrx_word' id='word_1_821' title='bbox 2015 4915 2075 4967; x_wconf 90' lang='lat' dir='ltr'>et</span> <span class='ocrx_word' id='word_1_822' title='bbox 2104 4910 2342 4976; x_wconf 88' lang='lat' dir='ltr'>Phacee,</span> <span class='ocrx_word' id='word_1_823' title='bbox 2374 4907 2476 4979; x_wconf 89' lang='lat' dir='ltr'>qui</span> <span class='ocrx_word' id='word_1_824' title='bbox 2507 4906 2780 4962; x_wconf 90' lang='lat' dir='ltr'>obsident</span> <span class='ocrx_word' id='word_1_825' title='bbox 2808 4909 2866 4961; x_wconf 90' lang='lat' dir='ltr'>et</span> <span class='ocrx_word' id='word_1_826' title='bbox 2891 4909 3122 4962; x_wconf 89' lang='lat' dir='ltr'>vastare</span> <span class='ocrx_word' id='word_1_827' title='bbox 3172 4906 3477 4975; x_wconf 90' lang='lat' dir='ltr'>festinant,</span> <span class='ocrx_word' id='word_1_828' title='bbox 3510 4908 3668 4963; x_wconf 88' lang='lat' dir='ltr'>brevi</span> 
     </span>
    </p>
   </div>
   <div class='ocr_carea' id='block_1_110' title="bbox 2014 4994 3671 5071">
    <p class='ocr_par' dir='ltr' id='par_1_110' title="bbox 2014 4994 3671 5071">
     <span class='ocr_line' id='line_1_110' title="bbox 2014 4994 3671 5071; baseline -0.001 -17"><span class='ocrx_word' id='word_1_829' title='bbox 2014 5003 2277 5071; x_wconf 88' lang='lat' dir='ltr'>tempore</span> <span class='ocrx_word' id='word_1_830' title='bbox 2307 4996 2740 5052; x_wconf 89' lang='lat' dir='ltr'>subvertentur.</span> <span class='ocrx_word' id='word_1_831' title='bbox 2765 4995 2904 5051; x_wconf 76' lang='lat' dir='ltr'>Tuze</span> <span class='ocrx_word' id='word_1_832' title='bbox 2934 4998 3128 5050; x_wconf 90' lang='lat' dir='ltr'>autem</span> <span class='ocrx_word' id='word_1_833' title='bbox 3159 4994 3499 5051; x_wconf 82' lang='lat' dir='ltr'>vastationis</span> <span class='ocrx_word' id='word_1_834' title='bbox 3528 4999 3671 5052; x_wconf 91' lang='lat' dir='ltr'>tem-</span> 
     </span>
    </p>
   </div>
   <div class='ocr_carea' id='block_1_111' title="bbox 2015 5084 3669 5161">
    <p class='ocr_par' dir='ltr' id='par_1_111' title="bbox 2015 5084 3669 5161">
     <span class='ocr_line' id='line_1_111' title="bbox 2015 5084 3669 5161; baseline -0.002 -17"><span class='ocrx_word' id='word_1_835' title='bbox 2015 5106 2128 5161; x_wconf 89' lang='lat' dir='ltr'>pus</span> <span class='ocrx_word' id='word_1_836' title='bbox 2159 5087 2303 5143; x_wconf 90' lang='lat' dir='ltr'>illud</span> <span class='ocrx_word' id='word_1_837' title='bbox 2335 5084 2869 5158; x_wconf 90' lang='lat' dir='ltr'>adveniet,quando</span> <span class='ocrx_word' id='word_1_838' title='bbox 2892 5084 3047 5156; x_wconf 93' lang='lat' dir='ltr'>quod</span> <span class='ocrx_word' id='word_1_839' title='bbox 3082 5099 3383 5155; x_wconf 89' lang='lat' dir='ltr'>nunquam</span> <span class='ocrx_word' id='word_1_840' title='bbox 3407 5099 3669 5155; x_wconf 88' lang='lat' dir='ltr'>sperave-</span> 
     </span>
    </p>
   </div>
   <div class='ocr_carea' id='block_1_112' title="bbox 2016 5171 3670 5248">
    <p class='ocr_par' dir='ltr' id='par_1_112' title="bbox 2016 5171 3670 5248">
     <span class='ocr_line' id='line_1_112' title="bbox 2016 5171 3670 5248; baseline -0.002 -15"><span class='ocrx_word' id='word_1_841' title='bbox 2016 5195 2133 5245; x_wconf 90' lang='lat' dir='ltr'>ras,</span> <span class='ocrx_word' id='word_1_842' title='bbox 2166 5177 2284 5232; x_wconf 90' lang='lat' dir='ltr'>imo</span> <span class='ocrx_word' id='word_1_843' title='bbox 2316 5191 2618 5248; x_wconf 89' lang='lat' dir='ltr'>nunquam</span> <span class='ocrx_word' id='word_1_844' title='bbox 2651 5178 2968 5240; x_wconf 79' lang='lat' dir='ltr'>metueres,</span> <span class='ocrx_word' id='word_1_845' title='bbox 3000 5171 3275 5245; x_wconf 79' lang='lat' dir='ltr'>Assyrius</span> <span class='ocrx_word' id='word_1_846' title='bbox 3305 5172 3546 5228; x_wconf 89' lang='lat' dir='ltr'>venerit.</span> <span class='ocrx_word' id='word_1_847' title='bbox 3563 5173 3670 5230; x_wconf 89' lang='lat' dir='ltr'>Per</span> 
     </span>
    </p>
   </div>
   <div class='ocr_carea' id='block_1_113' title="bbox 2012 5260 3664 5340">
    <p class='ocr_par' dir='ltr' id='par_1_113' title="bbox 2012 5260 3664 5340">
     <span class='ocr_line' id='line_1_113' title="bbox 2012 5260 3664 5340; baseline -0.003 -17"><span class='ocrx_word' id='word_1_848' title='bbox 2012 5285 2141 5340; x_wconf 68' lang='lat' dir='ltr'>qua:</span> <span class='ocrx_word' id='word_1_849' title='bbox 2172 5267 2342 5322; x_wconf 89' lang='lat' dir='ltr'>docet</span> <span class='ocrx_word' id='word_1_850' title='bbox 2372 5263 2571 5321; x_wconf 90' lang='lat' dir='ltr'>domui</span> <span class='ocrx_word' id='word_1_851' title='bbox 2603 5263 2781 5318; x_wconf 83' lang='lat' dir='ltr'>David</span> <span class='ocrx_word' id='word_1_852' title='bbox 2810 5279 2924 5317; x_wconf 90' lang='lat' dir='ltr'>non</span> <span class='ocrx_word' id='word_1_853' title='bbox 2962 5260 3185 5333; x_wconf 79' lang='lat' dir='ltr'>Syriam</span> <span class='ocrx_word' id='word_1_854' title='bbox 3227 5266 3285 5316; x_wconf 89' lang='lat' dir='ltr'>et</span> <span class='ocrx_word' id='word_1_855' title='bbox 3315 5261 3664 5330; x_wconf 89' lang='lat' dir='ltr'>Samariam,</span> 
     </span>
    </p>
   </div>
   <div class='ocr_carea' id='block_1_114' title="bbox 2011 5349 3668 5427">
    <p class='ocr_par' dir='ltr' id='par_1_114' title="bbox 2011 5349 3668 5427">
     <span class='ocr_line' id='line_1_114' title="bbox 2011 5349 3668 5427; baseline -0.004 -14"><span class='ocrx_word' id='word_1_856' title='bbox 2011 5357 2113 5413; x_wconf 88' lang='lat' dir='ltr'>sed</span> <span class='ocrx_word' id='word_1_857' title='bbox 2156 5354 2424 5427; x_wconf 84' lang='lat' dir='ltr'>Assyrios</span> <span class='ocrx_word' id='word_1_858' title='bbox 2470 5368 2599 5409; x_wconf 89' lang='lat' dir='ltr'>esse</span> <span class='ocrx_word' id='word_1_859' title='bbox 2652 5349 3017 5405; x_wconf 90' lang='lat' dir='ltr'>metuendos.</span> <span class='ocrx_word' id='word_1_860' title='bbox 3050 5349 3325 5405; x_wconf 63' lang='lat' dir='ltr'>Prmsenti</span> <span class='ocrx_word' id='word_1_861' title='bbox 3375 5366 3511 5423; x_wconf 87' lang='lat' dir='ltr'>ergo</span> <span class='ocrx_word' id='word_1_862' title='bbox 3558 5350 3668 5407; x_wconf 87' lang='lat' dir='ltr'>for-</span> 
     </span>
    </p>
   </div>
   <div class='ocr_carea' id='block_1_115' title="bbox 2011 5438 3661 5508">
    <p class='ocr_par' dir='ltr' id='par_1_115' title="bbox 2011 5438 3661 5508">
     <span class='ocr_line' id='line_1_115' title="bbox 2011 5438 3661 5508; baseline -0.004 -7"><span class='ocrx_word' id='word_1_863' title='bbox 2011 5445 2233 5501; x_wconf 91' lang='lat' dir='ltr'>midine</span> <span class='ocrx_word' id='word_1_864' title='bbox 2262 5442 2490 5507; x_wconf 89' lang='lat' dir='ltr'>liberat,</span> <span class='ocrx_word' id='word_1_865' title='bbox 2524 5442 2582 5494; x_wconf 90' lang='lat' dir='ltr'>et</span> <span class='ocrx_word' id='word_1_866' title='bbox 2611 5439 2682 5492; x_wconf 92' lang='lat' dir='ltr'>de</span> <span class='ocrx_word' id='word_1_867' title='bbox 2709 5438 2908 5493; x_wconf 83' lang='lat' dir='ltr'>futuro</span> <span class='ocrx_word' id='word_1_868' title='bbox 2939 5441 3201 5508; x_wconf 90' lang='lat' dir='ltr'>tempore</span> <span class='ocrx_word' id='word_1_869' title='bbox 3245 5438 3661 5495; x_wconf 88' lang='lat' dir='ltr'>comminatur.</span> 
     </span>
    </p>
   </div>
   <div class='ocr_carea' id='block_1_116' title="bbox 2083 5524 3663 5600">
    <p class='ocr_par' dir='ltr' id='par_1_116' title="bbox 2083 5524 3663 5600">
     <span class='ocr_line' id='line_1_116' title="bbox 2083 5524 3663 5600; baseline 0.001 -18"><span class='ocrx_word' id='word_1_870' title='bbox 2083 5557 2109 5584; x_wconf 90' lang='grc'><em>‹‹</em></span> <span class='ocrx_word' id='word_1_871' title='bbox 2125 5533 2195 5587; x_wconf 87' lang='lat' dir='ltr'>Et</span> <span class='ocrx_word' id='word_1_872' title='bbox 2223 5528 2333 5586; x_wconf 90' lang='lat' dir='ltr'>erit</span> <span class='ocrx_word' id='word_1_873' title='bbox 2361 5528 2419 5581; x_wconf 92' lang='lat' dir='ltr'>in</span> <span class='ocrx_word' id='word_1_874' title='bbox 2449 5527 2541 5581; x_wconf 88' lang='lat' dir='ltr'>die</span> <span class='ocrx_word' id='word_1_875' title='bbox 2572 5524 2963 5592; x_wconf 88' lang='lat' dir='ltr'>illa,sibilabit</span> <span class='ocrx_word' id='word_1_876' title='bbox 2982 5525 3269 5582; x_wconf 88' lang='lat' dir='ltr'>Dominus</span> <span class='ocrx_word' id='word_1_877' title='bbox 3291 5543 3663 5600; x_wconf 68' lang='lat' dir='ltr'>muscaz,quzs</span> 
     </span>
    </p>
   </div>
   <div class='ocr_carea' id='block_1_117' title="bbox 2010 5613 3663 5694">
    <p class='ocr_par' dir='ltr' id='par_1_117' title="bbox 2010 5613 3663 5694">
     <span class='ocr_line' id='line_1_117' title="bbox 2010 5613 3663 5694; baseline -0.003 -14"><span class='ocrx_word' id='word_1_878' title='bbox 2010 5626 2100 5680; x_wconf 86' lang='lat' dir='ltr'>est</span> <span class='ocrx_word' id='word_1_879' title='bbox 2128 5620 2189 5678; x_wconf 89' lang='lat' dir='ltr'>in</span> <span class='ocrx_word' id='word_1_880' title='bbox 2221 5620 2476 5674; x_wconf 82' lang='lat' dir='ltr'>extremo</span> <span class='ocrx_word' id='word_1_881' title='bbox 2509 5613 2820 5672; x_wconf 83' lang='lat' dir='ltr'>ﬂuminum</span> <span class='ocrx_word' id='word_1_882' title='bbox 2848 5614 3097 5691; x_wconf 66' lang='lat' dir='ltr'>Egypti,</span> <span class='ocrx_word' id='word_1_883' title='bbox 3121 5618 3178 5670; x_wconf 90' lang='lat' dir='ltr'>et</span> <span class='ocrx_word' id='word_1_884' title='bbox 3205 5615 3299 5694; x_wconf 88' lang='lat' dir='ltr'>api</span> <span class='ocrx_word' id='word_1_885' title='bbox 3336 5632 3462 5692; x_wconf 67' lang='lat' dir='ltr'>quae</span> <span class='ocrx_word' id='word_1_886' title='bbox 3494 5620 3584 5673; x_wconf 90' lang='lat' dir='ltr'>est</span> <span class='ocrx_word' id='word_1_887' title='bbox 3603 5617 3663 5677; x_wconf 84' lang='lat' dir='ltr'>in</span> 
     </span>
    </p>
   </div>
  </div>
