4048 6190
442 295 564 360 ’163

815 295 1227 360 HAYMONIS
1270 290 1805 356 HALBEBSTAT.
1850 287 2099 351 EPIST.
2145 286 2297 350 OPP
2337 287 2544 350 PARS
2587 287 2636 349 Ι.
2685 321 2763 332 -
2805 287 3214 352 COMMENT.
3259 289 3461 351 BIBL.

3721 287 3848 349 764

443 438 602 492 terra
628 435 832 500 Assur,
881 434 939 488 et
981 429 1215 485 venient
1261 431 1320 483 et
1369 423 1735 496 requiescent
1780 439 1986 478 omnes
2025 422 2085 477 in
2115 425 2170 492 Α
2197 419 2369 477 lactis
2398 421 2706 477 comedent
2735 421 3152 496 butyrum,hoc
3181 422 3476 496 significat
3502 423 3658 496 quod
3692 426 3846 478 terra

445 525 802 582 torrentibus
831 519 1158 584 vallium,et
1187 516 1246 570 in
1275 513 1538 571 cavernis
1570 517 1894 584 petrarum,
1925 515 1981 568 et
2027 511 2086 568 in

447 615 722 672 omnibus
769 608 1022 674 frutetis,
1074 611 1132 661 et
1175 605 1236 660 in
1285 602 1575 684 universis
1617 601 2024 658 foraminibus.
2061 625 2089 650 n

445 704 590 760 Cum
622 699 796 757 fuerit
841 699 1091 753 duorum
1142 711 1346 768 regum
1393 696 1548 747 terra
1594 693 1844 756 deserta,
1879 691 2089 746 Dama-

444 808 581 848 scus
609 788 877 844 videlicet
905 789 962 842 et
989 783 1256 842 Samaria
1285 799 1463 855 quam
1495 785 1558 836 tu
1591 797 1748 836 nunc
1785 779 2091 836 detestaris

442 883 500 936 et
531 877 766 943 metuis,
798 880 940 932 tunc
973 874 1224 930 adducet
1252 871 1559 935 Dominus,
1591 887 1624 924 o
1656 870 1868 924 domus
1913 869 2088 937 Juda,

442 985 621 1041 super
647 971 703 1024 te
729 971 787 1023 et
815 963 1098 1039 populum
1123 965 1291 1017 tuum
1315 959 1440 1016 dies
1461 977 1609 1031 quos
1631 975 1932 1030 nunquam
1957 961 2090 1012 ante

440 1056 728 1124 vidisti,id
759 1058 849 1112 est
873 1069 1064 1126 regem
1086 1049 1729 1122 Assyriorum.Frustra
1755 1046 1934 1117 igitur
1955 1062 2093 1116 pra:-

443 1148 635 1205 sentia
664 1141 1250 1212 metuis,scmijustos
1283 1141 1487 1202 torres,
1521 1140 1579 1191 et
1619 1134 1816 1207 ignem
1856 1134 2091 1207 penitus

443 1255 562 1293 non
591 1236 896 1292 habentes.
929 1230 1088 1286 Scire
1129 1228 1284 1284 enim
1335 1227 1510 1281 debes
1560 1225 1714 1296 quod
1766 1223 1936 1279 sibilo
1984 1239 2090 1278 suo

443 1325 730 1384 Dominus
761 1337 999 1378 muscas
1029 1315 1255 1390 Egypti
1284 1320 1354 1371 et-
1374 1314 1684 1370 fluminum
1732 1315 1882 1384 ejus,
1932 1312 2090 1367 haud

444 1415 691 1472 dubium
723 1411 865 1484 quin
897 1413 1122 1481 septem
1153 1405 1410 1479 diorigas
1440 1403 1552 1460 Nili
1585 1403 1893 1475 significet,
1923 1419 2090 1456 voca-

444 1509 617 1560 turus
645 1501 742 1567 sit,
773 1503 831 1556 et
858 1515 1026 1571 apem
1076 1514 1203 1568 quae
1233 1499 1322 1550 est
1351 1494 1410 1550 in
1441 1497 1595 1548 terra
1623 1494 1824 1547 Assur.
1858 1491 2092 1546 Muscas

447 1597 644 1650 autem
677 1588 975 1662 Egyptios
1003 1589 1172 1640 vocat
1191 1587 1427 1655 propter
1449 1582 1653 1638 sordes
1677 1578 2014 1635 idololatriae
2034 1583 2093 1635 et

444 1677 794 1736 imbecillem
828 1675 1132 1750 populum.
1183 1674 1364 1744 Apcm
1415 1688 1549 1727 vero
1596 1669 1864 1742 Assyrios
1904 1671 2089 1736 vocat,

443 1783 694 1841 quorum
729 1765 828 1821 illo
847 1769 1105 1836 tempore
1121 1759 1599 1834 potentissimum
1623 1775 1868 1830 regnum
1889 1761 2015 1814 erat
2034 1761 2093 1814 et

441 1857 515 1914 ad
546 1854 700 1912 bella
719 1848 1346 1928 promptissimum,vel
1363 1849 1436 1904 ob
1454 1847 1680 1920 id,quia
1700 1846 1895 1903 omnis
1916 1863 2094 1920 prope

438 1944 678 2020 Assyria
702 1947 758 2000 et
774 1940 1030 1998 Persidis
1060 1939 1218 2012 regio
1249 1955 1422 1994 usum
1444 1937 1699 1993 habebat
1719 1935 2090 2010 sagittarum.

440 2035 510 2093 Hi
541 2051 678 2108 ergo
708 2048 914 2090 omnes
940 2029 1184 2086 veniunt
1196 2033 1255 2084 et
1277 2027 1649 2099 occupabunt
1676 2031 1892 2082 terram
1909 2030 2091 2082 totam

439 2125 500 2181 in
531 2121 893 2180 torrentibus
921 2117 1185 2182 vallium,
1219 2119 1278 2172 et
1305 2115 1568 2172 cavernis
1615 2120 1916 2187 petrarum
1946 2118 2004 2172 et
2031 2114 2092 2170 in

440 2211 720 2270 omnibus
748 2206 1003 2272 frutetis,
1038 2211 1097 2262 et
1125 2203 1512 2262 foraminibus
1549 2204 1844 2276 lignisque
1892 2220 2091 2260 nemo-

439 2299 748 2358 rosis.Haac
777 2299 975 2352 autem
996 2310 1100 2367 per
1117 2293 1521 2365 metaphoram
1553 2292 1924 2359 dicuntur,ut
1953 2290 2096 2363 quia

440 2385 621 2446 semel
654 2401 892 2441 muscas
921 2387 980 2438 et
1016 2398 1157 2455 apes
1187 2381 1613 2448 nominaverat,
1644 2379 2090 2436 translationem

443 2479 631 2534 servet
657 2475 716 2530 in
749 2471 1014 2544 reliquis.

513 2588 542 2616 «
589 2568 656 2620 In
704 2562 798 2619 die
848 2559 949 2617 illa
997 2561 1163 2615 radet
1210 2559 1497 2615 Dominus
1527 2558 1585 2613 in
1620 2557 1902 2614 novacula
1950 2575 2091 2613 con-

439 2655 636 2720 ducta,
671 2652 730 2708 in
761 2650 855 2706 his
877 2649 978 2722 qui
1009 2653 1172 2704 trans
1205 2649 1426 2703 ﬂumen
1456 2650 1596 2702 sunt
1639 2647 1700 2702 in
1749 2664 1884 2718 rege
1912 2649 2092 2720 Assy-

441 2742 684 2809 riorum,
736 2743 914 2812 caput
963 2741 1022 2794 et
1070 2735 1222 2809 pilos
1252 2737 1466 2809 pedum
1499 2739 1558 2791 et
1586 2737 1828 2793 barbam
1862 2735 2091 2794 univer-

440 2848 588 2890 sam.
624 2853 652 2880 »
683 2829 748 2885 In
779 2826 1122 2884 novaculam
1166 2825 1434 2881 mercede
1485 2826 1861 2890 conductam,
1893 2823 2089 2896 ipsum

440 2920 806 2978 arbitrantur
829 2917 1246 2990 Syrum,quem
1279 2913 1339 2968 in
1370 2913 1626 2970 Jeremia
1655 2914 1814 2986 (lere.
1846 2914 1976 2986 xxv)
2017 2913 2090 2969 ob

441 3008 725 3066 ultionem
759 3003 961 3079 populi
991 3002 1314 3076 peccatoris
1344 3002 1518 3058 etiam
1553 3002 1886 3058 columbam
1919 3019 2088 3059 suam

439 3099 625 3155 vocat.
659 3097 810 3168 Ergo
842 3093 902 3148 in
936 3092 1052 3148 ista
1081 3091 1364 3148 novacula
1392 3092 1755 3160 acutissima,
1787 3095 1845 3146 et
1892 3091 1950 3146 in
1996 3090 2089 3147 his

2198 509 2492 566 cultorum
2520 509 2754 566 raritate
2781 511 3030 567 fertilior
3044 511 3206 584 sit,et
3227 512 3416 585 magis
3435 515 3573 584 apta
3592 511 3842 585 pascuis.

2201 599 2261 655 In
2294 598 2392 654 illo
2425 603 2685 671 tempore
2715 618 2830 672 prae
2861 600 3171 656 hominum
3201 601 3518 674 paucitate,
3552 605 3713 656 tanta
3735 599 3846 656 erit

2198 685 2315 741 vini
2369 685 2566 758 inopia
2613 688 2685 742 de
2735 687 2982 744 desertis
3035 688 3241 754 vineis,
3275 707 3401 762 quae
3442 692 3600 745 metu
3647 687 3842 744 hostili

2199 791 2572 846 nequaquam
2603 775 2990 847 putabuntur,
3027 782 3092 832 ut
3121 777 3368 852 singulae
3402 778 3550 834 vites
3597 776 3844 850 singulis

2199 863 2490 936 argenteis
2521 863 2612 919 vix
2643 865 3008 920 emantur.ln
3037 883 3240 938 vepres
3261 867 3420 922 enim
3451 870 3508 921 et
3539 865 3596 921 in
3618 866 3840 939 spinas,

2198 951 2392 1006 omnis
2426 956 2580 1008 terra
2604 953 3206 1026 redigetur,tantaque
3227 954 3339 1011 erit
3359 955 3606 1010 formido
3630 954 3844 1026 ubique

2201 1039 2574 1096 saavientihus
2605 1040 2837 1112 gladiis,
2856 1046 2922 1098 ut
2951 1043 3174 1115 absque
3202 1061 3340 1099 arcu
3371 1047 3430 1099 et
3459 1042 3692 1118 sagittis
3721 1043 3846 1099 nul-

2199 1128 2294 1184 lus
2325 1147 2499 1184 suum
2521 1146 2728 1201 agrum
2751 1129 2998 1187 invisere
3018 1132 3262 1199 audeat;
3295 1136 3354 1188 et
3381 1131 3675 1189 derelictis
3695 1149 3846 1188 cam-

2199 1217 2495 1290 pestribus
2528 1217 2670 1274 locis
2700 1219 2772 1274 ad
2807 1225 3086 1276 montana
3116 1221 3479 1294 confugiant,
3512 1221 3714 1294 ibique
3759 1222 3841 1277 lo-

2198 1321 2400 1362 corum
2431 1307 2775 1364 difﬁcultate
2802 1308 3134 1376 muniti,vix
3155 1327 3394 1382 asperos
3416 1313 3646 1366 montes
3669 1327 3841 1365 manu

2198 1395 2442 1462 fodiant,
2478 1397 2617 1468 quia
2643 1397 2838 1466 boves,
2869 1402 3064 1454 aratra
3108 1402 3166 1454 et
3209 1415 3474 1454 vomeres
3513 1416 3630 1454 non
3665 1398 3841 1454 babe-

2200 1483 2366 1539 bunt.
2397 1485 2490 1540 Sic
2520 1503 2657 1558 ergo
2689 1486 2786 1542 ubi
2820 1504 2988 1542 rarus
3017 1487 3208 1543 cultor
3239 1488 3296 1542 in
3329 1487 3634 1544 montibus
3674 1487 3842 1543 fuerit

2197 1571 2490 1643 inventus,
2543 1575 2678 1630 inde
2733 1575 2913 1631 vitam
2963 1576 3358 1633 miserabilem
3396 1576 3834 1633 sustentabant.

2198 1661 2414 1718 Caetera
2443 1668 2637 1720 autem
2672 1665 2955 1736 patebunt
2981 1665 3237 1737 pascuis,
3259 1670 3317 1722 et
3345 1666 3574 1737 absque
3603 1663 3722 1721 ullo
3748 1663 3840 1720 ha-

2199 1749 2448 1808 bitatore
2477 1771 2512 1809 a
2540 1752 2728 1809 brutis
2758 1753 3115 1812 animalibus
3146 1755 3559 1813 calcabantur.

2811 1896 3044 1954 CAPUT
3080 1897 3232 1954 VIII.

2273 2042 2299 2069 ‹‹
2335 2021 2404 2075 Et
2431 2019 2578 2076 dixit
2606 2021 2892 2078 Dominus
2940 2023 3014 2078 ad
3063 2039 3158 2080 me
3211 2040 3223 2079 :
3278 2024 3457 2080 Sume
3486 2024 3597 2080 tibi
3629 2023 3834 2082 librum

2199 2109 2505 2181 grandem,
2539 2114 2598 2166 et
2629 2111 2818 2166 scribe
2847 2111 2907 2166 in
2955 2129 3021 2168 eo
3070 2111 3222 2186 stylo
3273 2112 3557 2182 hominis,
3591 2113 3839 2169 accelera

2199 2196 2494 2266 velociter,
2521 2197 2728 2271 spolia,
2761 2200 3141 2271 detrahe,cito
3179 2201 3461 2274 praedam.
3497 2201 3574 2257 Et
3615 2201 3844 2257 adhibui

2201 2285 2346 2342 mihi
2379 2290 2557 2343 testes
2587 2287 2810 2354 fideles,
2842 2288 3042 2344 Uriam
3095 2290 3487 2358 sacerdotem,
3537 2293 3598 2346 et
3641 2289 3844 2346 Zacha-

2201 2375 2349 2430 riam
2383 2375 2569 2431 {ilium
2604 2377 2918 2432 Barachiaz.
2941 2377 3012 2432 Et
3041 2377 3262 2434 accessi
3291 2378 3363 2433 ad
3395 2377 3844 2452 prephetissam,

2200 2463 2530 2536 etconcepit
2551 2468 2610 2520 et
2626 2465 3146 2538 peperitfilium.Et
3165 2467 3611 2524 dixitDominus
3633 2468 3708 2524 ad
3729 2485 3840 2524 me:

2197 2551 2355 2609 Voca
2383 2570 2596 2609 nomen
2626 2555 2778 2626 ejus,
2810 2553 3088 2622 accelera,
3122 2555 3328 2628 spolia,
3362 2555 3624 2622 detrahe,
3643 2557 3845 2613 festina

2199 2642 2442 2714 praedari
2467 2659 2479 2697 :
2502 2642 2642 2715 quia
2663 2647 2982 2716 antequam
3017 2643 3166 2700 sciat
3194 2660 3341 2717 puer
3369 2661 3577 2702 vocare
3605 2651 3841 2702 matrem

2199 2747 2370 2786 suam
2402 2734 2460 2786 et
2483 2735 2708 2804 patrem
2741 2749 2938 2801 suum,
2971 2733 3271 2789 auferetur
3297 2734 3586 2790 fortitudo
3637 2735 3841 2791 Dama-

2199 2819 2304 2885 sci,
2337 2823 2394 2875 et
2424 2819 2611 2893 spolia
2642 2821 2920 2878 Samaria:
2960 2838 3156 2877 coram
3206 2838 3341 2896 rege
3385 2821 3784 2896 Assyriorum.
3817 2847 3842 2872 ν

2199 2907 2460 2964 Rursum
2490 2910 2604 2965 sub
2617 2908 2732 2966 alia
2743 2910 2932 2983 figura
2943 2913 3149 2983 partus
3159 2911 3848 2985 describiturvirginalis.

2199 2997 2269 3052 Et
2298 2996 2443 3052 dixit
2472 2997 2758 3054 Dominus
2790 2999 2862 3054 ad
2896 2998 3242 3072 Prophetam
3272 3003 3341 3056 ut
3369 3016 3750 3075 nequaquam
3793 3002 3847 3056 in

2197 3085 2414 3158 populo
2441 3087 2722 3159 proferret
2738 3103 2894 3143 novae
2913 3087 3236 3144 nativitatis
3255 3105 3542 3146 arcanum
3561 3108 3576 3158 ;
3597 3091 3701 3146 sed
3725 3090 3850 3148 scri-

443 3185 543 3259 qui
575 3182 846 3240 habitant
877 3185 1042 3236 trans
1073 3180 1292 3234 ﬂumen
1323 3179 1755 3252 Euphraten,in
1788 3197 1920 3252 rege
1941 3179 2096 3236 vide-
2125 3171 2169 3241 C
2208 3175 2308 3230 bat
2327 3192 2454 3230 eam
2479 3176 2537 3230 in
2563 3175 2672 3232 isto
2691 3175 3209 3250 grandivalumine
3228 3177 3384 3250 quod
3402 3195 3564 3234 nunc
3583 3179 3849 3254 legimus,

439 3272 579 3330 licet
630 3268 1022 3344 Assyriorum,
1073 3285 1276 3325 omnes
1323 3267 1566 3342 capillos
1613 3272 1671 3325 et
1711 3269 1862 3341 pilos
1907 3269 2090 3325 totius

443 3359 705 3432 corporis
762 3376 797 3414 a
851 3357 1040 3430 capite
1088 3374 1278 3430 usque
1324 3359 1396 3413 ad
1445 3359 1644 3431 pedes,
1704 3359 2092 3430 decoremque

445 3449 661 3515 barbis,
697 3447 853 3521 quod
883 3445 1174 3502 virilitatis
1207 3447 1493 3502 indicium
1537 3451 1647 3513 est,
1683 3447 1849 3503 radet
1893 3447 2088 3503 Domi-

444 3555 558 3595 nus
587 3538 658 3593 de
689 3536 986 3602 Judaaa,ut
1014 3533 1158 3590 nihil
1191 3535 1250 3590 in
1283 3535 1383 3590 illa
1416 3534 1582 3601 forte,
1613 3534 1758 3589 nihil
1777 3533 2088 3607 pulchrum

445 3626 717 3694 resideat,
749 3625 851 3682 sed
881 3623 1232 3680 effeminatis
1273 3622 1639 3690 hominibus,
1671 3621 1790 3678 imo
1839 3623 2090 3695 ignomi-

446 3715 632 3775 niosis
663 3712 1012 3770 mulieribus
1035 3715 1472 3783 comparentur.

517 3829 546 3857 ‹‹
580 3806 650 3862 Et
678 3804 790 3860 erit
817 3801 882 3876 in
909 3802 1004 3858 die
1034 3801 1156 3872 illa,
1190 3802 1410 3857 nutriet
1438 3801 1614 3858 homo
1643 3817 1878 3856 vaccam
1911 3801 2092 3856 boum

446 3899 505 3953 et
532 3895 681 3950 duas
711 3910 866 3960 oves,
895 3895 954 3948 et
982 3909 1098 3964 prae
1131 3892 1396 3947 ubertate
1423 3889 1596 3946 lactis
1627 3891 1892 3946 comedet
1920 3891 2091 3962 buty-

447 4001 603 4040 rum.
636 3983 918 4054 Butyrum
974 3979 1131 4036 enim
1179 3983 1237 4035 et
1283 3977 1397 4036 mcl
1447 3978 1830 4034 manducabit
1875 3978 2091 4046 omnis,

449 4069 552 4144 qui
603 4068 842 4124 relictus
891 4068 1062 4123 fuerit
1104 4067 1166 4122 in
1215 4067 1407 4124 medio
1455 4070 1639 4124 terrm.
1674 4069 1744 4124 Et
1771 4068 1881 4125 erit
1910 4067 1968 4122 in
2001 4067 2095 4124 die

451 4157 570 4223 illa,
605 4155 799 4212 omnis
823 4154 988 4211 locus
1015 4155 1116 4210 ubi
1148 4155 1366 4211 fuerint
1395 4155 1553 4212 mille
1591 4156 1759 4223 vites,
1792 4156 1953 4213 mille
2001 4173 2093 4212 ar-

451 4243 700 4318 genteis,
731 4247 789 4298 et
816 4241 876 4297 in
908 4241 1110 4313 spinas
1140 4246 1199 4298 et
1225 4259 1426 4314 vepres
1457 4247 1648 4298 erunt.
1681 4247 1824 4300 Cum
1867 4244 2096 4317 sagittis

452 4337 512 4389 et
538 4348 678 4388 arcu
707 4329 1111 4404 ingredientur
1155 4329 1312 4385 illuc.
1345 4331 1562 4402 Vepres
1605 4331 1763 4388 enim
1811 4337 1868 4389 et
1913 4332 2096 4404 spinze

453 4419 714 4478 eruntin
748 4417 1020 4475 universa
1048 4421 1222 4485 terra,
1273 4422 1332 4474 et
1377 4434 1582 4474 omnes
1631 4422 1860 4475 montes
1902 4420 2002 4492 qui
2037 4419 2096 4476 in

452 4507 682 4567 sarculo
713 4507 1175 4573 sarrientur,non
1197 4507 1388 4563 veniet
1419 4505 1556 4562 illuc
1583 4511 1770 4563 terror
1791 4507 2095 4580 spinarum
2126 4544 2174 4608 Β

451 4602 509 4655 et
536 4597 824 4670 veprium,
855 4600 913 4652 et
941 4597 1054 4653 erit
1082 4597 1141 4652 in
1173 4613 1453 4670 pascuam
1485 4595 1649 4654 bovis
1693 4600 1752 4652 et
1789 4595 2095 4653 conculca-

453 4687 672 4742 tioncm
703 4685 982 4758 peccoris.
1018 4707 1047 4736 »
1075 4685 1139 4742 In
1171 4685 1264 4742 die
1293 4702 1430 4759 ergo
1464 4684 1582 4753 illa,
1615 4685 1726 4742 hoc
1770 4689 1860 4742 est
1910 4685 1969 4740 in
2002 4685 2101 4742 illo

455 4777 740 4846 tempore,
788 4789 924 4829 cum
972 4772 1188 4829 fuerint
1239 4790 1445 4831 omnes
1488 4791 1623 4848 spes
1669 4775 2010 4831 Judaaorum
2040 4776 2102 4832 in

453 4861 786 4919 Chaldteam
817 4861 1135 4928 translatm,
1167 4865 1330 4918 tanta
1357 4863 1468 4920 erit
1498 4863 1752 4920 solitudo
1801 4867 1967 4920 terrae
1995 4865 2101 4922 Ju-

455 4953 562 5022 daz,
592 4955 652 5008 et
685 4955 804 5008 tam
835 4949 1195 5006 incredibilis
1224 4951 1486 5018 vastitas,
1521 4956 1588 5007 ut
1617 4970 1986 5027 nequaquam
2017 4971 2103 5010 ar-

456 5043 654 5096 menta
684 5039 861 5095 boum
893 5036 1166 5106 habeant,
1214 5054 1402 5110 neque
1451 5055 1656 5112 greges
1706 5041 1901 5096 ovium
1949 5041 2105 5098 sicut

457 5127 620 5200 prius
653 5127 867 5183 habere
897 5127 1446 5194 consueverant,sed
1477 5127 1571 5182 vix
1609 5145 1778 5183 rarus
1810 5129 2104 5186 habitator

457 5223 636 5272 unam
666 5232 902 5272 vaccam
949 5213 1171 5270 nntrire
1201 5214 1390 5287 possit
1417 5219 1476 5271 et
1505 5216 1652 5271 duas
1683 5233 1836 5286 oves,
1871 5234 1984 5273 non
2033 5219 2105 5275 ad

457 5305 874 5372 arandum,sed
901 5305 975 5360 ad
1005 5303 1202 5361 cibum
1233 5308 1408 5376 atque
1437 5303 1712 5360 vestitum
1734 5303 1900 5361 lactis
1921 5311 1978 5362 et
1997 5307 2108 5363 vel-

459 5391 618 5448 leris.
654 5393 893 5465 Propter
923 5393 1178 5466 inopiam
1206 5391 1506 5460 frumenti,
1555 5397 1614 5450 et
1661 5393 1928 5449 omnium
1976 5413 2105 5468 qua:

461 5483 614 5535 terra
640 5480 830 5553 gignit
875 5481 947 5536 ad
998 5482 1445 5548 comedendum,
1486 5481 1636 5537 lacte
1692 5486 1749 5538 et
1797 5484 2004 5556 butyro
2049 5489 2107 5541 et

463 5568 673 5640 agresti
707 5567 878 5626 melle
907 5574 1232 5626 vescentur.
1256 5571 1538 5644 Quodque
1569 5571 1793 5645 ait,pra:
1841 5572 2105 5631 ubertate

2197 3269 2255 3322 et
2283 3267 2437 3337 quod
2462 3265 2538 3322 sit
2557 3265 2889 3322 mirabilius
2908 3265 3186 3323 humanis
3208 3267 3402 3324 verbis
3423 3269 3846 3344 exprimi,stylo

2198 3371 2314 3426 quo
2343 3353 2614 3412 homines
2644 3353 2896 3411 scribere
2925 3361 3305 3424 consuerunt,
3337 3356 3442 3413 Dei
3481 3362 3847 3415 sacramenta

2198 3442 2830 3516 comprehendat.Quid
2862 3447 3060 3500 autem
3091 3448 3181 3501 est
3208 3444 3354 3501 illud
3387 3447 3546 3520 quod
3579 3447 3852 3504 scribitur

2199 3532 2458 3588 humano
2490 3532 2679 3606 stylo‘?
2709 3533 2942 3590 Scilicet
2967 3537 3033 3589 ut
3051 3551 3197 3606 puer
3225 3539 3400 3592 natus
3420 3535 3703 3594 velociter
3721 3553 3850 3610 spo-

2199 3620 2280 3676 lia
2331 3621 2620 3690 detrahat,
2671 3625 2729 3678 et
2776 3622 2890 3679 cito
2938 3623 3252 3695 pradetur,
3286 3623 3397 3680 hoc
3439 3629 3552 3694 est,
3587 3643 3664 3682 ne
3707 3626 3853 3682 ultra

2200 3711 2456 3783 patiatur
2485 3726 2732 3783 regnum
2759 3710 2976 3768 diaboli
3006 3712 3322 3781 dominari,
3357 3730 3463 3770 nec
3513 3714 3717 3770 mittat
3751 3733 3851 3770 an-

2199 3799 2382 3873 gelos,
2416 3815 2522 3855 nec
2550 3799 2884 3872 prophetas,
2935 3801 3038 3858 sed
3083 3801 3156 3856 ad
3206 3801 3519 3859 salvandas
3556 3807 3854 3860 creaturas

2202 3905 2340 3944 suas
2371 3886 2496 3959 ipse
2524 3888 2860 3945 descendat.
2885 3889 3046 3945 Facit
3073 3905 3210 3963 ergo
3240 3890 3532 3964 Propheta
3552 3893 3714 3966 quod
3729 3894 3850 3964 jus-

2201 3993 2336 4034 sum
2365 3979 2476 4044 est,
2495 3979 2556 4033 et
2583 3977 2825 4034 adhibet
2852 3977 2966 4034 sibi
2991 3981 3172 4035 testes
3201 3979 3637 4038 ﬁdeles.Uriam
3667 3998 3852 4038 sacer-

2202 4065 2530 4138 dotem,qui
2561 4064 2709 4139 legis
2741 4066 2944 4122 doctor
2972 4066 3318 4134 est,dicente
3349 4067 3647 4126 Malachia
3679 4087 3730 4126 :«
3756 4070 3851 4126 La-

2203 4154 2302 4211 bia
2330 4154 2652 4211 sacerdotis
2683 4154 3024 4212 custodiunt
3040 4155 3434 4224 scientiam,et
3463 4156 3657 4231 legem
3679 4157 3856 4231 requi-

2203 4248 2342 4300 runt
2370 4259 2440 4299 ex
2466 4261 2564 4300 ore
2595 4243 2724 4316 ejus
2754 4243 3006 4314 (Malach.
3030 4247 3154 4314 11),»
3177 4244 3319 4318 quia
3349 4244 3600 4318 angelus
3629 4245 3854 4304 Domini

2203 4331 2563 4388 exercituum
2605 4335 2714 4398 est,
2787 4336 2844 4388 et
2896 4331 3236 4390 Zachariam
3289 4331 3481 4390 filium
3540 4333 3851 4400 Barachiaa,

2204 4437 2380 4493 quem
2409 4420 2753 4493 prophetam
2782 4421 2964 4476 fuisse
2996 4439 3114 4478 non
3145 4421 3391 4478 dubium
3435 4427 3548 4480 est.
3584 4423 3852 4498 Legimus

2206 4509 2296 4580 (IV
2322 4511 2447 4580 Reg.
2479 4508 2596 4580 xvx)
2629 4509 2784 4581 quod
2821 4513 3100 4583 regnante
3146 4511 3339 4568 Achaz
3386 4513 3664 4570 sacerdos
3711 4529 3848 4586 prae-

2207 4597 2317 4653 fuit
2344 4596 2564 4670 templo
2595 4596 2846 4664 Domini,
2878 4597 2971 4654 cui
3001 4600 3276 4672 praecepit
3323 4599 3518 4657 Acha:
3564 4606 3632 4658 ut
3674 4601 3851 4658 altare

2208 4683 2399 4743 simile
2427 4684 2596 4741 altari
2624 4685 2898 4743 Damasci
2928 4687 3177 4756 faceret;
3209 4693 3268 4745 et
3307 4687 3543 4745 Dierum
3593 4688 3742 4746 liber
3769 4686 3852 4760 (IV

2207 4777 2335 4847 Reg.
2366 4774 2526 4848 xvm)
2557 4778 2777 4844 narrat,
2801 4776 2958 4846 quod
2985 4776 3262 4834 Ezechias
3293 4776 3451 4834 ﬁlius
3475 4777 3668 4834 Acha:
3699 4791 3851 4850 qus-

2210 4864 2388 4921 sierat
2412 4862 2728 4919 Dominum
2777 4863 2839 4918 in
2885 4863 3094 4921 diebus
3139 4865 3451 4935 Zacharias,
3482 4865 3749 4922 eruditus
3794 4862 3851 4918 in

2209 4953 2420 5009 timore
2448 4951 2572 5008 Dei.
2604 4949 2878 5007 Exhibuit
2908 4955 3108 5008 autem
3139 4971 3202 5010 se
3235 4952 3415 5010 Isaias
3446 4954 3691 5029 dignum
3723 4949 3851 5024 Spi-

2212 5043 2328 5098 ritu
2383 5045 2586 5098 sancto
2636 5040 2982 5114 prophetali,
3035 5046 3095 5098 et
3150 5042 3402 5114 praebuit
3457 5041 3848 5116 prophetissa),

2203 5131 2269 5198 id
2301 5135 2414 5202 est,
2441 5129 2684 5203 Spiritui
2741 5133 2966 5198 sancto,
3018 5131 3118 5203 qui
3167 5149 3439 5189 sermone
3485 5132 3848 5188 Hmhreovo-

2215 5223 2383 5276 catur
2411 5235 2622 5291 genere
2651 5217 2932 5274 feminino
2964 5219 3134 5286 ruha,
3159 5220 3332 5293 juxta
3359 5219 3507 5278 illud
3539 5220 3688 5294 quod
3711 5215 3848 5274 scri-

2215 5312 2381 5381 ptum
2413 5312 2504 5364 est
2537 5324 2582 5364 :«
2609 5307 2875 5364 Accedite
2904 5309 2977 5364 ad
3009 5325 3145 5366 eum
3177 5313 3235 5366 et
3263 5303 3843 5378 illuminaminia’ml.

2213 5401 2474 5466 xxxm).»
2505 5396 2726 5469 Spiritu
2758 5395 2954 5468 itaque
2983 5402 3192 5456 sancto
3218 5404 3535 5474 conceptus
3554 5403 3640 5456 est
3663 5391 3844 5453 Domi-

2215 5505 2328 5542 nus
2357 5486 2614 5551 Jesus,et
2641 5485 2779 5541 licet
2808 5483 3108 5544 humanus
3139 5505 3333 5545 sermo
3364 5487 3676 5545 nativitatis
3715 5483 3841 5554 ejus

2214 5579 2466 5648 nequeat
2495 5574 2782 5649 explicare
2814 5577 3111 5649 mysteria,
3135 5582 3332 5636 tamen
3363 5577 3590 5636 Gabriel
3611 5573 3714 5648 ipsi
3737 5569 3840 5625 vix»
