4048 6190
160 283 271 347 765

1226 280 1628 345 COMMENT.
1678 283 1756 343 IN
1800 279 2091 343 ISAIAM.
2128 318 2205 327 —
2240 284 2388 348 LIB.
2434 287 2511 347 ll.

3468 297 3587 361 766

155 415 277 492 gini
314 414 585 489 loquitur
615 431 741 488 quae
774 414 1038 488 concepit
1070 432 1082 470 :
1114 436 1137 465 α
1171 415 1422 489 Spiritus
1455 420 1697 473 sanctus
1728 435 1822 475 su-
1848 413 1905 480 Α
1936 413 2169 473 infinita
2189 417 2822 494 multitudine,operuit
2843 425 3058 482 terram
3089 427 3458 499 Emmanuel,
3483 430 3593 490 hoc

160 506 472 581 perveniet
501 506 562 562 in
593 510 671 572 te,
694 508 752 561 et
772 506 958 562 virtus
978 505 1262 562 Altissimi
1295 507 1672 564 obumbrahit
1700 508 1832 572 tibi,

158 599 484 670 Propterea
514 596 671 668 quod
705 599 982 651 nascetur
1009 612 1077 650 ex
1116 599 1175 651 te
1213 600 1505 664 sanctum,
1530 599 1837 654 vocabitur

158 687 327 744 filius
381 686 686 754 Dei.(Luc.
711 687 773 753 1).
801 707 829 733 »
854 686 1182 755 Antequam
1233 685 1562 741 humanum
1617 704 1831 761 corpus

158 779 502 835 assumeret
534 775 712 844 Deus,
736 779 794 831 et
816 776 988 847 juxta
1017 774 1325 830 infantiam
1354 779 1578 848 patrem
1601 783 1833 834 vocaret

159 867 378 933 Deum,
399 869 461 921 et
482 868 732 920 matrem
755 880 924 919 suam
949 863 1216 932 Mariam,
1237 864 1531 921 auferetur
1551 865 1828 923 fortitudo

161 952 467 1019 Damasci,
494 957 553 1008 et
570 952 760 1025 spolia
780 952 1055 1008 Samaria:
1080 970 1184 1025 per
1203 970 1397 1026 regem
1422 955 1785 1028 Assyriorum
1814 973 1826 1011 :

162 1048 231 1100 ut
254 1044 518 1099 necdum
548 1045 722 1098 natus
743 1040 1053 1109 Dominus,
1075 1042 1360 1114 populum
1392 1062 1567 1100 suum
1590 1045 1832 1102 domum

162 1132 352 1191 David
380 1131 509 1188 sola
536 1130 902 1187 invocatione
934 1130 1389 1189 salvaret.Urias
1421 1137 1618 1190 autem
1652 1135 1831 1190 inter-

164 1226 443 1297 pretatur
481 1223 583 1277 tua:
632 1221 873 1289 Domini,
894 1220 1203 1276 Zacharias
1233 1237 1367 1277 vero
1409 1226 1672 1280 memoria
1725 1226 1831 1280 Do-

165 1313 340 1376 mini,
376 1315 435 1367 et
464 1310 780 1368 Barachias
808 1309 1102 1366 benedictio
1138 1311 1377 1367 Domini.
1410 1312 1634 1377 Quibus
1665 1314 1833 1369 testi-

166 1402 287 1458 bus
309 1399 531 1457 Christi
559 1399 832 1455 nativitas
854 1399 1288 1471 comprobatur.
1306 1401 1433 1472 Ipse
1454 1401 1608 1457 enim
1632 1403 1832 1458 Domi-

166 1508 285 1547 nus
319 1489 381 1544 in
413 1488 731 1561 Evangelio
765 1489 915 1560 (Luc.
948 1489 1099 1561 xxxv)
1130 1489 1362 1545 duobus
1391 1492 1670 1548 euntibus
1698 1494 1834 1548 Em-

167 1596 371 1645 maus,
397 1575 685 1649 incipiens
711 1595 747 1633 a
765 1577 924 1632 Mose
947 1581 1003 1633 et
1033 1577 1333 1649 prophetis
1357 1578 1652 1647 disseruit,
1677 1583 1831 1655 quod

169 1669 243 1725 de
274 1685 340 1723 se
370 1666 573 1723 omnia
609 1666 1083 1739 prophetassent.
1116 1666 1295 1723 Juxta
1331 1669 1740 1742 tropologiam,
1772 1670 1833 1727 in

168 1756 377 1814 anima
400 1754 701 1828 virginali,
727 1758 784 1810 et
806 1753 969 1810 nulla
985 1755 1153 1810 sorde
1184 1756 1499 1828 maculata,
1521 1759 1592 1813 de
1615 1758 1832 1831 Spiritu

169 1848 381 1903 sancto
403 1847 723 1916 conceptus
749 1842 846 1899 Dei
869 1860 1082 1910 sermo,
1105 1842 1377 1900 velociter
1396 1847 1467 1901 de
1488 1848 1837 1906 adversariis

170 1932 574 2008 potestatibus
617 1930 805 2004 spolia
833 1931 1109 1998 detrahit,
1141 1935 1198 1987 et
1235 1931 1348 1988 sibi
1392 1934 1529 1990 facit
1566 1935 1838 1993 universa

172 2022 416 2081 servire.
441 2021 707 2093 Cumque
745 2038 814 2076 ex
855 2024 1019 2093 parte
1059 2038 1215 2077 nunc
1243 2021 1456 2091 videat,
1489 2027 1547 2079 et
1575 2042 1644 2080 ex
1674 2030 1838 2098 parte

177 2110 519 2185 prophetat,
541 2109 887 2183 priusquam
918 2110 1104 2181 possit
1135 2127 1262 2167 esse
1292 2112 1605 2184 perfectus,
1629 2118 1686 2170 et
1713 2132 1840 2171 me-

173 2200 290 2257 rito
318 2214 531 2256 vocare
559 2199 744 2255 Deum
796 2190 1135 2271 patrem,'et
1172 2203 1422 2257 matrem
1461 2219 1627 2258 suam
1667 2204 1835 2260 coele-

173 2292 331 2345 stem
373 2287 726 2357 Jerusalem,
754 2288 946 2344 adhuc
986 2288 1045 2342 in
1090 2288 1338 2345 infantia
1377 2289 1840 2361 positus,vincet

173 2377 590 2435 fortitudinem
612 2377 1240 2446 Damasci,doctrinam
1251 2379 1521 2437 videlicet
1539 2382 1838 2453 sapientiae

173 2465 480 2523 saecularis
507 2482 521 2522 :
548 2470 605 2522 et
625 2466 846 2522 auferet
866 2465 1053 2539 spolia
1084 2467 1378 2535 Samaria),
1394 2469 1609 2541 quibus
1639 2472 1839 2527 Eccle-

174 2556 328 2612 siam
362 2554 623 2612 haeretici
643 2555 1059 2627 spoliaverunt,
1080 2556 1515 2614 dicenteszNon
1547 2564 1636 2615 est
1669 2562 1839 2618 nobis

172 2663 316 2719 pars
352 2646 415 2701 in
448 2644 653 2711 David,
678 2661 865 2719 neque
897 2644 1204 2702 hmreditas
1234 2646 1294 2701 in
1325 2645 1445 2703 {ilio
1476 2648 1660 2719 Jesse,
1694 2667 1837 2722 prae-

172 2738 344 2791 sente
377 2733 507 2807 ipso
538 2750 672 2807 rege
698 2734 1070 2807 Assyriorum
1096 2734 1325 2791 diabolo
1353 2737 1451 2808 qui
1482 2738 1567 2794 eis
1600 2756 1715 2795 non
1746 2758 1841 2812 po-

175 2827 333 2880 terat
366 2822 656 2879 auxiliari.
689 2822 860 2879 Tales
897 2823 1053 2879 enim
1085 2822 1237 2879 filios
1278 2842 1393 2880 non
1433 2826 1627 2882 solum
1657 2829 1841 2885 Maria

172 2911 558 2986 prophetissa
581 2911 747 2985 virgo
776 2916 1074 2985 perpetua,
1101 2913 1201 2969 sed
1233 2917 1291 2969 et
1320 2918 1533 2971 sanctae
1563 2917 1839 2974 mulieres

174 3000 554 3075 patriarchas
577 3003 923 3074 generantes
953 3000 1307 3057 habuerunt.
1331 3004 1495 3069 Sara,
1519 3022 1647 3077 quae
1670 3006 1842 3063 inter-

174 3093 452 3162 pretatur
480 3105 695 3156 arma,
730 3088 788 3144 id
846 3093 954 3155 est,
987 3089 1280 3163 princeps,
1310 3095 1367 3147 et
1399 3093 1678 3161 Rebecca,
1711 3112 1838 3167 quae

180 3180 239 3234 in
269 3177 484 3251 lingua
514 3182 717 3234 nostra
746 3177 1089 3251 patientiam
1118 3183 1306 3235 sonat.

249 3291 278 3317 ‹‹
314 3266 389 3321 Et
418 3266 635 3337 adjecit
677 3265 837 3339 loqui
878 3267 1162 3323 Dominus
1201 3268 1275 3323 ad
1307 3284 1421 3337 me,
1456 3269 1657 3327 dicens
1686 3289 1698 3326 :
1734 3273 1840 3329 Pro

177 3373 245 3413 eo
266 3355 432 3428 quod
459 3354 673 3427 abjecit
693 3354 944 3429 populus
967 3356 1075 3411 iste
1095 3372 1280 3429 aquas
1302 3357 1454 3413 Siloe
1475 3376 1604 3432 qua:
1621 3362 1842 3419 vadunt

176 3461 318 3500 cum
353 3442 613 3513 silentio,
645 3446 703 3499 et
743 3444 1067 3516 assumpsit
1096 3445 1285 3517 magis
1317 3446 1496 3503 Rasin
1545 3452 1603 3504 et
1651 3449 1838 3505 tilium

175 3531 461 3588 Romeliae
487 3549 500 3587 :
525 3536 761 3605 propter
789 3533 898 3588 hoc
923 3550 1055 3588 ecce
1081 3534 1360 3589 Dominus
1387 3535 1637 3593 adducet
1664 3555 1841 3610 super

171 3639 276 3679 eos
308 3638 504 3694 aquas
532 3621 797 3677 ﬂuminis
838 3622 1015 3678 fortes
1058 3626 1117 3678 et
1154 3621 1392 3695 multas,
1426 3641 1619 3698 regem
1658 3628 1837 3701 Assy-

175 3710 407 3766 riorum
439 3712 498 3765 et
525 3725 761 3766 omnem
802 3708 1052 3783 gloriam
1092 3710 1242 3781 ejus,
1272 3715 1331 3767 et
1360 3715 1635 3770 ascendet
1663 3733 1841 3789 super

173 3815 387 3855 omnes
446 3797 602 3853 rivos
648 3797 797 3868 ejus,
832 3801 890 3853 et
922 3798 1062 3853 ﬂuet
1092 3816 1269 3871 super
1319 3800 1623 3857 universas
1679 3803 1836 3875 ripas

172 3888 327 3960 ejus,
342 3891 404 3942 et
427 3884 537 3941 ibit
556 3902 660 3957 per
677 3886 709 3942 J
715 3886 891 3942 udam
913 3886 1229 3956 inundans,
1246 3891 1304 3943 et
1325 3889 1617 3947 transiens
1650 3909 1837 3965 usque

175 3977 250 4032 ad
281 3974 510 4032 collum
533 3975 746 4032 veniet.
778 3976 849 4032 Et
876 3975 987 4032 erit
1021 3977 1281 4033 extensio
1311 3977 1536 4035 alarum
1568 3981 1695 4053 ejus
1726 3981 1834 4038 im-

171 4061 349 4135 pleas
370 4060 750 4118 latitudinem
772 4066 939 4118 terra;
970 4066 1153 4130 tme,o
1173 4065 1572 4123 Emmanuel.»
1602 4068 1837 4126 Dixerat

171 4167 361 4223 supra
391 4148 682 4222 Propheta
711 4150 1088 4208 auferendam
1110 4152 1379 4209 Damasci
1406 4155 1831 4229 fortitudinem,

168 4244 230 4296 et
259 4237 456 4312 spolia
488 4238 761 4294 Samaria;
798 4237 861 4294 in
892 4244 1207 4312 conspectu
1248 4242 1401 4314 regis
1438 4245 1833 4318 Assyriorum,

169 4332 230 4383 et
260 4327 415 4383 duos
469 4342 634 4399 reges
678 4327 914 4400 Assyrio
961 4333 1259 4402 pugnante
1290 4331 1644 4404 capiendos:
1678 4353 1833 4393 nunc

168 4414 330 4471 Deus
363 4412 629 4486 loquitur
657 4416 729 4471 ad
761 4416 1104 4489 prophetam
1136 4417 1470 4477 charactere
1497 4422 1668 4478 solito
1689 4426 1832 4480 scri-

1863 1783 1914 1851 B

1945 508 2053 572 est,
2080 506 2338 563 defendit
2358 526 2489 565 eam
2509 510 2682 577 Deus,
2699 516 2765 567 ut
2786 530 2899 569 non
2932 518 3260 587 possederit
3278 537 3407 576 eam
3428 522 3598 596 Assy-

1944 594 2087 649 rius.
2123 596 2339 653 Siloam
2373 602 2566 654 autem
2598 600 2817 657 fontem
2848 620 2977 658 esse
3008 606 3079 660 ad
3122 608 3347 664 radices
3378 594 3597 669 montis

1945 684 2105 751 Sion,
2131 702 2245 756 quo
2269 705 2382 742 non
2404 689 2652 760 jugibus
2680 691 2871 762 aquis,
2896 694 2996 748 sed
3024 693 3264 753 incertis
3286 697 3445 753 horis
3468 701 3595 756 die-

1943 772 2171 845 busque
2188 776 2514 843 ebulliat,et
2531 796 2632 851 per
2646 784 2860 836 terram
2883 799 3195 840 concavam
3214 791 3270 841 et
3285 793 3453 845 antra
3471 793 3593 847 saxi

1942 858 2244 916 durissimi
2273 880 2406 918 cum
2455 881 2667 937 magno
2700 868 2897 924 sonitu
2927 871 3139 940 veniat,
3166 874 3436 933 dubitare
3478 896 3593 935 non

1942 966 2280 1021 possumus,
2303 970 2407 1007 nos
2432 955 2754 1024 praesertim
2777 957 2877 1028 qui
2901 958 2958 1013 in
2980 960 3090 1016 hac
3111 962 3447 1022 habitamus
3468 985 3595 1040 pro-

1941 1037 2259 1094 vincia.Est
2275 1041 2429 1095 enim
2450 1045 2827 1115 scnsus,quia
2848 1048 3309 1120 populusdecem
3329 1037 3591 1112 tribuum

1942 1127 2133 1200 magis
2154 1128 2336 1184 voluit
2368 1131 2543 1186 Rasin
2577 1137 2635 1188 et
2667 1134 2785 1189 filio
2818 1136 3112 1210 Remelize,
3134 1138 3193 1195 id
3213 1145 3303 1197 est
3324 1142 3590 1201 Damasci

1941 1219 1999 1270 et
2038 1217 2312 1272 Samaria:
2370 1219 2608 1291 regibus
2663 1240 2791 1279 esse
2848 1225 3169 1296 subjectus,
3201 1247 3377 1301 quam
3426 1233 3594 1307 stirpi

1943 1304 2121 1360 David
2153 1323 2280 1378 qua:
2316 1307 2374 1362 in
2405 1324 2471 1363 eo
2502 1311 2677 1383 erepit
2704 1328 2945 1385 regnare
2966 1315 3214 1386 judicio,
3253 1318 3459 1377 faciam
3491 1304 3598 1391 (ait

1944 1394 2249 1467 Dominus)
2278 1413 2411 1452 eum
2446 1416 2817 1473 nequaquam
2849 1401 2942 1459 his
2975 1404 3213 1478 regibus
3243 1425 3371 1465 esse
3401 1412 3596 1483 subje-

1943 1486 2100 1537 ctum
2136 1501 2284 1555 quos
2317 1489 2660 1559 assumpsit,
2681 1490 2781 1544 sed
2814 1491 2935 1564 regi
2959 1494 3175 1550 servire
3202 1496 3478 1570 Assyrio:
3504 1517 3601 1556 cu-

1934 1572 2041 1644 jus
2070 1573 2330 1644 potentia
2362 1575 2503 1646 quia
2531 1578 2835 1650 occupavit
2865 1584 3078 1636 terram
3112 1584 3408 1653 Samariae,
3431 1587 3601 1644 inun-

1944 1660 2165 1716 dationi
2196 1662 2459 1719 fluminis
2500 1670 2893 1737 comparatur.
2929 1670 2997 1724 Et
3024 1671 3093 1725 fit
3135 1676 3493 1747 apostropha
3522 1679 3595 1733 ad

1943 1749 2312 1819 Emmanuel,
2345 1752 2454 1808 hoc
2486 1758 2594 1820 est,
2628 1755 2698 1810 ad
2730 1762 3077 1827 praesentem
3114 1761 3314 1827 Deum,
3349 1766 3503 1835 quod
3536 1765 3597 1821 in

1949 1842 2177 1894 tantum
2211 1858 2273 1897 se
2304 1842 2549 1898 erexerit
2568 1843 2840 1917 Assyrius
2867 1850 2933 1902 ut
2962 1848 3138 1904 etiam
3168 1853 3385 1907 terram
3410 1853 3597 1925 ipsius

1945 1928 2367 1999 Emmanuelis,
2398 1931 2507 1987 hoc
2537 1937 2625 1988 est
2642 1933 2880 2001 Judam,
2903 1941 3148 1993 conatus
3167 1938 3246 1994 sit
3274 1941 3593 2013 possidere.

1945 2016 2121 2073 Juxta
2151 2036 2447 2093 anagogen
2472 2022 2664 2078 omnis
2693 2022 3002 2081 haereticus
3034 2027 3133 2098 qui
3157 2028 3421 2099 junxerit
3442 2030 3598 2086 auxi-

1946 2106 2024 2162 lio
2054 2125 2161 2162 suo
2199 2109 2547 2181 sapientiam
2579 2112 2938 2179 saecularem,
2961 2118 3018 2170 et
3046 2114 3395 2190 Jerusalem,
3422 2118 3479 2175 id
3510 2124 3602 2177 est

1946 2195 2266 2251 Ecclesiam
2296 2196 2544 2254 voluerit
2572 2198 2942 2273 impugnare,
2972 2202 3385 2275 derelinquens
3415 2223 3600 2279 aquas

1948 2283 2101 2339 Siloe
2137 2284 2313 2341 fontis
2335 2286 2434 2358 qui
2466 2285 2888 2360 interpretatur
2914 2292 3136 2359 missus,
3159 2296 3216 2348 et
3240 2294 3339 2365 qui
3373 2294 3511 2351 salit
3541 2297 3600 2351 in

1947 2373 2126 2429 vitam
2152 2379 2428 2430 aeternam
2452 2377 2628 2445 (Joan.
2652 2379 2752 2445 ιν),
2771 2379 3036 2434 tradetur
3054 2381 3425 2453 Assyriorum
3447 2384 3604 2455 prin-

1948 2461 2082 2534 cipi.
2117 2465 2297 2528 Quem
2333 2482 2570 2520 sensum
2603 2467 2792 2537 magis
2835 2467 2892 2521 in
2934 2468 3356 2539 posterioribus
3394 2471 3602 2529 lecturi

1947 2569 2178 2620 sumus,
2204 2554 2375 2625 cujus
2406 2554 2484 2609 sit
2512 2556 2836 2611 tradendus
2864 2558 3138 2628 potestati
3165 2574 3177 2612 :
3215 2559 3353 2630 quia
3383 2559 3441 2615 in
3474 2580 3604 2634 pro-

1949 2640 2197 2695 fundum
2228 2642 2421 2697 veniet
2457 2647 2827 2715 peccatorum
2858 2642 3038 2716 (Prov.
3072 2646 3254 2717 xvm).
3285 2648 3485 2704 Tantae
3511 2655 3602 2706 est

1948 2728 2104 2786 enim
2134 2731 2477 2802 arrogantiae
2510 2735 2574 2786 ut
2605 2748 2786 2787 ausus
2835 2733 2912 2787 sit
2959 2734 3266 2790 ostendere
3314 2736 3599 2794 Salvatori

1949 2817 2217 2874 universa
2250 2836 2427 2891 regna
2456 2822 2644 2888 terrae,
2671 2824 2728 2875 et
2758 2820 2948 2877 dicere
2982 2837 2994 2875 :
3026 2841 3049 2870 α
3084 2822 3212 2878 Haec
3263 2825 3461 2881 omnia
3492 2825 3598 2882 tibi

1949 2908 2098 2963 dabo
2129 2908 2177 2963 si
2210 2910 2427 2965 cadens
2476 2909 2806 2965 adoraveris
2855 2926 2947 2966 me
2994 2910 3197 2983 (Matth.
3228 2912 3327 2984 ιν).
3357 2937 3378 2964 ο
3413 2914 3597 2970 Cona-

1948 2995 2107 3051 bitur
2134 3014 2367 3069 quoque
2395 2996 2693 3064 Judam,id
2727 3001 2818 3054 est
2840 2999 3081 3054 domum
3115 3000 3499 3059 confessionis
3518 3003 3601 3059 in-

1947 3090 2101 3159 trare
2125 3103 2138 3141 :
2162 3089 2219 3142 et
2248 3086 2450 3142 crebro
2480 3104 2585 3159 per
2607 3103 2705 3142 eos
2726 3086 2827 3159 qui
2860 3086 2920 3142 in
2952 3088 3209 3145 Ecclesia
3238 3089 3601 3165 negligentes

1951 3178 2107 3243 sunt,
2133 3192 2320 3247 usque
2351 3177 2422 3231 ad
2465 3174 2682 3232 collum
2711 3176 2921 3243 veniet,
2944 3178 3248 3235 credentes
3280 3178 3337 3234 in
3369 3178 3599 3238 Christo

1949 3264 2193 3336 cupiens
2223 3266 2507 3320 suffocare
2538 3269 2595 3319 et
2632 3266 2941 3322 extendere
2983 3265 3106 3322 alas
3155 3284 3316 3336 suas,
3350 3268 3601 3342 implens
3690 3276 3693 3279 λ

1950 3352 2283 3408 universam
2315 3353 2612 3425 regionem
2644 3353 3047 3410 Emmanuelis
3073 3371 3085 3409 :
3111 3355 3211 3411 sed
3244 3373 3359 3412 non
3390 3357 3605 3430 poterit

1948 3441 2229 3509 obtinere,
2250 3442 2391 3513 quia
2421 3442 2596 3498 habet
2623 3443 2807 3498 Judas
2836 3447 3181 3514 praesentem
3213 3445 3419 3502 Deum.

2024 3553 2045 3579 α
2076 3529 2546 3603 Congrcgamini,
2578 3530 2799 3603 populi,
2834 3535 2892 3586 et
2919 3530 3255 3601 vincemini,
3289 3537 3348 3589 et
3375 3536 3597 3605 audite,

1950 3618 2231 3675 universa:
2273 3619 2473 3693 procul
2514 3623 2698 3675 terrae.
2722 3619 3145 3674 Confortamini
3175 3625 3233 3676 et
3261 3620 3597 3690 vincemini,

1948 3708 2231 3779 accingite
2261 3726 2362 3764 vos
2393 3712 2450 3763 et
2479 3706 2812 3763 vincemini.
2838 3707 3024 3762 Finite
3047 3707 3357 3763 consilium
3389 3714 3448 3766 et
3476 3711 3596 3766 dis-

1946 3796 2254 3869 sipabitur,
2275 3795 2583 3868 loquimini
2606 3796 2845 3851 verbum
2878 3799 2934 3850 et
2964 3813 3079 3851 non
3101 3796 3221 3862 ﬁet,
3246 3796 3385 3868 quia
3406 3799 3598 3855 nobis-

1945 3902 2079 3941 cum
2114 3890 2319 3940 Deus.»
2343 3885 2467 3940 Duo
2491 3901 2628 3956 ergo
2654 3884 2852 3956 populi
2877 3884 3155 3940 Samaria:
3185 3889 3244 3941 et
3273 3886 3472 3958 Syriae,
3504 3887 3592 3943 in-

1944 3975 2146 4029 firmos
2174 3990 2275 4029 vos
2305 3976 2362 4027 et
2390 3971 2611 4028 debiles
2640 3990 2768 4028 esse
2789 3972 3139 4045 cognoscite,
3164 3976 3220 4029 et
3247 3974 3591 4032 Emmanuel

1943 4065 2225 4135 praesente
2256 4060 2401 4116 nihil
2432 4078 2605 4134 posse
2652 4063 2854 4116 contra
2894 4060 3219 4118 Jerusalem
3241 4063 3446 4119 urbem
3477 4064 3594 4121 Do-

1944 4151 2086 4207 mini
2123 4168 2135 4205 :
2173 4154 2229 4207 et
2256 4152 2365 4207 hoc
2397 4167 2513 4205 non
2577 4150 2768 4206 solum
2799 4167 2902 4206 vos
2933 4149 3035 4223 qui
3087 4149 3263 4207 vicini
3294 4151 3458 4223 estis,
3492 4155 3594 4210 sed

1943 4241 2146 4314 procul
2192 4244 2345 4297 terra
2374 4244 2707 4313 cognoscat.
2742 4239 3018 4308 Quamvis
3071 4240 3229 4296 enim
3277 4243 3594 4300 exercitum

1943 4331 2310 4405 congregetis
2343 4334 2400 4386 et
2425 4329 2746 4403 accingatis
2772 4346 2877 4385 vos
2906 4328 2977 4385 ad
3010 4328 3298 4402 praelium,
3320 4335 3379 4387 et
3407 4334 3597 4406 major

1942 4422 2020 4479 sit
2039 4437 2320 4476 numerus
2341 4418 2736 4476 obsidentium
2760 4435 2936 4491 quam
2960 4418 3335 4474 obsessorum
3357 4434 3370 4474 :
3397 4423 3592 4478 tamen

170 4507 514 4576 pturarum,
540 4519 644 4574 per
665 4503 1110 4561 translationem
1132 4506 1285 4563 Siloe
1308 4509 1486 4566 fontis
1506 4510 1833 4573 Jerusalem
1862 4519 1915 4590 D
1945 4528 2060 4566 non
2092 4507 2294 4575 semel,
2328 4508 2429 4565 sed
2487 4507 2698 4563 iterum
2729 4507 2920 4562 dicam
2962 4505 3298 4573 vincemini,
3319 4511 3377 4561 et
3408 4509 3590 4579 quod-

168 4596 231 4648 et
260 4590 489 4664 Assyrii
522 4592 783 4649 fluminis
808 4593 1239 4665 violentissimi,
1265 4599 1421 4669 quod
1453 4616 1686 4657 omnem
1716 4608 1831 4661 ter-

1942 4616 2174 4671 cunque
2195 4602 2396 4653 contra
2422 4595 2747 4653 Jerusalem
2780 4594 3031 4650 inieritis
3061 4594 3393 4665 consilium,
3418 4595 3590 4653 dissi-

168 4697 300 4736 ram
327 4679 510 4736 Israel
535 4680 661 4736 suis
684 4682 929 4738 mundet
958 4684 1150 4756 aquis,
1170 4683 1650 4761 ingrediaturque
1672 4692 1831 4765 ripas
1940 4687 2195 4762 pabitur.
2218 4688 2537 4743 Possumus
2561 4699 2815 4755 namque
2832 4682 3013 4739 ethoc
3035 4683 3372 4739 testimonio
3391 4688 3592 4741 contra

168 4766 645 4840 alvei,tantoque
675 4769 895 4826 feratur
922 4770 1166 4844 impetu,
1190 4777 1255 4828 ut
1284 4779 1595 4847 postquam
1628 4780 1830 4838 decem

164 4855 438 4912 tribuum
463 4858 833 4930 occupaverit
863 4863 1099 4926 terram,
1122 4862 1193 4917 ad
1216 4862 1248 4918 J
1256 4863 1431 4919 udam
1455 4867 1753 4936 perveniat
1775 4874 1832 4925 et

170 4944 477 5001 transiens
506 4946 581 5001 ad
612 4946 825 5003 collum
852 4966 1037 5021 usque
1058 4951 1351 5025 pertingat
1372 4969 1385 5008 :
1405 4971 1509 5026 per
1529 4973 1655 5027 qua:
1684 4957 1827 5014 vici-

167 5050 311 5089 nam
345 5033 745 5106 captivitatem
778 5036 1230 5110 signiticat.Non
1263 5041 1420 5096 enim
1454 5046 1593 5099 tunc
1621 5050 1828 5119 captus

166 5125 263 5178 est
281 5122 495 5189 Judas,
511 5124 614 5178 sed
639 5125 866 5181 cunctis
882 5127 1130 5182 duarum
1153 5127 1413 5184 tribuum
1434 5132 1680 5189 urbibus
1702 5136 1835 5191 sub-

156 5209 397 5284 jugatis
422 5210 552 5268 sola
576 5214 856 5269 remansit
875 5215 1355 5289 Jerusalem,quze
1379 5219 1705 5278 incredibili
1730 5225 1835 5281 Do-

167 5299 321 5355 mini
347 5300 755 5359 misericordia
774 5303 1022 5360 liberata
1036 5309 1144 5361 est.
1161 5307 1484 5364 Potentiam
1508 5327 1644 5384 ergo
1662 5314 1835 5387 Assy-

166 5388 240 5444 rii
268 5393 326 5445 et
350 5389 807 5448 innumerabilis
828 5394 957 5465 ejus
977 5394 1474 5469 exercitus,quam
1508 5401 1617 5456 sub
1650 5418 1828 5474 aqua-

163 5494 315 5549 qum
349 5477 739 5535 inundatione
764 5481 1153 5554 descripserat
1178 5501 1189 5538 ε
1217 5503 1373 5541 nunc
1403 5504 1505 5558 per
1533 5488 1709 5545 aliam
1730 5509 1827 5548 os-

160 5566 364 5623 tendit
385 5566 1017 5641 translationem,quod
1037 5571 1145 5628 alis
1166 5574 1370 5643 suis,id
1395 5579 1484 5631 est
1505 5576 1754 5635 ducibus
1773 5586 1829 5638 et

1938 4781 2143 4851 gentes
2173 4774 2335 4832 abuti
2367 4774 2425 4828 in
2457 4771 2881 4844 persecutionis
2908 4774 3360 4846 tempore,quod
3381 4791 3590 4846 quam-

1936 4866 2024 4922 vis
2055 4866 2231 4921 fortes
2261 4880 2389 4920 esse
2416 4861 2725 4917 videantur
2763 4860 2821 4916 in
2863 4859 2955 4916 his
2986 4861 3084 4934 qui
3120 4860 3271 4935 lapsi
3312 4868 3472 4931 sunt,
3505 4868 3589 4918 ta-

1938 4972 2072 5010 men
2104 4954 2416 5008 vincuntur
2443 4951 2503 5006 in
2535 4950 2630 5006 his
2650 4950 2751 5024 qui
2780 4968 2884 5023 pro
2903 4950 3134 5008 Christo
3164 4951 3424 5007 fuderint
3452 4968 3586 5006 san-

1936 5042 2174 5118 guinem
2200 5059 2213 5097 :
2237 5058 2303 5097 eo
2326 5041 2480 5114 quod
2511 5045 2644 5114 post
2664 5040 2817 5097 bella
2846 5057 2956 5113 pax
2996 5041 3273 5096 reddatur
3292 5039 3585 5107 Ecclesiis,

1942 5137 1999 5190 et
2018 5132 2287 5188 universa
2306 5148 2509 5187 eorum
2532 5128 2775 5186 consilia
2792 5134 2993 5185 contra
3013 5128 3453 5186 Emmanuelem
3476 5130 3591 5186 dis-

1942 5221 2228 5295 sipentur,
2262 5220 2402 5293 quia
2430 5218 2741 5276 nobiseum
2774 5223 2866 5274 est
2908 5219 3082 5276 Deus.
3117 5217 3590 5275 Contradicentes

1941 5328 2174 5387 quoque
2203 5308 2432 5366 veritati
2464 5308 2687 5365 utiliter
2720 5306 2977 5373 audient,
2999 5312 3066 5363 ut
3095 5308 3333 5363 tandem
3367 5308 3591 5364 ratione

1939 5404 2309 5475 superentur,
2335 5403 2393 5453 et
2422 5414 2795 5469 nequaquam
2825 5396 3006 5452 velint
3037 5397 3094 5451 in
3128 5397 3434 5454 mendacio
3466 5397 3587 5454 vin-

1938 5510 2066 5550 cere
2092 5509 2105 5546 :
2130 5488 2269 5563 quia
2299 5488 2691 5560 quodcunque
2723 5486 2995 5553 dixerint,
3020 5504 3322 5559 nunquam
3355 5505 3590 5560 perver-

1938 5583 2083 5641 sitas
2114 5579 2235 5636 ulla
2264 5576 2449 5651 possit
2478 5593 2755 5650 superare
2785 5576 2938 5651 quod
2972 5581 3197 5634 rectum
3228 5583 3337 5636 est.
