4048 6190
441 315 558 380 767

805 318 1214 382 HAYMONIS
1258 315 1798 379 HALBERSTAT.
1851 315 2094 378 EPISC.
2141 269 2313 379 OI’P.
2363 318 2564 382 PARS
2610 319 2656 382 Ι.
2691 353 2768 365 -
2812 319 3222 384 COMMENT.
3267 322 3470 386 BlBL.

3705 269 3826 388 7‘6.

517 483 546 512 «
570 459 698 514 [Iazc
721 454 875 513 enim
897 453 979 511 ait
998 449 1282 509 Dominus
1301 450 1371 505 ad
1395 467 1521 505 me:
1545 449 1710 505 Sicut
1729 449 1788 505 in
1810 449 1946 505 forti
1970 466 2086 506 ma-
2113 449 2167 516 Α
2197 467 2324 508 esse
2335 453 3100 527 venturum,quiabscondit
3116 455 3322 512 faciem
3339 457 3830 514 suamadomoJa-

445 567 525 604 nu
556 545 805 604 erudivit
827 559 940 608 me,
965 557 1036 598 ne
1063 540 1208 595 irem
1229 538 1286 594 in
1308 537 1403 595 via
1425 537 1622 612 populi
1645 538 1825 611 hujus
1847 539 2047 594 dicens
2071 555 2088 595 :

445 637 525 692 Ns
575 633 804 700 dicatis,
865 628 1212 702 conjuratio.
1245 627 1456 684 Omnia
1511 627 1667 682 enim
1727 645 2088 700 quaecunque

442 723 700 796 loquitur
746 719 1000 794 populus
1030 719 1162 786 iste,
1197 717 1522 789 eonjuratio
1565 720 1672 772 est.
1707 717 1778 772 Et
1814 733 2082 789 pavorem

437 812 566 884 ejus
597 828 669 866 ne
699 807 976 872 timeatis,
1010 823 1199 880 neque
1230 805 1510 879 paveatis.
1536 805 1850 862 Dominum
1871 804 2084 860 excrci-

436 904 603 956 tuum
637 900 830 972 ipsum
863 897 1247 961 sanctificate,
1277 895 1401 967 ipse
1432 911 1610 967 pavor
1638 899 1847 958 vester,
1873 897 1931 949 et
1963 894 2087 966 ipse

435 994 622 1046 terror
647 992 858 1045 vester.
882 988 952 1042 Et
993 985 1104 1042 erit
1143 983 1307 1040 vobis
1351 985 1409 1039 in
1443 983 1991 1054 sanetiﬁcationem,
2025 984 2084 1039 in

433 1080 690 1151 lapidem
749 1082 944 1134 autem
1002 1073 1339 1130 olfensionis
1367 1077 1424 1128 et
1453 1073 1511 1126 in
1542 1076 1764 1144 petram
1823 1072 2085 1128 scandali

434 1170 668 1226 duabus
699 1166 976 1222 domibus
1021 1162 1220 1228 Israel,
1252 1163 1312 1216 in
1349 1161 1625 1232 laqueum
1668 1164 1726 1216 et
1760 1160 1816 1214 in
1853 1160 2084 1216 ruinam

433 1258 714 1315 omnibus
753 1252 1160 1326 habitantibus
1205 1251 1546 1308 Jerusalem.
1585 1251 1653 1304 Et
1683 1249 1979 1305 offendent
2016 1267 2086 1305 ex

434 1349 520 1405 eis
551 1345 814 1420 plurimi,
838 1348 898 1400 et
925 1343 1134 1398 cadent
1173 1344 1232 1396 et
1261 1342 1634 1396 conterentur
1661 1340 1719 1392 et
1749 1337 2085 1393 irretientur

432 1440 491 1492 et
521 1435 878 1508 capientur.»
906 1433 1034 1488 Haec
1065 1431 1137 1486 ad
1173 1447 1264 1484 me
1295 1429 1526 1484 locutus
1546 1431 1635 1483 est
1655 1427 1956 1493 Dominus,
1980 1427 2080 1500 qui

433 1529 670 1599 propter
699 1524 851 1578 bona
871 1537 1046 1593 opera
1065 1523 1122 1573 et
1141 1517 1388 1591 gratiam
1412 1532 1587 1588 quam
1612 1533 1716 1588 per
1735 1515 1888 1571 bona
1907 1532 2084 1587 opera

432 1615 783 1670 consecutus
815 1625 970 1673 sum,
1005 1607 1136 1664 forti
1168 1623 1348 1662 manu
1381 1604 1636 1660 erudivit
1664 1619 1796 1660 me:
1827 1607 1886 1660 et
1911 1603 2080 1660 insti-

429 1702 544 1759 tuit
573 1717 645 1756 ne
675 1698 1039 1755 ambularem
1071 1697 1130 1750 in
1161 1694 1254 1750 via
1283 1693 1480 1766 populi
1515 1692 1716 1765 hujus,
1745 1697 1803 1748 et
1841 1693 1964 1766 pari
1995 1696 2079 1749 te-

2197 541 2324 606 cob,
2347 541 2458 598 hoc
2479 545 2587 608 est,
2613 561 2647 598 a
2665 543 2885 599 Judaeis
2907 543 3046 616 quia
3065 561 3200 600 eum
3227 545 3478 620 recipere
3504 545 3826 603 noluerunt.

2267 653 2296 679 ‹‹
2329 631 2472 687 Ecce
2501 648 2608 705 ego
2638 635 2696 688 et
2727 633 2890 705 pueri
2923 649 3072 706 quos
3104 633 3248 689 mihi
3280 634 3438 692 dedit
3466 635 3741 693 Dominus
3771 636 3827 692 in

2197 719 2367 791 signa
2395 724 2570 792 atque
2590 726 2859 794 portenta
2879 721 3112 778 Israelis
3139 740 3174 778 a
3193 723 3438 780 Domino
3459 725 3827 792 exercituum,

2195 807 2296 880 qui
2328 809 2556 866 habitat
2585 811 2642 866 in
2674 815 2871 868 monte
2891 811 3085 868 Sion.-
3115 811 3389 884 Praecepit
3419 812 3563 868 mihi
3585 812 3702 885 (ait)
3721 815 3827 870 Do-

2196 899 2414 966 minus,
2440 903 2506 954 ut
2536 898 2776 972 ligarem
2807 900 3213 957 testimonium
3234 902 3294 955 in
3315 901 3552 972 Judzeis,
3567 907 3623 957 et
3652 902 3829 976 legem

2195 986 2502 1059 discipulis
2518 990 2646 1056 ejus
2663 991 2950 1044 traderem
2969 995 3146 1062 atque
3163 990 3583 1063 signarem,qui
3603 991 3830 1047 abscon-

2195 1073 2280 1128 dit
2299 1073 2502 1130 faciem
2521 1092 2689 1130 suam
2709 1077 3116 1133 adomoJacob
3133 1093 3146 1130 :
3162 1076 3293 1134 ideo
3311 1077 3686 1150 praestolabor
3698 1096 3825 1134 eum

2193 1167 2251 1218 et
2279 1164 2626 1235 exspectabo
2652 1165 2966 1221 Dominum
2998 1183 3219 1222 meum.
3244 1167 3312 1222 Et
3341 1183 3457 1222 non
3487 1167 3678 1223 solum
3704 1185 3827 1240 ego,

2194 1251 2294 1306 sed
2317 1255 2373 1307 et
2391 1252 2556 1323 pueri
2579 1252 2690 1309 mei
2715 1271 2861 1326 quos
2883 1254 3023 1310 mihi
3050 1255 3211 1310 dedit
3229 1254 3535 1325 Dominus,
3557 1254 3652 1312 alii
3675 1257 3830 1312 scili-

2192 1343 2284 1395 cet
2308 1341 2602 1414 prophetaa
2624 1342 2728 1398 filii
2760 1342 3177 1416 prophetarum
3205 1361 3252 1398 ε·
3277 1344 3378 1416 qui
3405 1362 3517 1400 non
3548 1363 3616 1401 ex
3633 1346 3830 1402 volun-

2192 1431 2307 1485 tate
2330 1429 2522 1487 carnis
2553 1435 2611 1487 et
2639 1431 2965 1505 sanguinis,
2993 1433 3094 1488 sed
3123 1449 3194 1488 ex
3221 1433 3338 1489 Deo
3367 1434 3488 1488 nati
3519 1439 3678 1490 sunt.
3707 1459 3727 1484 ι
3753 1435 3832 1492 De

2191 1515 2408 1589 quibus
2437 1523 2495 1574 et
2523 1519 2838 1593 Apostolus
2867 1520 3252 1593 loquebatur:
3274 1544 3294 1571 ι
3325 1520 3512 1578 Filioli
3544 1523 3658 1578 mei
3688 1539 3831 1596 quos

2191 1605 2402 1662 iterum
2435 1607 2714 1680 parturio,
2739 1610 2922 1664 donec
2964 1609 3248 1665 formetur
3278 1609 3544 1667 Christus
3582 1611 3645 1668 in
3668 1613 3832 1670 'vobis

2189 1696 2366 1762 (Joan.
2388 1713 2426 1764 1,
2449 1697 2724 1766 Gal.1v).n
2749 1697 2851 1754 Isti
2872 1701 3066 1754 autem
3098 1699 3285 1770 pueri,
3309 1698 3368 1754 id
3399 1704 3489 1756 est
3515 1699 3828 1773 propheta},

429 1807 598 1847 nerer
619 1804 844 1846 errore:
863 1787 952 1843 vel
974 1789 1148 1852 ceste,
1164 1783 1302 1839 fecit
1320 1799 1414 1838 me
1431 1783 1697 1884 recedere
1719 1783 1859 1838 avia
1879 1780 2077 1855 populi
2107 1819 2162 1884 Β
2189 1782 2247 1838 in
2281 1783 2450 1858 signa
2479 1786 2600 1842 dati
2633 1792 2774 1843 sunt
2795 1791 2853 1842 et
2881 1787 2940 1842 in
2972 1791 3242 1860 portenta
3264 1787 3482 1856 Israeli,
3499 1789 3676 1861 juxta
3693 1789 3828 1848 illud

426 1881 609 1952 hujus
637 1879 914 1954 pessima,
939 1881 998 1932 et
1023 1875 1168 1930 dixit
1199 1873 1343 1929 mihi
1379 1890 1392 1927 ε
1425 1871 1552 1928 Noli
1585 1871 1838 1928 duorum
1871 1888 2076 1944 regum
2107 1871 2156 1884 “’
2185 1875 2342 1945 quod
2386 1875 2444 1930 in
2475 1875 2772 1933 Ezechiele
2816 1876 3068 1952 legimus
3103 1894 3116 1932 :
3147 1899 3177 1927 ‹‹
3210 1878 3280 1932 Et
3323 1876 3436 1934 erit
3481 1877 3740 1935 Ezechiel
3773 1880 3828 1935 in

423 1971 632 2028 timere
661 1965 1126 2040 copjurationem
1158 1979 1172 2018 :
1206 1963 1305 2018 sed
1352 1963 1463 2018 hoc
1508 1959 1697 2034 magis
1749 1960 2074 2032 considera,

375 2073 378 2076 ’
426 2061 580 2136 quod
594 2075 768 2116 omne
783 2057 940 2128 quod
958 2053 1234 2126 loquatur
1248 2050 1343 2106 hic
1362 2049 1616 2124 populus
1631 2049 1939 2105 adversum
1960 2067 2075 2117 me,

425 2148 754 2224 conjuratio
785 2146 882 2203 sit.
907 2147 994 2201 Tu
1028 2147 1222 2199 autem
1255 2139 1538 2214 prepheta
1565 2143 1624 2195 et
1655 2139 1712 2194 hi
1747 2137 1848 2210 qui
1879 2143 2074 2194 tecum

425 2243 664 2308 sunt,et
681 2237 775 2292 dic
799 2252 812 2291 :
838 2235 920 2290 Ne
939 2230 1195 2290 timeatis
1226 2229 1472 2286 insidias
1503 2228 1724 2301 populi,
1748 2227 1847 2284 sed
1884 2227 2073 2283 Domi-

424 2347 568 2386 num
602 2327 824 2393 timete,
843 2327 901 2380 et
927 2323 1055 2396 ipse
1092 2319 1170 2377 sit
1209 2319 1382 2374 timor
1417 2323 1624 2374 vester.
1657 2339 1682 2370 α
1715 2316 2072 2388 Principium

423 2416 582 2474 enim
605 2411 908 2486 aapientiaa
929 2409 1108 2466 timor
1126 2407 1354 2464 Domini
1369 2408 1553 2476 (Prov.
1574 2408 1674 2474 1).»
1689 2403 1796 2471 Qui
1821 2403 1930 2460 erit
1950 2421 2073 2460 cre-

425 2503 702 2562 dentibus
723 2501 782 2556 in
804 2496 1348 2562 sanctificationem,
1362 2493 1679 2550 incredulis
1696 2497 1890 2549 autem
1916 2491 1973 2548 in
1997 2492 2076 2548 la-

423 2593 620 2668 pidem
637 2587 976 2648 offensionis
994 2591 1051 2643 et
1070 2586 1128 2642 in
1151 2589 1375 2658 petram
1397 2582 1655 2640 scandali
1676 2583 1824 2658 (Luc.
1845 2581 2073 2653 n),dua—

425 2685 538 2742 bus
568 2680 792 2740 scilicet
819 2677 1094 2736 domibus
1121 2675 1286 2732 Judae
1317 2678 1376 2731 et
1411 2671 1758 2742 Jerusalem,
1784 2672 2072 2744 praecipue

423 2777 619 2830 autem
645 2771 706 2827 in
737 2769 1015 2842 laqueum
1044 2769 1102 2823 et
1128 2764 1188 2820 in
1211 2764 1442 2820 ruinam
1473 2761 1878 2818 habitantibus
1907 2761 2072 2816 Jeru-

421 2862 628 2932 salem,
646 2859 707 2916 in
737 2873 855 2932 quo
885 2856 1214 2930 impingent
1254 2851 1493 2927 plurimi
1523 2854 1581 2907 et
1607 2851 1818 2907 cadent
1845 2851 1902 2905 et
1929 2866 2066 2906 con-

419 2954 704 3017 terentur,
724 2949 1213 3020 peccatorumque
1269 2957 1512 2998 suorum
1549 2937 1799 2994 vinculis
1856 2937 2063 2994 irretiti

420 3042 709 3103 ducentur
735 3037 796 3094 in
826 3035 1241 3108 captivitatem.
1263 3033 1345 3088 De
1369 3031 1481 3086 hoc
1509 3029 1634 3084 loco
1664 3031 1719 3084 et
1748 3025 2064 3099 Apostolus

420 3128 606 3186 sumit
622 3125 1049 3191 testimonium,
1069 3123 1224 3195 quod
1247 3119 1516 3176 Christus
1533 3117 1753 3174 Judaeis
1776 3116 1965 3172 factus
1985 3116 2063 3170 sit

418 3219 479 3275 in
500 3215 868 3282 scandalum,
881 3213 1158 3288 gentibus
1177 3212 1375 3266 autem
1397 3207 1454 3261 in
1479 3205 1791 3264 stultitiam
1810 3204 2060 3277 (100*.1).

416 3309 488 3365 Et
505 3323 741 3364 rursum
763 3321 776 3360 :
798 3302 972 3360 Israel
994 3299 1270 3356 sectando
1280 3295 1572 3368 justitiam
1585 3338 1598 3361 ,
1615 3295 1674 3350 in
1692 3293 1879 3366 legem
1891 3293 2064 3366 justi-

414 3397 508 3454 tia:
538 3413 654 3452 non
678 3391 956 3469 pervenit.
977 3388 1203 3456 Quare?
1224 3387 1371 3454 Quia
1389 3402 1504 3441 non
1527 3401 1594 3440 ex
1618 3385 1749 3446 fide,
1766 3383 1866 3438 sed
1891 3383 2062 3454 quasi

415 3501 484 3542 ex
512 3484 789 3558 operibus
817 3479 964 3554 legis
983 3481 1154 3548 (Rom.
1180 3480 1280 3545 ιχ).
1302 3475 1681 3530 Ofi‘enderunt
1710 3471 1864 3527 enim
1898 3471 1958 3526 in
1985 3471 2062 3527 la-

415 3575 610 3649 pidem
627 3569 990 3639 offensionis,
1009 3568 1164 3624 sicut
1181 3564 1468 3637 scriptum
1485 3566 1576 3618 est
1592 3579 1604 3617 :
1619 3585 1638 3610 α
1666 3562 1808 3616 Ecce
1829 3577 1980 3632 pono
2000 3559 2060 3614 in

414 3665 553 3724 Sion
583 3662 862 3736 lapidem,
893 3657 1150 3732 lapidem
1178 3653 1517 3710 offensionis
1545 3655 1602 3707 et
1633 3654 1854 3723 petram
1887 3666 2060 3704 scan-

413 3755 554 3812 dali.
586 3755 658 3810 Et
685 3751 879 3810 omnis
908 3747 1006 3823 qui
1039 3743 1350 3802 crediderit
1389 3741 1447 3797 in
1488 3758 1644 3809 eum,
1667 3757 1781 3795 non
1814 3738 2058 3794 confun-

413 3842 774 3914 detur.»(lsa.
796 3840 1017 3910 xxvm).
1037 3837 1188 3909 Ergo
1209 3833 1308 3908 qni
1335 3848 1451 3887 non
1471 3831 1814 3902 receperunt
1833 3828 2060 3882 Emma—

412 3931 668 3999 nuelem,
691 3930 794 3988 sed
827 3929 1015 3985 factus
1041 3929 1132 3981 est
1153 3924 1239 3980 eis
1268 3923 1330 3977 in
1358 3919 1614 3994 lapidem
1635 3917 1974 3973 offensionis
2003 3919 2063 3972 et

412 4023 640 4092 petram
669 4015 955 4082 scandali,
983 4016 1357 4070 conterentur
1393 4007 1720 4083 captivique
1750 4007 2055 4062 ducentur.

490 4125 514 4156 ι
530 4105 673 4175 Liga
686 4099 1482 4172 testimonium,signalegem
1498 4097 1556 4152 in
1572 4094 1876 4169 discipulis
1889 4093 2056 4167 meis;

412 4198 472 4250 et
500 4191 844 4264 exspectabo
877 4189 1186 4245 Dominum
1207 4187 1308 4259 qui
1343 4185 1650 4242 abscondit
1669 4183 1854 4240 facien
1887 4201 2054 4240 suam

413 4300 448 4338 a
475 4282 650 4338 domo
697 4279 898 4345 Jacob,
922 4281 980 4333 et
1009 4275 1384 4348 prastolabor
1429 4290 1587 4329 eum.
1611 4296 1632 4322 υ
1657 4272 1781 4328 Vox
1829 4272 2055 4328 Domini

411 4369 710 4444 loquentis
764 4368 837 4424 ad
896 4365 1264 4439 prophetam.
1297 4361 1694 4433 Quia(inquit)
1728 4361 1918 4416 factus
1969 4364 2061 4416 est

410 4459 693 4516 Dominus
709 4457 769 4514 in
786 4455 1044 4530 lapidem
1055 4449 1392 4510 offensionis
1408 4453 1467 4505 et
1480 4448 1538 4504 in
1553 4452 1777 4521 petram
1795 4447 2056 4504 scandali

2186 1961 2418 2034 signum
2444 1965 2852 2037 (Ezech.xx1v).
2881 1988 2908 2014 ››
2933 1966 2996 2021 In
3040 1965 3320 2023 Zacharia
3367 1983 3604 2040 quoque
3651 1969 3829 2024 sancti

2182 2051 2289 2106 viri
2311 2053 2847 2128 prophetarumque
2868 2054 3164 2128 discipuli,
3187 2055 3296 2110 viri
3329 2059 3733 2128 portentorum
3762 2057 3831 2112 -

2183 2156 2552 2214 gnorumque
2578 2141 2984 2216 appellantur:
3009 2159 3076 2199 eo
3098 2144 3253 2216 quod
3280 2160 3514 2216 semper
3541 2145 3828 2218 prepbete

2183 2227 2243 2282 in
2256 2229 2490 2302 signum
2503 2231 2908 2302 praecesserint
2923 2232 3047 2286 futu
3056 2232 3400 2288 rorum.Hoc
3419 2231 3656 2288 interim
3665 2234 3828 2306 juxta

2183 2316 2458 2374 litteram.
2479 2319 2760 2376 Caeterum
2783 2321 2990 2376 beatus
3012 2320 3312 2392 apostolus
3337 2321 3397 2376 in
3423 2321 3689 2394 Epistola
3707 2339 3826 2394 quae

2182 2407 2254 2462 ad
2278 2405 2547 2464 Hebraeos
2568 2407 2848 2464 scribitur
2868 2410 3036 2466 docet
3055 2409 3213 2483 (licet
3236 2408 3444 2465 Latina
3471 2411 3828 2468 consuetudo

2183 2494 2334 2550 inter
2351 2497 2664 2552 canonicas
2686 2497 3007 2570 scripturas
3033 2515 3148 2554 non
3172 2497 3415 2570 recipiat
3435 2497 3548 2554 hoc
3569 2499 3828 2554 testimo-

2181 2583 2369 2653 nium)
2384 2601 2453 2640 ex
2469 2602 2720 2657 persona
2739 2586 2949 2642 debere
2970 2586 3214 2660 intelligi
3239 2585 3474 2643 Domini
3489 2585 3793 2644 salvatoris
3811 2605 3825 2644 :

2179 2672 2321 2728 Ecce
2351 2691 2458 2746 ego
2488 2678 2547 2730 et
2574 2675 2738 2747 pueri
2788 2675 2901 2731 mei
2935 2692 3082 2748 quos
3131 2673 3277 2731 mihi
3327 2674 3494 2732 dedit
3545 2675 3826 2733 Dominus

2178 2761 2350 2818 Deus.
2377 2763 2522 2829 Quia
2550 2780 2686 2836 ergo
2716 2763 2883 2838 pueri
2925 2765 3440 2820 communicarunt
3468 2765 3746 2837 sanguini
3773 2771 3828 2822 et

2176 2850 2335 2906 carni
2357 2851 2509 2922 (Heb.
2533 2855 2618 2923 ιι),
2643 2857 2702 2909 et
2732 2853 2858 2926 ipse
2887 2852 3160 2910 similiter
3197 2853 3492 2926 particeps
3525 2855 3718 2912 factus
3744 2861 3828 2910 est

2172 2941 2509 2997 earumdem
2534 2941 2896 3012 passionum.
2916 2943 3216 3008 Quomodo
3235 2946 3434 2998 autem
3455 2941 3556 2999 isti
3580 2943 3743 3016 pueri
3763 2943 3816 2998 in

2171 3029 2408 3103 signum
2436 3030 2654 3108 fuerint
2672 3035 2847 3104 atque
2869 3035 3205 3104 portentum
3227 3030 3529 3104 sapientiae
3551 3031 3746 3088 saeculi
3766 3036 3820 3088 et

2172 3119 2457 3192 superbiae
2481 3120 2838 3191 Judaeorum,
2857 3119 3013 3176 idem
3045 3119 3349 3193 apostolus
3372 3119 3566 3188 docet,
3587 3119 3689 3193 qui
3720 3119 3819 3177 ele-

2172 3207 2328 3282 gisse
2357 3208 2500 3264 dicit
2545 3209 2859 3266 Dominum
2891 3207 3250 3266 Salvatorem
3299 3207 3486 3265 stulta
3535 3209 3742 3265 mundi
3768 3213 3820 3266 et

2171 3297 2428 3365 infirma,
2447 3301 2512 3354 ut
2533 3299 2916 3356 confunderet
2945 3299 3238 3371 sapientes
3269 3303 3327 3354 et
3355 3299 3598 3368 fortia(1
3617 3299 3740 3355 Cor.
3761 3298 3816 3368 ι).

2170 3384 2334 3441 Unde
2353 3390 2412 3442 et
2431 3386 2502 3442 ad
2526 3387 2820 3458 apostolos
2842 3387 3104 3443 Salvator
3123 3385 3316 3442 aiebat
3339 3404 3388 3442 :«
3413 3385 3540 3442 Nisi
3562 3385 3817 3443 conversi

2170 3473 2396 3531 fueritis
2416 3479 2474 3530 et
2491 3475 2828 3532 efﬁciamini
2852 3476 3006 3532 sicut
3031 3474 3277 3548 parvuli,
3301 3492 3418 3531 non
3442 3474 3745 3531 intrabitis
3765 3476 3816 3530 in

2170 3579 2414 3633 mgnum
2447 3564 2780 3620 oculorum.»
2810 3565 2960 3622 Puer
2988 3568 3183 3620 autem
3213 3563 3471 3620 efficitur
3494 3564 3630 3620 novi
3661 3581 3820 3620 evan-

2168 3650 2303 3724 gelii
2337 3651 2700 3723 praedicator,
2725 3653 2824 3725 qui
2845 3653 3084 3726 deponit
3106 3656 3361 3709 veterem
3394 3652 3702 3708 hominem
3723 3650 3818 3723 qui

2169 3740 2566 3812 corrumpitur
2585 3740 2890 3798 desideriis
2909 3742 3009 3798 sed
3019 3740 3292 3810 uctionis,
3307 3744 3365 3798 et
3383 3741 3662 3796 induitur
3682 3756 3816 3795 novo

2168 3825 2269 3898 qui
2301 3831 2613 3883 renovatur
2641 3828 2712 3884 de
2743 3826 2834 3884 die
2865 3828 2923 3882 in
2956 3827 3134 3897 diem,
3167 3831 3225 3884 et
3251 3827 3428 3899 juxta
3458 3827 3812 3903 agnitionem

2169 3915 2447 3989 imaginis
2479 3916 2756 3974 creatoris
2777 3915 2932 3990 (Eph.
2955 3921 3055 3987 Iv).
3079 3915 3352 3973 Habitare
3383 3920 3588 3972 autem
3621 3913 3811 3972 Domi-

2169 4021 2309 4059 num
2342 4004 2702 4061 exercituum
2752 4003 2812 4060 in
2869 4009 3066 4062 monte
3111 4005 3456 4072 Sion,idem
3517 4002 3812 4079 apostolus

2167 4091 2374 4150 scribit
2405 4110 2418 4148 :
2443 4118 2470 4144 ‹‹
2494 4093 2836 4150 Accessistis
2867 4095 2939 4150 ad
2971 4083 3229 4151 montem
3259 4093 3420 4164 Sion,
3445 4098 3508 4151 et
3525 4095 3809 4151 civitatem

2167 4181 2269 4237 Dei
2299 4183 2565 4250 viventis,
2587 4183 2914 4240 Jerusalem
2935 4184 3229 4242 emlestem
3254 4183 3434 4256 (Hebr.
3459 4185 3586 4259 xu).
3613 4209 3642 4236 »

2241 4293 2269 4322 ‹‹
2291 4273 2516 4328 Etcum
2537 4272 2790 4328 dixerint
2812 4273 2884 4328 ad
2905 4289 3006 4330 vos
3025 4290 3038 4328 :
3058 4273 3306 4338 Quaerite
3326 4291 3362 4328 a
3380 4273 3744 4348 pythonibus
3761 4276 3815 4328 et

2166 4379 2202 4418 a
2229 4361 2463 4429 divinis,
2487 4361 2587 4434 qui
2619 4359 2878 4418 stridunt
2907 4361 2966 4416 in
2999 4361 3436 4420 incantionibus
3467 4363 3596 4420 suis
3619 4381 3633 4418 :
3656 4363 3811 4422 Nun-

2165 4451 2308 4524 quid
2341 4469 2455 4507 non
2488 4449 2740 4524 populus
2771 4469 2806 4507 a
2833 4451 2950 4508 Deo
2991 4469 3097 4507 suo
3141 4451 3388 4524 requirit
3433 4469 3544 4524 pro
3583 4452 3731 4506 vivis
3758 4453 3814 4504 et

409 4549 642 4605 duabus
657 4547 932 4604 domibus
959 4541 1221 4610 Israel,et
1246 4539 1497 4596 missum
1519 4538 1591 4594 ad
1625 4555 1687 4594 se
1705 4539 2054 4594 Emmanue-
2085 4545 2143 4614 ι)
2165 4540 2450 4596 mortuis?
2468 4540 2552 4596 Ad
2584 4539 2771 4613 legem
2803 4539 2992 4612 magis
3023 4545 3081 4596 et
3110 4540 3182 4596 ad
3213 4540 3641 4599 testimonium.
3666 4539 3738 4595 Et
3765 4537 3811 4594 si

407 4638 520 4696 lem
553 4637 852 4709 suscipere
879 4633 1231 4691 noluerunt:
1257 4630 1376 4704 liga
1405 4627 1810 4685 testimonium
1829 4625 2054 4682 Veteris

407 4725 789 4792 Testamenti,
809 4729 866 4780 et
883 4723 1048 4779 trade
1077 4720 1221 4777 illud
1251 4717 1558 4791 discipulis
1579 4715 1727 4772 meis
1755 4715 1856 4788 qui
1877 4715 2056 4770 Evan-

406 4815 626 4890 gelium
659 4816 1046 4886 susceperunt
1070 4828 1082 4866 :
1111 4807 1394 4882 apostolis
1424 4807 1646 4864 scilicet
1674 4805 1793 4861 sive
1821 4808 2050 4876 aposto-

407 4903 534 4961 licis
562 4901 832 4958 viris.Vel
855 4905 1010 4958 certe
1039 4899 1132 4956 lex
1158 4900 1216 4954 et
1243 4897 1549 4970 prophetia
1577 4913 1763 4968 usque
1785 4895 1856 4950 ad
1881 4894 2054 4951 Joan-

405 5010 562 5050 nem.
591 4991 828 5065 Legitur
872 4989 1028 5061 apud
1073 5003 1192 5055 eos,
1217 4989 1275 5041 et
1303 4984 1506 5040 clausa
1557 4989 1698 5040 sunt
1743 4983 1918 5055 apud
1951 4998 2050 5038 eos

405 5075 834 5155 atque'signata
852 5095 866 5134 :
887 5082 952 5132 ut
967 5077 1025 5132 id
1048 5075 1202 5148 quod
1224 5074 1422 5146 legant
1443 5089 1556 5128 non
1575 5071 1926 5145 intelligant.
1942 5071 2050 5126 Pro

405 5169 713 5243 discipulis
729 5168 884 5224 enim
896 5167 1088 5238 ,juxta
1103 5162 1368 5221 Hebraici
1389 5159 1678 5217 sermonis
1697 5160 2050 5232 ambiguita-

405 5263 608 5329 tatem,
629 5273 946 5332 possumus
961 5259 1019 5312 et
1035 5252 1332 5311 doctrinas
1353 5248 1910 5322 interpretari.Unde
1927 5265 2052 5320 pro-

335 5347 350 5353 ’
405 5347 581 5420 pheta
597 5343 1062 5420 respondit,quia
1080 5339 1390 5416 Evangelia
1408 5340 1754 5397 succedente
1775 5337 1866 5394 lex
1895 5337 2049 5410 apud

403 5434 638 5491 Judaeos
660 5435 862 5491 clausa
875 5438 965 5492 est
979 5437 1152 5505 atque
1169 5431 1420 5504 signata,
1434 5433 1493 5486 et
1503 5429 1677 5500 jubet
1691 5444 1820 5484 eam
1839 5444 1946 5496 neq
1957 5444 2053 5482 ua-

405 5537 584 5592 quam
613 5523 853 5592 Judzeis,
883 5523 984 5578 sed
1015 5521 1310 5594 gentibus,
1347 5517 1660 5590 assignari.
1695 5514 1913 5572 Idcirco
1943 5531 2048 5587 ego

403 5610 748 5681 exspectabo
760 5610 1076 5668 Dominum
1095 5607 1537 5666 Emmanuelem
1558 5623 1733 5678 quem
1754 5604 2050 5678 promittis

2163 4629 2414 4684 dixerint
2451 4630 2626 4702 juxta
2651 4627 2892 4685 verbum
2925 4628 3053 4696 hoc,
3089 4647 3204 4684 non
3233 4629 3318 4684 eis
3367 4629 3483 4688 erit
3527 4627 3813 4687 matutina

2161 4717 2261 4772 lux
2288 4722 2347 4773 et
2375 4717 2650 4775 transibit
2677 4734 2782 4791 per
2822 4735 2950 4774 eam
2985 4734 2998 4774 :
3034 4722 3094 4774 et
3129 4722 3362 4774 corruet
3389 4722 3450 4774 et
3477 4717 3714 4774 esuriet.
3746 4714 3814 4770 Et

2160 4823 2297 4861 cum
2317 4805 2588 4862 esurierit
2607 4806 2890 4863 irascetur
2911 4811 2971 4864 et
2991 4805 3302 4864 maledicet
3322 4807 3441 4880 regi
3466 4824 3596 4871 suo,
3617 4809 3675 4861 et
3695 4804 3809 4858 Deo

2161 4913 2288 4950 suo.
2313 4896 2384 4950 Et
2411 4895 2693 4968 suspiciet
2721 4913 2980 4965 sursum,
3004 4900 3063 4951 et
3091 4897 3162 4952 ad
3193 4897 3410 4952 terram
3445 4893 3805 4952 intuebitur:

2159 4987 2219 5040 et
2237 5001 2369 5040 ecce
2397 4983 2700 5040 tribulatio
2721 4988 2779 5041 et
2806 4985 3078 5051 tenebrae,
3103 4983 3436 5054 dissolutio,
3463 4982 3734 5058 angustia
3751 4981 3809 5034 et

2159 5072 2346 5145 caligo
2362 5089 2748 5145 persequens:
2770 5077 2828 5130 et
2843 5091 2957 5129 non
2977 5073 3189 5146 poterit
3203 5072 3431 5131 avolare
3448 5074 3520 5130 de
3535 5067 3808 5145 angustia

2161 5177 2290 5216 sua.
2303 5183 2324 5210 ιι
2343 5160 2462 5216 Sub
2479 5177 2730 5233 persona
2749 5161 2966 5217 Christi
2987 5167 3076 5217 est
3095 5160 3442 5218 dicendum:
3463 5163 3605 5218 Ecce
3622 5174 3731 5231 ego
3749 5156 3804 5208 et

2160 5249 2324 5322 pueri
2357 5267 2504 5322 quos
2525 5249 2670 5304 mihi
2693 5249 2854 5305 dedit
2873 5249 3180 5306 Dominus.
3204 5251 3393 5308 Etiam
3416 5251 3538 5307 hmo
3567 5249 3688 5321 ipse
3720 5243 3798 5298 l0-

2161 5337 2364 5412 quitur
2383 5339 2454 5395 ad
2489 5338 2783 5410 apostolos
2803 5343 2862 5394 et
2882 5339 2955 5394 ad
2976 5340 3278 5397 credentes
3301 5357 3371 5396 ex
3398 5339 3684 5414 gentibus,
3698 5328 3798 5404 qui

2159 5427 2288 5500 ejus
2319 5425 2697 5499 Evangelium
2746 5432 3157 5501 susceperunt.
3181 5429 3243 5484 Si
3293 5428 3544 5487 dixerint
3567 5415 3794 5494 (inquit)

2159 5521 2354 5590 patres
2373 5515 2548 5572 vestri
2571 5533 2718 5588 quos
2741 5516 3084 5589 reliquistis,
3111 5516 3360 5584 Quaerite
3386 5515 3794 5586 ventriloquosa

2159 5622 2308 5678 quos
2339 5605 2626 5676 pythones
2655 5603 3041 5678 intelligimus
3067 5607 3227 5678 (nam
3247 5611 3305 5663 et
3324 5605 3385 5662 in
3411 5605 3638 5663 Actibus
3663 5611 3797 5670 apo-
