4048 6190
206 348 333 411 ’ῖ69

1498 355 1910 423 COMMENT.
1953 390 2033 405 —
2072 357 2220 421 LIB.
2266 358 2345 422 ΙΙ.

3506 382 3626 444 ’ΠΟ

123 482 133 489 ’
211 483 511 542 stolarum
542 486 803 559 (Act.xv1)
834 485 1108 543 ancillam
1142 487 1393 562 legimus
1423 508 1550 563 qua:
1580 496 1870 564 quaestum
1900 492 1954 559 Α
1985 492 2086 564 qui
2119 493 2592 565 praedicationem
2625 495 2857 553 Domini
2886 503 3247 575 contemptui
3268 505 3623 579 habuerunt,

214 590 508 648 magnum
538 576 856 648 praestabat
885 577 1141 633 dominis
1171 578 1318 651 suis)
1368 584 1427 636 et
1478 580 1577 653 qui
1616 581 1687 636 de
1714 586 1871 637 terra

214 661 673 737 loquuntur,qui
686 664 745 719 in
758 664 1090 722 evocatione
1100 667 1432 723 animarum
1445 670 1670 743 magiee
1684 671 1869 726 facere

212 751 593 823 pollicentur,
626 758 685 808 et
715 759 923 810 caetera
954 754 1351 812 maleﬁearum
1387 758 1602 814 artium
1635 776 1867 831 genera,

213 840 329 896 hoc
347 840 496 897 scire
511 841 918 915 debetis,quod
932 860 1295 917 unaquaeque
1306 863 1451 917 gens
1460 849 1727 920 proprios
1740 865 1871 904 con-

211 929 380 985 sulat
407 931 724 997 deos,etde
752 932 1015 988 vivorum
1028 933 1217 989 salute
1230 939 1492 991 mortuos
1506 937 1864 994 sciscitatur:

210 1018 384 1075 vobis
413 1023 612 1075 autem
640 1019 701 1075 in
733 1021 1019 1078 auxilium
1048 1021 1235 1096 legem
1269 1023 1426 1080 dedit
1466 1025 1772 1095 Dominus,
1804 1031 1871 1082 ut

213 1108 464 1180 possitis
484 1108 705 1165 dicere:
727 1110 851 1166 Non
883 1115 973 1166 est
1002 1110 1138 1168 talis
1168 1113 1534 1170 ethnicorum
1566 1117 1868 1185 divinatio,

215 1196 321 1269 qui
355 1195 612 1252 cultores
644 1215 785 1253 suos
813 1216 917 1271 spe
947 1199 1265 1272 decipiunt,
1298 1203 1451 1260 sicut
1495 1210 1695 1263 nostra
1741 1223 1869 1279 quae

214 1285 445 1357 absque
460 1284 581 1341 ullo
609 1303 852 1343 munere
882 1290 1173 1360 profertur
1199 1307 1267 1345 ex
1296 1291 1661 1365 lege.Veniet
1675 1300 1869 1350 autem

215 1390 405 1446 super
422 1373 760 1432 incredulos
782 1376 965 1432 fames
984 1376 1445 1447 durissima,non
1458 1382 1869 1455 panisetaqum

217 1462 411 1518 fames
440 1463 711 1537 sitisque,
742 1466 844 1521 sed
878 1466 1061 1522 fames
1090 1467 1367 1524 audiendi
1405 1486 1737 1527 sermonem
1770 1472 1869 1529 Dei

208 1553 402 1620 (Amos
453 1554 598 1626 vm).
630 1555 701 1610 Et
746 1572 880 1611 cum
938 1556 1209 1612 csurietis
1257 1560 1772 1628 contristabimini,
1814 1565 1873 1617 et

215 1641 586 1699 maledicetis
618 1643 866 1716 principi
896 1649 1109 1713 vestro,
1140 1649 1195 1703 et
1234 1649 1492 1719 paternis
1541 1651 1869 1706 traditioni-

214 1731 357 1798 bus,
390 1730 502 1786 hoc
544 1735 654 1799 est,
685 1732 937 1800 diabolo,
970 1734 1351 1808 antiquisque
1400 1738 1721 1793 erroribus.
1754 1740 1870 1795 Hoc

213 1824 417 1875 autem
451 1820 523 1876 ad
553 1837 652 1877 eos
686 1820 949 1922 loquitur
979 1823 1321 1931 qui‘famem
1353 1827 1510 1898 passi
1545 1827 1761 1907 fuerint
1785 1845 1870 1884 ve-
1897 1865 1946 1931 Β

213 1908 437 1977 ritatis,
469 1913 526 1964 et
554 1909 882 1982 suspicient
912 1911 970 1967 in
1002 1911 1213 1968 caelum
1246 1931 1482 1970 sursum
1533 1921 1592 1971 et
1637 1916 1693 1970 in
1749 1922 1867 1973 ter-

213 2013 348 2052 ram
380 1998 657 2054 deorsum
693 2015 706 2054 :
741 2003 801 2054 et
830 2004 1005 2055 erunt
1036 2000 1093 2055 in
1126 2004 1420 2074 angustia,
1445 2004 1503 2059 in
1534 2005 1790 2061 tenebris
1808 2010 1868 2061 et

215 2086 278 2140 in
314 2085 715 2155 tribulatione,
750 2092 816 2143 ut
848 2106 962 2143 non
994 2089 1231 2146 videant
1262 2109 1448 2164 usque
1491 2094 1563 2149 ad
1611 2099 1864 2167 tempus,

210 2174 405 2230 donec
433 2179 492 2230 et
519 2175 631 2248 ipsi
660 2177 734 2232 ad
759 2176 945 2232 Deum
974 2183 1331 2235 convertant.

860 2320 1092 2377 CAPUT
1132 2322 1220 2380 IX.

293 2465 323 2491 α
359 2442 551 2500 Primo
578 2449 841 2517 tempore
872 2444 1167 2503 ailelviata
1194 2454 1284 2505 est
1314 2454 1469 2505 terra
1497 2452 1777 2520 Zabulon,
1810 2460 1868 2511 et

210 2534 374 2587 terra
384 2532 805 2606 Nephtalim,et
818 2536 1134 2591 novissimo
1148 2543 1460 2610 aggravata
1474 2547 1563 2596 est
1579 2543 1669 2598 via
1686 2546 1867 2599 maris

208 2625 380 2676 trans
400 2622 717 2677 Jordanem
732 2623 977 2680 Galilaea:
991 2626 1539 2700 gentium.Populus
1552 2631 1649 2703 qui
1665 2634 1869 2689 ambu-

207 2708 380 2764 labat
409 2709 469 2764 in
491 2710 924 2779 tenebris,vidit
944 2713 1130 2769 lucem
1152 2718 1866 2787 magnam.Habitantibus

210 2799 275 2852 in
310 2799 548 2872 regione
574 2800 799 2857 umbrae
827 2802 1055 2868 mortis,
1088 2802 1187 2860 lux
1215 2810 1344 2860 orta
1371 2810 1461 2862 est
1487 2808 1641 2863 eis.»
1675 2810 1866 2867 Primo

211 2893 485 2959 tempore
513 2887 811 2945 allelviata
836 2907 966 2946 esse
994 2891 1212 2949 dicitur
1247 2910 1421 2950 onere
1470 2903 1862 2970 peccatorum,

214 2976 433 3048 quiain
448 2977 785 3051 regionibus
798 2979 1049 3035 duarum
1062 2981 1322 3037 tribuum
1335 2982 1592 3055 primum
1604 2986 1869 3052 Salvator

214 3065 603 3139 Evangelium
620 3067 974 3140 predicavit.
996 3069 1156 3126 Unde
1178 3076 1237 3126 et
1258 3070 1315 3126 in
1338 3073 1696 3146 sexagesimo
1718 3076 1869 3149 psal-

212 3172 316 3210 mo
332 3155 577 3212 dicitur:
594 3180 623 3207 «
648 3157 976 3214 Benedicite
998 3159 1243 3215 Domino
1264 3161 1334 3215 de
1357 3162 1867 3221 fontibuslsrael.»

1978 581 2050 635 de
2080 598 2329 653 quorum
2356 583 2635 656 prosapia
2662 583 2774 658 ipsi
2808 586 3093 660 originem
3134 593 3439 665 duxerant,
3471 599 3627 658 sicut

1976 668 2120 725 dicit
2148 669 2397 728 eximius
2429 673 2795 730 doctorum:«
2818 675 3089 749 Optarem
3115 684 3172 735 et
3187 697 3293 755 ego
3311 687 3627 745 anathema

1976 774 2105 813 esse
2124 776 2225 830 pro
2249 760 2527 816 fratribus
2549 762 2717 829 meis,
2732 764 2832 836 qui
2855 770 2996 821 sunt
3018 767 3288 825 Israelita:
3307 772 3624 847 (Romax).»

2052 869 2080 897 «
2112 848 2487 904 Lartabuntur
2516 868 2711 906 coram
2746 857 2866 909 te.»
2896 855 3325 929 Apostropham
3349 860 3484 917 facit
3499 880 3626 934 pro-

1978 934 2156 1007 pheta
2184 937 2252 992 ad
2279 938 2577 1010 apostolos
2604 940 2817 996 Christi
2845 941 3078 999 dicens:
3112 946 3156 1000 Ο
3187 947 3430 1005 Domine
3459 951 3622 1019 Jesu,

1977 1021 2338 1080 laetabuntur
2357 1026 2605 1097 apostoli
2640 1028 2726 1082 tui
2758 1045 2955 1085 coram
2986 1034 3062 1100 te,
3086 1056 3113 1083 ‹‹
3150 1034 3303 1091 sicut
3330 1038 3626 1096 exsultant

1979 1126 2270 1167 messores
2293 1111 2352 1166 in
2384 1118 2601 1186 segete.
2621 1137 2649 1164 »
2684 1116 2934 1173 Messem
2966 1120 3221 1191 appellat
3249 1130 3626 1196 gentes,mes-

1977 1214 2141 1254 seres
2172 1203 2369 1257 autem
2399 1203 2670 1274 pepulos,
2704 1204 2857 1259 sicut
2885 1206 3011 1278 ipse
3042 1208 3326 1267 Dominus
3368 1216 3624 1286 quodam

1977 1285 2102 1341 loco
2135 1287 2277 1344 dicit
2308 1306 2321 1344 :
2360 1312 2387 1340 ι(
2420 1291 2629 1346 Messis
2659 1292 2896 1364 quidem
2930 1285 3401 1370 multa,operarii
3427 1309 3625 1360 autem

1977 1377 2149 1448 pauci
2178 1377 2384 1447 (Matth.
2419 1397 2496 1447 ιχ,
2532 1381 2659 1436 Luc.
2695 1384 2834 1450 xw),
2867 1405 2897 1433 ››
2928 1388 2988 1439 et
3018 1391 3245 1443 cetera.

2050 1488 2077 1515 ‹‹
2095 1465 2256 1521 Sicut
2272 1467 2566 1523 exsultant
2582 1468 2852 1535 victores,
2869 1471 3194 1531 dividentes
3206 1477 3413 1550 spolia.
3430 1503 3459 1529 »
3477 1481 3628 1560 Spo-_

1977 1552 2058 1608 lia
2076 1554 2321 1624 pluralis
2344 1573 2626 1611 numerus
2649 1561 2759 1621 est,
2784 1559 2923 1614 facit
2942 1560 3002 1616 in
3024 1562 3307 1637 singulari
3329 1552 3630 1643 hunespo;
3740 1567 3751 1573 ’

1978 1640 2123 1695 lium
2153 1641 2242 1696 vel
2278 1642 2387 1698 hoc
2424 1643 2703 1716 spolium.
2728 1645 2989 1704 Victores
3022 1651 3278 1723 appellat
3306 1640 3625 1729 apostolos.

1978 1729 2078 1802 qui
2110 1730 2374 1787 vicerunt
2422 1737 2785 1790 tentamenta
2823 1736 3039 1804 carnis,
3074 1744 3130 1794 et
3178 1741 3375 1813 ipsum
3423 1745 3625 1803 diabo-

1978 1817 2124 1873 lum.
2146 1819 2343 1890 Spolia
2369 1826 2566 1876 autem
2600 1821 3003 1896 homines,qui
3035 1828 3244 1899 captivi
3278 1831 3628 1891 tenebantur

1977 1908 2048 1963 ab
2099 1907 2218 1963 illo.
2254 1908 2386 1965 Ideo
2434 1913 2631 1965 autem
2680 1911 2822 1967 dicit
2854 1912 3101 1970 victores
3133 1918 3452 1990 apostolos,
3485 1922 3626 1993 quia

1976 1995 2345 2052 abstulerunt
2373 1998 2560 2070 spolia
2590 2016 2703 2055 sua
2730 2000 3056 2068 diabolo,id
3090 2009 3199 2072 est,
3216 2022 3403 2080 genus
3420 2008 3626 2067 huma-

1977 2101 2118 2139 num
2132 2085 2287 2156 quod
2300 2085 2425 2157 ipse
2443 2086 2851 2158 captivaverat,
2865 2094 2923 2144 et
2938 2091 3320 2150 reddiderunt
3331 2095 3474 2151 illud
3491 2103 3622 2155 Deo.

2050 2196 2076 2223 α
2090 2172 2122 2228 J
2131 2189 2309 2246 ugum
2322 2179 2379 2229 et
2399 2174 2644 2246 virgam,
2659 2197 2687 2224 »
2713 2176 2953 2246 diaboli,
2970 2178 3027 2233 id
3048 2182 3625 2246 est,dominationem

1975 2266 2033 2316 et
2054 2267 2461 2334 potestatem.«
2480 2264 2550 2318 Et
2563 2268 2863 2336 sceptrum
2877 2308 2890 2332 ,
2903 2288 2928 2315 ››
2942 2266 2999 2321 id
3014 2269 3627 2346 est,imperium,quod

1976 2368 2079 2422 per
2092 2350 2427 2407 universum
2441 2352 2642 2408 orbem
2659 2355 2947 2410 tenebatzu
2969 2359 3319 2429 superasti,»
3333 2377 3367 2416 o
3384 2361 3629 2420 Domine

1976 2439 2341 2495 Emmanuel.
2367 2440 2737 2515 Apostrophe
2756 2448 2851 2499 est
2882 2446 2954 2500 ad
2993 2445 3287 2503 Christum
3317 2453 3625 2521 exactoris,

1974 2527 2032 2581 id
2050 2533 2158 2595 est,
2178 2528 2487 2600 exigentis.
2512 2530 2659 2585 Nam
2684 2536 2916 2588 exactor
2935 2536 3167 2607 proprie
3196 2542 3306 2605 est,
3329 2540 3431 2611 qui
3450 2540 3628 2615 exigit

1974 2615 2059 2671 vel
2092 2616 2246 2687 cogit
2275 2617 2515 2672 reddere
2547 2618 2765 2674 tributa
2795 2622 2955 2693 regia
2983 2623 3252 2696 populos.
3272 2628 3341 2681 Et
3354 2627 3627 2686 diabolus

1974 2709 2205 2759 evaetor
2249 2709 2393 2771 erat,
2419 2706 2519 2776 qui
2554 2708 2801 2778 cogebat
2833 2710 3170 2767 universum
3218 2715 3419 2772 orbem
3451 2734 3621 2774 suam

1975 2794 2163 2848 facere
2176 2793 2592 2850 voluntatem.«
2609 2796 2773 2851 Sicut
2790 2798 2846 2850 in
2861 2797 2952 2854 die
2969 2797 3260 2856 Madian.»
3276 2804 3551 2877 Legimus
3562 2806 3623 2863 in

1974 2879 2124 2936 libro
2154 2880 2451 2949 Judicum,
2486 2883 2640 2955 quod
2674 2884 3008 2941 Madianitae
3040 2891 3300 2960 tempore
3323 2894 3535 2949 messis
3563 2899 3625 2952 et

1973 2969 2300 3036 vindemiae,
2331 2970 2640 3026 veniebant
2679 2972 2739 3027 in
2786 2978 3001 3030 terram
3052 2979 3529 3050 repromissionis
3561 2988 3619 3040 et

1974 3058 2326 3130 colligebant
2348 3058 2574 3115 fructus
2597 3064 2781 3131 terrae,
2796 3066 2853 3117 et
2873 3066 3329 3123 revertebantur.
3350 3070 3463 3126 Sed
3482 3087 3619 3128 cum

1976 3163 2128 3219 saepe
2150 3147 2257 3202 hoc
2277 3148 2550 3219 facerent,
2564 3149 2784 3206 missus
2806 3154 2894 3207 est
2910 3152 3157 3226 angelus
3174 3155 3407 3213 Domini
3424 3161 3497 3215 ad
3516 3160 3623 3218 Ge-

214 3244 303 3299 lbi
328 3245 634 3317 Beujamin
657 3245 1171 3313 adolescentior,id
1203 3253 1293 3305 est
1323 3249 1539 3306 Paulus
1558 3252 1617 3306 in
1650 3255 1864 3311 mentis

1980 3235 2364 3301 deon,dicens
2404 3237 2601 3309 (ludia.
2625 3240 2702 3311 vx)
2729 3256 2740 3293 :
2766 3239 2953 3308 Salve,
2989 3242 3247 3300 virorum
3278 3245 3617 3305 fortissime.

205 3333 594 3406 επιεικηυὶ
616 3338 677 3391 et
701 3333 840 3390 alibi
862 3334 1237 3408 loquebatur:
1259 3361 1287 3386 ‹‹
1302 3338 1433 3393 Sive
1447 3344 1637 3396 mente
1648 3343 1869 3399 excedi-

209 3438 353 3478 mus
381 3426 496 3479 Deo
529 3423 603 3492 (II
642 3423 763 3479 Cor.
797 3424 875 3496 v).
920 3446 949 3474 »
981 3424 1254 3498 Princeps
1282 3427 1561 3496 Zabulon,
1596 3429 1868 3504 princeps

208 3510 573 3583 Nephtalim,
605 3512 785 3569 duces
813 3515 1165 3582 eorum.Qui
1198 3515 1256 3571 in
1286 3515 1380 3572 his
1410 3517 1685 3574 tribubus
1706 3520 1867 3577 fuere

204 3601 411 3668 viculi,
445 3602 518 3657 de
548 3602 765 3676 quibus
798 3604 981 3659 nostri
1031 3604 1277 3677 apostoli
1308 3605 1488 3663 duces
1524 3607 1780 3677 fuerunt,
1810 3614 1868 3667 et

202 3691 595 3746 crediderunt
614 3692 786 3764 juxta
807 3692 1183 3765 Symmacum
1204 3692 1481 3751 velociter
1507 3697 1813 3754 audientes
1833 3716 1867 3755 a

202 3777 464 3835 Domino
489 3796 502 3835 :
529 3803 557 3829 «
591 3780 793 3836 Venite
824 3786 956 3852 post
985 3796 1101 3847 me,
1123 3785 1182 3836 et
1210 3782 1421 3839 faciam
1455 3802 1554 3840 vos
1583 3786 1707 3841 ﬁeri
1739 3788 1863 3859 pis-

196 3872 441 3924 catores
473 3867 781 3924 hominum
813 3869 1019 3942 (Matth.
1052 3870 1153 3943 ιν).
1190 3893 1218 3920 ››
1264 3870 1349 3926 llli
1396 3890 1528 3928 vero
1579 3875 1777 3930 statim
1808 3880 1866 3932 et

199 3960 441 4029 patrem
474 3956 840 4029 reliquerunt
868 3962 925 4014 et
953 3958 1646 4018 naviculam.Novissimo
1665 3969 1861 4020 autem

196 4048 479 4117 tempore
496 4050 811 4119 aggravata
827 4051 917 4102 est
938 4047 1123 4104 ﬁdesJ
1133 4048 1431 4103 udaeorum
1454 4049 1512 4105 in
1530 4066 1722 4108 errore
1738 4052 1864 4125 plu-

200 4133 375 4190 rimis
407 4133 809 4191 manentibus.
844 4135 1000 4191 Mare
1031 4140 1230 4192 autem
1262 4136 1369 4207 hic,
1389 4136 1584 4194 lacum
1606 4140 1865 4213 appellat

195 4222 594 4290 Genesareth,
626 4222 728 4295 qui
775 4224 1030 4281 Jordane
1076 4224 1448 4282 interfluente
1497 4229 1771 4297 efﬁcitur,
1802 4230 1861 4285 in

194 4312 381 4383 cujus
412 4311 611 4367 littore
639 4311 1440 4385 Capharnaum,etTiberias,
1455 4320 1512 4372 et
1529 4317 1861 4387 Bethsaida,

194 4405 257 4457 et
284 4400 600 4457 Corozaim
631 4400 756 4457 sitae
794 4406 953 4469 sunt,
989 4402 1047 4457 in
1080 4419 1198 4474 qua
1224 4402 1311 4459 vel
1345 4404 1598 4471 maxime
1629 4406 1863 4480 regione

196 4488 500 4544 Dominus
528 4494 926 4545 commoratus
955 4494 1045 4546 est
1073 4507 1086 4546 :
1121 4490 1204 4546 ita
1252 4495 1317 4546 ut
1346 4492 1602 4565 populus
1632 4495 1733 4567 qui
1766 4513 1857 4553 se-

1977 3326 2047 3380 Et
2077 3325 2175 3380 ille
2208 3343 2220 3381 :
2256 3325 2364 3381 Ubi
2396 3331 2554 3393 sunt,
2586 3327 2800 3400 inquit,
2833 3330 3003 3403 signa
3048 3337 3108 3387 et
3152 3335 3459 3405 miracula,
3492 3355 3621 3411 qua)

1976 3415 2233 3470 ostendit
2250 3415 2537 3472 Dominus
2559 3417 2631 3472 ad
2653 3422 2847 3501 patres
2870 3424 3123 3493 nostros,
3142 3425 3381 3495 quando
3395 3428 3618 3501 egressi

1975 3509 2117 3560 sunt
2132 3522 2200 3560 ex
2215 3505 2455 3578 zEgypto
2468 3506 2526 3559 in
2541 3523 2721 3563 manu
2736 3507 2911 3564 forti?
2935 3511 3002 3565 Et
3016 3510 3444 3586 dixitangelus:
3477 3516 3540 3571 In
3552 3535 3622 3574 ea

1973 3594 2316 3649 fortitudine
2336 3595 2503 3667 vade,
2516 3596 2650 3651 etin
2672 3597 2944 3654 trecentis
2964 3598 3104 3655 viris
3122 3598 3400 3658 liberabis
3417 3603 3615 3662 Israel.

1975 3685 2134 3749 Quod
2176 3689 2232 3739 et
2265 3684 2502 3739 fecit.Et
2521 3684 2741 3757 eligens
2784 3690 3075 3742 trecentos
3117 3688 3270 3745 viros
3319 3707 3388 3746 ex
3416 3692 3616 3759 Israel,
3720 3748 3731 3753 -

1975 3773 2075 3827 tali
2111 3774 2283 3828 modo
2305 3774 2458 3828 sicut
2478 3774 2537 3828 in
2561 3774 2808 3830 historia
2827 3775 3097 3841 habetur,
3111 3779 3619 3851 prsicepitunicui-

1968 3878 2086 3932 que
2118 3866 2313 3917 tenere
2344 3862 2402 3915 in
2436 3877 2614 3917 manu
2646 3860 2916 3935 lagenam
2949 3867 3005 3917 et
3034 3862 3194 3920 intus
3225 3864 3445 3935 lumen,
3466 3873 3526 3923 et
3554 3870 3614 3925 in

1972 3950 2153 4007 altera
2184 3951 2407 4006 tubam.
2426 3938 2958 4024 Clangentibusque
2982 3951 3078 4007 ille
3104 3954 3298 4022 tubas,
3330 3961 3387 4011 et
3414 3956 3614 4015 lumen

1971 4040 2308 4095 tenentibus
2331 4042 2459 4112 jam
2486 4040 2799 4097 contractis
2830 4040 3075 4114 lagenis,
3091 4046 3479 4102 conturbatus
3502 4047 3618 4104 Ma-

1972 4127 2329 4184 dianitarum
2355 4129 2665 4196 exercitus,
2698 4135 2756 4186 et
2785 4130 2898 4203 ipsi
2930 4132 3279 4205 semetipsos
3307 4134 3615 4194 interfece-

1972 4222 2125 4274 runt.
2164 4217 2449 4291 Potitique
2479 4223 2620 4273 sunt
2648 4219 2890 4277 victoria
2917 4220 2976 4275 in
3009 4222 3104 4278 die
3132 4222 3233 4279 illa
3262 4225 3466 4293 Judaei,
3487 4225 3614 4283 sine

1972 4308 2255 4364 effusione
2286 4307 2593 4381 sanguinis
2623 4326 2887 4366 suorum.
2919 4312 2988 4367 Et
3018 4310 3128 4368 hoc
3179 4313 3321 4369 dicit
3365 4315 3615 4386 prophe-

1972 4402 2032 4454 ta
2062 4415 2076 4454 :
2110 4397 2257 4464 Quia
2285 4397 2440 4453 sicut
2468 4397 2569 4453 illa
2595 4400 2837 4456 victoria
2864 4405 2955 4457 est
2983 4401 3109 4457 sine
3156 4403 3287 4458 fuso
3332 4405 3618 4477 sanguine

1972 4506 2041 4547 ex
2071 4486 2470 4543 Israelitarum
2499 4488 2737 4561 populo,
2772 4490 2855 4545 sic
2888 4490 3041 4545 Deus
3087 4490 3460 4562 omnipotens
3507 4493 3618 4548 vic-

192 4578 383 4634 debat
412 4576 504 4633 vel
534 4578 878 4634 ambulabat
908 4579 966 4634 in
987 4579 1244 4635 tenebris
1274 4579 1465 4637 lucem
1493 4581 1730 4653 videret,
1766 4602 1870 4642 ne-
1896 4605 1943 4669 Β
1973 4576 2186 4669 teriam
2217 4576 2381 4669 dedit
2407 4577 2533 4669 suis
2580 4577 2797 4669 electis,
2829 4578 3068 4669 vincens
3098 4578 3399 4669 diabolum
3440 4585 3497 4636 et
3526 4598 3615 4638 re-

191 4682 510 4740 quaquam
562 4683 800 4739 parvam
851 4672 919 4723 ut
965 4667 1213 4724 aliorum
1268 4670 1708 4742 prophetarum,
1760 4677 1863 4731 sed
1896 4666 1932 4669 —
1974 4668 2217 4722 trudens
2268 4666 2324 4721 in
2367 4666 2686 4732 infernum,
2718 4666 2846 4722 sive
2881 4666 3320 4724 multitudinem
3367 4671 3613 4744 populo~

193 4773 489 4829 magnam
507 4761 573 4812 ut
600 4757 730 4827 ejus
747 4756 848 4828 qui
870 4756 930 4812 in
952 4758 1259 4831 Evangelio
1284 4758 1497 4831 legitur
1512 4776 1524 4815 :
1540 4784 1566 4809 ‹‹
1588 4763 1706 4834 Ego
1726 4781 1858 4820 sum

189 4844 299 4901 lux
334 4844 549 4900 mundi
578 4846 756 4914 (Joan.
798 4849 945 4915 vm.)
988 4869 1015 4896 n
1048 4847 1118 4901 Et
1164 4847 1265 4919 qui
1299 4847 1646 4904 habitabant
1676 4850 1734 4906 in
1772 4870 1858 4908 re-

189 4934 375 5007 gione
407 4933 634 4990 umbra:
666 4934 1007 5003 mortis,lux
1027 4940 1154 4993 orta
1182 4942 1273 4993 est
1301 4937 1407 4993 eis.
1425 4938 1580 4994 Inter
1610 4945 1859 4996 mortem

188 5029 255 5080 et
285 5024 571 5079 umbram
601 5023 807 5080 mortis
823 5023 933 5080 hoc
959 5041 1087 5081 esse
1117 5030 1277 5098 puto,
1298 5028 1454 5098 quod
1475 5044 1634 5084 mors
1654 5045 1857 5086 eorum

188 5118 311 5179 est,
326 5112 436 5185 qui
458 5129 592 5168 eum
615 5112 892 5183 operibus
914 5114 1122 5170 mortis
1136 5115 1205 5170 ad
1226 5114 1444 5171 inferos
1454 5123 1855 5188 perrexerunt.

186 5226 220 5252 α
244 5202 473 5258 Anima
492 5201 651 5257 enim
673 5218 801 5274 q'uze
824 5203 1164 5275 peecaverit,
1189 5203 1319 5277 ipsa
1342 5204 1623 5261 morietur
1643 5206 1854 5278 (Ezech.

182 5295 388 5359 xvm).
408 5314 438 5339 »ι
464 5289 684 5347 Umbra
713 5295 909 5347 autem
941 5292 1146 5349 mortis
1177 5309 1403 5362 eorum,
1425 5293 1527 5365 qui
1565 5310 1701 5350 cum
1734 5312 1861 5368 pec-

187 5383 338 5436 cant
352 5380 612 5438 necdum
629 5380 699 5437 de
710 5380 830 5435 vita
845 5380 959 5437 ista
974 5381 1191 5454 egressi
1210 5383 1793 5453 sunt,possuntenim
1808 5384 1858 5440 si

181 5468 678 5541 voluerintagere
691 5468 1419 5540 pcenitentiam.Quialicet
1431 5470 1617 5526 sancti
1631 5475 1858 5543 aposto-

179 5556 235 5613 li
245 5558 584 5631 gauderent
595 5558 666 5614 de
676 5558 1055 5616 conversione
1064 5557 1326 5629 gentium
1342 5557 1414 5614 ad
1428 5558 1603 5614 fidem
1617 5560 1851 5629 Christi,

175 5651 401 5707 tamen
423 5661 781 5722 magnopere
802 5647 1153 5705 tenebantur
1170 5664 1275 5722 pro
1300 5646 1620 5706 Israelitico
1636 5648 1853 5725 populo

1969 4774 2101 4812 rum
2132 4756 2191 4810 in
2228 4756 2449 4812 bellum
2481 4755 2971 4811 concertantium.

2040 4869 2067 4895 ‹‹
2094 4846 2239 4911 Quia
2260 4844 2452 4900 omnis
2473 4844 2727 4901 violenta
2748 4846 3023 4918 przedatio
3045 4863 3179 4903 eum
3198 4849 3510 4905 tumultu.»
3534 4851 3614 4906 De

1968 4934 2095 5006 ipso
2128 4932 2359 4989 diabolo
2385 4932 2664 5006 loquitur.
2682 4936 2750 4991 Et
2779 4939 2869 4991 est
2898 4953 3138 4992 sensus:
3165 4937 3382 5010 Spolia,
3416 4938 3472 4992 id
3501 4943 3611 5005 est,

1968 5023 2293 5078 humanum
2323 5039 2532 5095 genus,
2565 5025 2721 5096 quod
2768 5024 3038 5081 diabolus
3069 5026 3437 5098 depraadatus
3465 5031 3610 5096 erat,

1967 5130 2102 5168 eum
2134 5112 2358 5167 venerit
2385 5113 2561 5169 Jesus
2587 5112 2852 5169 Salvator
2870 5115 3256 5186 ejus,auferet
3271 5115 3342 5170 ab
3361 5114 3459 5170 illo
3476 5132 3610 5171 eum

1967 5202 2021 5256 vi
2054 5206 2111 5257 et
2141 5218 2277 5257 eum
2307 5201 2586 5258 violentia
2619 5219 2631 5257 :
2667 5207 2725 5257 et
2756 5202 2948 5257 mittet
2996 5202 3185 5269 illum,
3217 5202 3304 5258 vel
3355 5203 3615 5261 includet

1968 5308 2102 5346 cum
2135 5290 2416 5358 tumultu,
2434 5291 2489 5345 id
2525 5295 2635 5357 est,
2653 5308 2787 5345 cum
2812 5307 3023 5363 magno
3046 5291 3241 5347 sonitu
3268 5292 3328 5347 in
3348 5292 3609 5351 inferno:

1966 5380 2120 5436 sicut
2148 5380 2289 5435 dicit
2320 5379 2633 5435 Psalmista
2670 5381 2894 5451 (Psalm.
2930 5384 3028 5449 1x),
3061 5383 3183 5436 tam
3228 5382 3299 5437 de
3350 5383 3613 5455 reprobis

1965 5486 2147 5541 quam
2178 5469 2248 5523 de
2262 5467 2520 5523 diabolo:
2546 5468 2719 5523 Periit
2734 5468 3227 5526 memoriaeorum
3241 5489 3377 5527 cum
3390 5472 3585 5530 sonitu
3597 5516 3611 5529 .

2037 5582 2064 5608 ‹‹
2081 5556 2575 5613 Etvestimentum
2595 5557 2846 5613 mixtum
2868 5558 3175 5633 sanguine.
3195 5583 3224 5611 ››
3247 5561 3394 5628 Quid
3412 5579 3616 5635 perve-

1963 5648 2310 5706 stimentum
2342 5645 2455 5704 nisi
2486 5645 2923 5725 diabolum,qui
2954 5648 3165 5725 plenus
3186 5654 3311 5709 erat
3325 5651 3614 5730 sanguine
