  <div class='ocr_page' id='page_1' title='image "/cluster/home/n/w/nwhite01/storage/ocr_20150623/116/hvd.32044054759808/392.png"; bbox 0 0 4048 6190; ppageno 0'>
   <div class='ocr_carea' id='block_1_1' title="bbox 171 338 290 399">
    <p class='ocr_par' dir='ltr' id='par_1_1' title="bbox 171 338 290 399">
     <span class='ocr_line' id='line_1_1' title="bbox 171 338 290 399; baseline -0.017 0"><span class='ocrx_word' id='word_1_1' title='bbox 171 338 290 399; x_wconf 83' lang='grc'><strong>773</strong></span> 
     </span>
    </p>
   </div>
   <div class='ocr_carea' id='block_1_2' title="bbox 1236 339 2539 407">
    <p class='ocr_par' dir='ltr' id='par_1_2' title="bbox 1236 339 2539 407">
     <span class='ocr_line' id='line_1_2' title="bbox 1236 339 2539 407; baseline -0.001 -1"><span class='ocrx_word' id='word_1_2' title='bbox 1236 342 1643 406; x_wconf 86' lang='lat' dir='ltr'><strong>COMMENT.</strong></span> <span class='ocrx_word' id='word_1_3' title='bbox 1690 342 1763 403; x_wconf 82' lang='grc' dir='ltr'><strong>ΙΝ</strong></span> <span class='ocrx_word' id='word_1_4' title='bbox 1809 339 2100 402; x_wconf 86' lang='lat' dir='ltr'><strong>ISAIAM.</strong></span> <span class='ocrx_word' id='word_1_5' title='bbox 2151 376 2227 388; x_wconf 88' lang='lat'><strong>-—</strong></span> <span class='ocrx_word' id='word_1_6' title='bbox 2267 343 2417 405; x_wconf 90' lang='lat' dir='ltr'><strong>LIB.</strong></span> <span class='ocrx_word' id='word_1_7' title='bbox 2463 344 2539 407; x_wconf 89' lang='lat' dir='ltr'><strong>II.</strong></span> 
     </span>
    </p>
   </div>
   <div class='ocr_carea' id='block_1_3' title="bbox 3471 357 3589 419">
    <p class='ocr_par' dir='ltr' id='par_1_3' title="bbox 3471 357 3589 419">
     <span class='ocr_line' id='line_1_3' title="bbox 3471 357 3589 419; baseline 0.025 -3"><span class='ocrx_word' id='word_1_8' title='bbox 3471 357 3589 419; x_wconf 74' lang='grc'><strong>’174</strong></span> 
     </span>
    </p>
   </div>
   <div class='ocr_carea' id='block_1_4' title="bbox 170 469 3590 557">
    <p class='ocr_par' dir='ltr' id='par_1_4' title="bbox 170 469 3590 557">
     <span class='ocr_line' id='line_1_4' title="bbox 170 469 3590 557; baseline 0.005 -30"><span class='ocrx_word' id='word_1_9' title='bbox 170 469 391 527; x_wconf 89' lang='lat' dir='ltr'><strong>tribus.</strong></span> <span class='ocrx_word' id='word_1_10' title='bbox 407 470 525 527; x_wconf 81' lang='lat' dir='ltr'><strong>Hoc</strong></span> <span class='ocrx_word' id='word_1_11' title='bbox 542 474 632 528; x_wconf 89' lang='lat' dir='ltr'><strong>est</strong></span> <span class='ocrx_word' id='word_1_12' title='bbox 651 472 805 544; x_wconf 92' lang='lat' dir='ltr'><strong>quod</strong></span> <span class='ocrx_word' id='word_1_13' title='bbox 824 474 1098 548; x_wconf 85' lang='lat' dir='ltr'><strong>superius</strong></span> <span class='ocrx_word' id='word_1_14' title='bbox 1120 476 1297 533; x_wconf 83' lang='lat' dir='ltr'><strong>dixit:</strong></span> <span class='ocrx_word' id='word_1_15' title='bbox 1323 476 1461 549; x_wconf 91' lang='lat' dir='ltr'><strong>quia</strong></span> <span class='ocrx_word' id='word_1_16' title='bbox 1478 477 1622 533; x_wconf 86' lang='lat' dir='ltr'><strong>sciet</strong></span> <span class='ocrx_word' id='word_1_17' title='bbox 1638 474 1832 532; x_wconf 89' lang='lat' dir='ltr'><strong>omnis</strong></span> <span class='ocrx_word' id='word_1_18' title='bbox 1861 476 1915 543; x_wconf 77' lang='grc' dir='ltr'>Α</span> <span class='ocrx_word' id='word_1_19' title='bbox 1945 491 2093 547; x_wconf 89' lang='lat' dir='ltr'><strong>quas</strong></span> <span class='ocrx_word' id='word_1_20' title='bbox 2122 473 2245 547; x_wconf 88' lang='lat' dir='ltr'><strong>ipse</strong></span> <span class='ocrx_word' id='word_1_21' title='bbox 2266 477 2391 548; x_wconf 89' lang='lat' dir='ltr'><strong>jam</strong></span> <span class='ocrx_word' id='word_1_22' title='bbox 2414 484 2662 551; x_wconf 81' lang='lat' dir='ltr'><strong>ceperat.</strong></span> <span class='ocrx_word' id='word_1_23' title='bbox 2679 503 2706 531; x_wconf 90' lang='grc'><strong>‹‹</strong></span> <span class='ocrx_word' id='word_1_24' title='bbox 2734 481 3009 554; x_wconf 87' lang='lat' dir='ltr'><strong>Nunquid</strong></span> <span class='ocrx_word' id='word_1_25' title='bbox 3033 500 3147 540; x_wconf 92' lang='lat' dir='ltr'><strong>non</strong></span> <span class='ocrx_word' id='word_1_26' title='bbox 3165 488 3231 541; x_wconf 89' lang='lat' dir='ltr'><strong>ut</strong></span> <span class='ocrx_word' id='word_1_27' title='bbox 3244 486 3590 557; x_wconf 79' lang='lat' dir='ltr'><strong>Damascus,</strong></span> 
     </span>
    </p>
   </div>
   <div class='ocr_carea' id='block_1_5' title="bbox 172 558 1832 636">
    <p class='ocr_par' dir='ltr' id='par_1_5' title="bbox 172 558 1832 636">
     <span class='ocr_line' id='line_1_5' title="bbox 172 558 1832 636; baseline 0.004 -23"><span class='ocrx_word' id='word_1_28' title='bbox 172 558 483 631; x_wconf 87' lang='lat' dir='ltr'><strong>Ephraim.</strong></span> <span class='ocrx_word' id='word_1_29' title='bbox 518 559 668 626; x_wconf 84' lang='lat' dir='ltr'><strong>Quid</strong></span> <span class='ocrx_word' id='word_1_30' title='bbox 700 562 883 617; x_wconf 85' lang='lat' dir='ltr'><strong>sciet?</strong></span> <span class='ocrx_word' id='word_1_31' title='bbox 911 563 1058 629; x_wconf 83' lang='lat' dir='ltr'><strong>Quia</strong></span> <span class='ocrx_word' id='word_1_32' title='bbox 1105 566 1355 621; x_wconf 90' lang='lat' dir='ltr'><strong>adducet</strong></span> <span class='ocrx_word' id='word_1_33' title='bbox 1399 565 1682 621; x_wconf 85' lang='lat' dir='ltr'>Dominus</span> <span class='ocrx_word' id='word_1_34' title='bbox 1728 565 1832 636; x_wconf 77' lang='lat' dir='ltr'><strong>Sy-</strong></span> 
     </span>
    </p>
   </div>
   <div class='ocr_carea' id='block_1_6' title="bbox 173 647 1836 726">
    <p class='ocr_par' dir='ltr' id='par_1_6' title="bbox 173 647 1836 726">
     <span class='ocr_line' id='line_1_6' title="bbox 173 647 1836 726; baseline 0.002 -24"><span class='ocrx_word' id='word_1_35' title='bbox 173 648 332 703; x_wconf 83' lang='lat' dir='ltr'><strong>riam</strong></span> <span class='ocrx_word' id='word_1_36' title='bbox 366 648 441 704; x_wconf 91' lang='lat' dir='ltr'><strong>ab</strong></span> <span class='ocrx_word' id='word_1_37' title='bbox 472 647 715 715; x_wconf 81' lang='lat' dir='ltr'><strong>oriente,</strong></span> <span class='ocrx_word' id='word_1_38' title='bbox 748 667 877 722; x_wconf 68' lang='lat' dir='ltr'><strong>quae</strong></span> <span class='ocrx_word' id='word_1_39' title='bbox 908 656 1041 709; x_wconf 91' lang='lat' dir='ltr'><strong>ante</strong></span> <span class='ocrx_word' id='word_1_40' title='bbox 1069 658 1194 709; x_wconf 89' lang='lat' dir='ltr'><strong>erat</strong></span> <span class='ocrx_word' id='word_1_41' title='bbox 1223 654 1275 710; x_wconf 92' lang='lat' dir='ltr'><strong>ei</strong></span> <span class='ocrx_word' id='word_1_42' title='bbox 1324 655 1672 726; x_wconf 83' lang='lat' dir='ltr'><strong>conjuncta:</strong></span> <span class='ocrx_word' id='word_1_43' title='bbox 1707 676 1734 701; x_wconf 86' lang='lat'><strong>«</strong></span> <span class='ocrx_word' id='word_1_44' title='bbox 1767 653 1836 707; x_wconf 88' lang='lat' dir='ltr'><strong>Et</strong></span> 
     </span>
    </p>
   </div>
   <div class='ocr_carea' id='block_1_7' title="bbox 176 735 1836 814">
    <p class='ocr_par' dir='ltr' id='par_1_7' title="bbox 176 735 1836 814">
     <span class='ocr_line' id='line_1_7' title="bbox 176 735 1836 814; baseline 0.002 -22"><span class='ocrx_word' id='word_1_45' title='bbox 176 735 503 792; x_wconf 87' lang='lat' dir='ltr'><strong>Philistiim</strong></span> <span class='ocrx_word' id='word_1_46' title='bbox 534 738 608 793; x_wconf 90' lang='lat' dir='ltr'><strong>ab</strong></span> <span class='ocrx_word' id='word_1_47' title='bbox 636 738 957 808; x_wconf 89' lang='lat' dir='ltr'><strong>occidente,</strong></span> <span class='ocrx_word' id='word_1_48' title='bbox 992 764 1020 790; x_wconf 86' lang='lat'>»</span> <span class='ocrx_word' id='word_1_49' title='bbox 1053 742 1192 814; x_wconf 90' lang='lat' dir='ltr'><strong>quia</strong></span> <span class='ocrx_word' id='word_1_50' title='bbox 1238 742 1312 797; x_wconf 89' lang='lat' dir='ltr'><strong>ah</strong></span> <span class='ocrx_word' id='word_1_51' title='bbox 1360 742 1624 799; x_wconf 81' lang='lat' dir='ltr'><strong>orientali</strong></span> <span class='ocrx_word' id='word_1_52' title='bbox 1665 740 1836 813; x_wconf 80' lang='lat' dir='ltr'><strong>plaga</strong></span> 
     </span>
    </p>
   </div>
   <div class='ocr_carea' id='block_1_8' title="bbox 177 824 1831 900">
    <p class='ocr_par' dir='ltr' id='par_1_8' title="bbox 177 824 1831 900">
     <span class='ocr_line' id='line_1_8' title="bbox 177 824 1831 900; baseline 0.002 -21"><span class='ocrx_word' id='word_1_53' title='bbox 177 830 351 880; x_wconf 89' lang='lat' dir='ltr'><strong>erant</strong></span> <span class='ocrx_word' id='word_1_54' title='bbox 380 824 485 880; x_wconf 83' lang='lat' dir='ltr'><strong>ﬁlii</strong></span> <span class='ocrx_word' id='word_1_55' title='bbox 532 826 730 895; x_wconf 84' lang='lat' dir='ltr'><strong>Israel,</strong></span> <span class='ocrx_word' id='word_1_56' title='bbox 765 828 891 900; x_wconf 81' lang='lat' dir='ltr'><strong>Syri</strong></span> <span class='ocrx_word' id='word_1_57' title='bbox 938 834 995 885; x_wconf 89' lang='lat' dir='ltr'><strong>ct</strong></span> <span class='ocrx_word' id='word_1_58' title='bbox 1025 829 1335 886; x_wconf 89' lang='lat' dir='ltr'><strong>Philistiim</strong></span> <span class='ocrx_word' id='word_1_59' title='bbox 1369 832 1438 886; x_wconf 89' lang='lat' dir='ltr'><strong>ab</strong></span> <span class='ocrx_word' id='word_1_60' title='bbox 1469 828 1831 886; x_wconf 85' lang='lat' dir='ltr'><strong>occidentali.</strong></span> 
     </span>
    </p>
   </div>
   <div class='ocr_carea' id='block_1_9' title="bbox 176 914 1834 985">
    <p class='ocr_par' dir='ltr' id='par_1_9' title="bbox 176 914 1834 985">
     <span class='ocr_line' id='line_1_9' title="bbox 176 914 1834 985; baseline 0.002 -17"><span class='ocrx_word' id='word_1_61' title='bbox 176 915 308 979; x_wconf 86' lang='lat' dir='ltr'><strong>Quo</strong></span> <span class='ocrx_word' id='word_1_62' title='bbox 338 917 604 985; x_wconf 91' lang='lat' dir='ltr'><strong>tempore</strong></span> <span class='ocrx_word' id='word_1_63' title='bbox 636 914 856 971; x_wconf 85' lang='lat' dir='ltr'><strong>factum</strong></span> <span class='ocrx_word' id='word_1_64' title='bbox 886 918 1150 975; x_wconf 90' lang='lat' dir='ltr'><strong>esthoc?</strong></span> <span class='ocrx_word' id='word_1_65' title='bbox 1169 920 1411 985; x_wconf 86' lang='lat' dir='ltr'><strong>Quando</strong></span> <span class='ocrx_word' id='word_1_66' title='bbox 1440 917 1834 975; x_wconf 90' lang='lat' dir='ltr'><strong>Sennacherib</strong></span> 
     </span>
    </p>
   </div>
   <div class='ocr_carea' id='block_1_10' title="bbox 177 1002 1838 1078">
    <p class='ocr_par' dir='ltr' id='par_1_10' title="bbox 177 1002 1838 1078">
     <span class='ocr_line' id='line_1_10' title="bbox 177 1002 1838 1078; baseline 0.002 -21"><span class='ocrx_word' id='word_1_67' title='bbox 177 1002 342 1075; x_wconf 89' lang='lat' dir='ltr'><strong>cepit</strong></span> <span class='ocrx_word' id='word_1_68' title='bbox 371 1003 572 1075; x_wconf 79' lang='lat' dir='ltr'><strong>Syrios</strong></span> <span class='ocrx_word' id='word_1_69' title='bbox 600 1007 658 1060; x_wconf 92' lang='lat' dir='ltr'><strong>et</strong></span> <span class='ocrx_word' id='word_1_70' title='bbox 688 1003 1105 1076; x_wconf 82' lang='lat' dir='ltr'><strong>Philistaeos,ct</strong></span> <span class='ocrx_word' id='word_1_71' title='bbox 1134 1008 1351 1078; x_wconf 87' lang='lat' dir='ltr'><strong>pariter</strong></span> <span class='ocrx_word' id='word_1_72' title='bbox 1369 1024 1503 1063; x_wconf 90' lang='lat' dir='ltr'><strong>cum</strong></span> <span class='ocrx_word' id='word_1_73' title='bbox 1531 1008 1647 1063; x_wconf 89' lang='lat' dir='ltr'><strong>illis</strong></span> <span class='ocrx_word' id='word_1_74' title='bbox 1680 1006 1838 1063; x_wconf 85' lang='lat' dir='ltr'><strong>venit</strong></span> 
     </span>
    </p>
   </div>
   <div class='ocr_carea' id='block_1_11' title="bbox 179 1080 842 1163">
    <p class='ocr_par' dir='ltr' id='par_1_11' title="bbox 179 1080 842 1163">
     <span class='ocr_line' id='line_1_11' title="bbox 179 1080 842 1163; baseline 0.006 -17"><span class='ocrx_word' id='word_1_75' title='bbox 179 1108 368 1163; x_wconf 87' lang='lat' dir='ltr'><strong>super</strong></span> <span class='ocrx_word' id='word_1_76' title='bbox 395 1080 598 1147; x_wconf 73' lang='lat' dir='ltr'><strong>decem</strong></span> <span class='ocrx_word' id='word_1_77' title='bbox 628 1092 842 1150; x_wconf 87' lang='lat' dir='ltr'><strong>tribus.</strong></span> 
     </span>
    </p>
   </div>
   <div class='ocr_carea' id='block_1_12' title="bbox 257 1180 1837 1254">
    <p class='ocr_par' dir='ltr' id='par_1_12' title="bbox 257 1180 1837 1254">
     <span class='ocr_line' id='line_1_12' title="bbox 257 1180 1837 1254; baseline 0.005 -22"><span class='ocrx_word' id='word_1_78' title='bbox 257 1202 287 1230; x_wconf 85' lang='grc'><em>‹‹</em></span> <span class='ocrx_word' id='word_1_79' title='bbox 315 1180 404 1235; x_wconf 85' lang='lat' dir='ltr'><strong>Ad</strong></span> <span class='ocrx_word' id='word_1_80' title='bbox 435 1182 862 1253; x_wconf 89' lang='lat' dir='ltr'><strong>percutientem</strong></span> <span class='ocrx_word' id='word_1_81' title='bbox 893 1200 976 1252; x_wconf 89' lang='lat' dir='ltr'><strong>se,</strong></span> <span class='ocrx_word' id='word_1_82' title='bbox 1012 1207 1041 1234; x_wconf 88' lang='grc'><strong>››</strong></span> <span class='ocrx_word' id='word_1_83' title='bbox 1072 1186 1128 1240; x_wconf 94' lang='lat' dir='ltr'><strong>id</strong></span> <span class='ocrx_word' id='word_1_84' title='bbox 1175 1191 1283 1254; x_wconf 89' lang='lat' dir='ltr'><strong>est,</strong></span> <span class='ocrx_word' id='word_1_85' title='bbox 1317 1187 1389 1242; x_wconf 91' lang='lat' dir='ltr'><strong>ad</strong></span> <span class='ocrx_word' id='word_1_86' title='bbox 1440 1187 1647 1242; x_wconf 90' lang='lat' dir='ltr'><strong>Deum.</strong></span> <span class='ocrx_word' id='word_1_87' title='bbox 1680 1210 1707 1235; x_wconf 86' lang='grc'><strong>‹‹</strong></span> <span class='ocrx_word' id='word_1_88' title='bbox 1742 1186 1837 1240; x_wconf 88' lang='lat' dir='ltr'><strong>ln-</strong></span> 
     </span>
    </p>
   </div>
   <div class='ocr_carea' id='block_1_13' title="bbox 181 1271 1836 1347">
    <p class='ocr_par' dir='ltr' id='par_1_13' title="bbox 181 1271 1836 1347">
     <span class='ocr_line' id='line_1_13' title="bbox 181 1271 1836 1347; baseline 0.002 -22"><span class='ocrx_word' id='word_1_89' title='bbox 181 1273 551 1325; x_wconf 86' lang='lat' dir='ltr'><strong>curvantem.</strong></span> <span class='ocrx_word' id='word_1_90' title='bbox 580 1292 608 1320; x_wconf 85' lang='lat'>»</span> <span class='ocrx_word' id='word_1_91' title='bbox 642 1271 950 1329; x_wconf 89' lang='lat' dir='ltr'><strong>Incurvare</strong></span> <span class='ocrx_word' id='word_1_92' title='bbox 980 1278 1071 1329; x_wconf 89' lang='lat' dir='ltr'><strong>est</strong></span> <span class='ocrx_word' id='word_1_93' title='bbox 1091 1274 1199 1330; x_wconf 90' lang='lat' dir='ltr'><strong>hoc</strong></span> <span class='ocrx_word' id='word_1_94' title='bbox 1237 1276 1391 1347; x_wconf 91' lang='lat' dir='ltr'><strong>quod</strong></span> <span class='ocrx_word' id='word_1_95' title='bbox 1413 1280 1501 1332; x_wconf 89' lang='lat' dir='ltr'><strong>est</strong></span> <span class='ocrx_word' id='word_1_96' title='bbox 1522 1279 1745 1331; x_wconf 88' lang='lat' dir='ltr'><strong>rectum</strong></span> <span class='ocrx_word' id='word_1_97' title='bbox 1778 1273 1836 1329; x_wconf 91' lang='lat' dir='ltr'><strong>in</strong></span> 
     </span>
    </p>
   </div>
   <div class='ocr_carea' id='block_1_14' title="bbox 183 1358 1839 1439">
    <p class='ocr_par' dir='ltr' id='par_1_14' title="bbox 183 1358 1839 1439">
     <span class='ocr_line' id='line_1_14' title="bbox 183 1358 1839 1439; baseline 0.003 -27"><span class='ocrx_word' id='word_1_98' title='bbox 183 1358 434 1415; x_wconf 82' lang='lat' dir='ltr'><strong>alteram</strong></span> <span class='ocrx_word' id='word_1_99' title='bbox 464 1363 688 1431; x_wconf 86' lang='lat' dir='ltr'><strong>partem</strong></span> <span class='ocrx_word' id='word_1_100' title='bbox 718 1361 965 1418; x_wconf 83' lang='lat' dir='ltr'><strong>flectere.</strong></span> <span class='ocrx_word' id='word_1_101' title='bbox 987 1386 1015 1439; x_wconf 61' lang='grc' dir='ltr'><strong>ς(</strong></span> <span class='ocrx_word' id='word_1_102' title='bbox 1039 1363 1110 1419; x_wconf 89' lang='lat' dir='ltr'><strong>Et</strong></span> <span class='ocrx_word' id='word_1_103' title='bbox 1129 1364 1563 1437; x_wconf 89' lang='lat' dir='ltr'><strong>depravantem.</strong></span> <span class='ocrx_word' id='word_1_104' title='bbox 1587 1386 1614 1413; x_wconf 82' lang='lat'>»</span> <span class='ocrx_word' id='word_1_105' title='bbox 1646 1362 1839 1434; x_wconf 86' lang='lat' dir='ltr'><strong>Aliqui</strong></span> 
     </span>
    </p>
   </div>
   <div class='ocr_carea' id='block_1_15' title="bbox 183 1446 1839 1526">
    <p class='ocr_par' dir='ltr' id='par_1_15' title="bbox 183 1446 1839 1526">
     <span class='ocr_line' id='line_1_15' title="bbox 183 1446 1839 1526; baseline 0.003 -24"><span class='ocrx_word' id='word_1_106' title='bbox 183 1446 421 1503; x_wconf 89' lang='lat' dir='ltr'><strong>codices</strong></span> <span class='ocrx_word' id='word_1_107' title='bbox 448 1447 667 1505; x_wconf 85' lang='lat' dir='ltr'><strong>habent</strong></span> <span class='ocrx_word' id='word_1_108' title='bbox 696 1450 1224 1517; x_wconf 90' lang='lat' dir='ltr'><strong>refrenantem,sed</strong></span> <span class='ocrx_word' id='word_1_109' title='bbox 1245 1453 1392 1509; x_wconf 88' lang='lat' dir='ltr'><strong>falso</strong></span> <span class='ocrx_word' id='word_1_110' title='bbox 1414 1454 1697 1526; x_wconf 85' lang='lat' dir='ltr'><strong>scriptum</strong></span> <span class='ocrx_word' id='word_1_111' title='bbox 1729 1455 1839 1508; x_wconf 89' lang='lat' dir='ltr'><strong>est.</strong></span> 
     </span>
    </p>
   </div>
   <div class='ocr_carea' id='block_1_16' title="bbox 184 1535 1841 1615">
    <p class='ocr_par' dir='ltr' id='par_1_16' title="bbox 184 1535 1841 1615">
     <span class='ocr_line' id='line_1_16' title="bbox 184 1535 1841 1615; baseline 0.004 -25"><span class='ocrx_word' id='word_1_112' title='bbox 184 1535 618 1608; x_wconf 88' lang='lat' dir='ltr'><strong>Depravantem</strong></span> <span class='ocrx_word' id='word_1_113' title='bbox 650 1542 848 1594; x_wconf 88' lang='lat' dir='ltr'><strong>autem</strong></span> <span class='ocrx_word' id='word_1_114' title='bbox 880 1538 1040 1606; x_wconf 86' lang='lat' dir='ltr'><strong>dicit,</strong></span> <span class='ocrx_word' id='word_1_115' title='bbox 1073 1540 1210 1613; x_wconf 90' lang='lat' dir='ltr'><strong>quia</strong></span> <span class='ocrx_word' id='word_1_116' title='bbox 1239 1540 1335 1597; x_wconf 90' lang='lat' dir='ltr'><strong>ille</strong></span> <span class='ocrx_word' id='word_1_117' title='bbox 1366 1542 1617 1615; x_wconf 91' lang='lat' dir='ltr'><strong>populus</strong></span> <span class='ocrx_word' id='word_1_118' title='bbox 1635 1541 1841 1614; x_wconf 89' lang='lat' dir='ltr'><strong>depra-</strong></span> 
     </span>
    </p>
   </div>
   <div class='ocr_carea' id='block_1_17' title="bbox 184 1623 1841 1703">
    <p class='ocr_par' dir='ltr' id='par_1_17' title="bbox 184 1623 1841 1703">
     <span class='ocr_line' id='line_1_17' title="bbox 184 1623 1841 1703; baseline 0.004 -25"><span class='ocrx_word' id='word_1_119' title='bbox 184 1623 367 1680; x_wconf 85' lang='lat' dir='ltr'><strong>vabat</strong></span> <span class='ocrx_word' id='word_1_120' title='bbox 394 1628 454 1680; x_wconf 91' lang='lat' dir='ltr'><strong>et</strong></span> <span class='ocrx_word' id='word_1_121' title='bbox 482 1628 894 1699; x_wconf 85' lang='lat' dir='ltr'><strong>corrumpebat</strong></span> <span class='ocrx_word' id='word_1_122' title='bbox 918 1627 1107 1702; x_wconf 86' lang='lat' dir='ltr'><strong>legem</strong></span> <span class='ocrx_word' id='word_1_123' title='bbox 1141 1629 1322 1697; x_wconf 89' lang='lat' dir='ltr'><strong>Dei,et</strong></span> <span class='ocrx_word' id='word_1_124' title='bbox 1351 1630 1504 1686; x_wconf 90' lang='lat' dir='ltr'><strong>viam</strong></span> <span class='ocrx_word' id='word_1_125' title='bbox 1529 1646 1841 1703; x_wconf 90' lang='lat' dir='ltr'><strong>gressuum</strong></span> 
     </span>
    </p>
   </div>
   <div class='ocr_carea' id='block_1_18' title="bbox 182 1728 457 1769">
    <p class='ocr_par' dir='ltr' id='par_1_18' title="bbox 182 1728 457 1769">
     <span class='ocr_line' id='line_1_18' title="bbox 182 1728 457 1769; baseline 0.004 -2"><span class='ocrx_word' id='word_1_126' title='bbox 182 1728 457 1769; x_wconf 85' lang='lat' dir='ltr'><strong>suorum.</strong></span> 
     </span>
    </p>
   </div>
   <div class='ocr_carea' id='block_1_19' title="bbox 258 1802 1839 1881">
    <p class='ocr_par' dir='ltr' id='par_1_19' title="bbox 258 1802 1839 1881">
     <span class='ocr_line' id='line_1_19' title="bbox 258 1802 1839 1881; baseline 0.003 -24"><span class='ocrx_word' id='word_1_127' title='bbox 258 1825 287 1851; x_wconf 76' lang='lat' dir='ltr'><strong><em>u</em></strong></span> <span class='ocrx_word' id='word_1_128' title='bbox 325 1802 397 1857; x_wconf 91' lang='lat' dir='ltr'><strong>Et</strong></span> <span class='ocrx_word' id='word_1_129' title='bbox 425 1807 600 1859; x_wconf 90' lang='lat' dir='ltr'><strong>erunt</strong></span> <span class='ocrx_word' id='word_1_130' title='bbox 631 1805 731 1877; x_wconf 90' lang='lat' dir='ltr'><strong>qui</strong></span> <span class='ocrx_word' id='word_1_131' title='bbox 762 1805 1098 1863; x_wconf 84' lang='lat' dir='ltr'><strong>heatificant</strong></span> <span class='ocrx_word' id='word_1_132' title='bbox 1126 1808 1409 1881; x_wconf 89' lang='lat' dir='ltr'><strong>populum</strong></span> <span class='ocrx_word' id='word_1_133' title='bbox 1440 1809 1619 1865; x_wconf 89' lang='lat' dir='ltr'><strong>istum</strong></span> <span class='ocrx_word' id='word_1_134' title='bbox 1639 1807 1839 1881; x_wconf 72' lang='grc' dir='ltr'><strong>ρι’ωοί-</strong></span> 
     </span>
    </p>
   </div>
   <div class='ocr_carea' id='block_1_20' title="bbox 1943 562 3592 634">
    <p class='ocr_par' dir='ltr' id='par_1_20' title="bbox 1943 562 3592 634">
     <span class='ocr_line' id='line_1_20' title="bbox 1943 562 3592 634; baseline 0.009 -16"><span class='ocrx_word' id='word_1_135' title='bbox 1943 562 2025 619; x_wconf 91' lang='lat' dir='ltr'><strong>sic</strong></span> <span class='ocrx_word' id='word_1_136' title='bbox 2058 564 2343 632; x_wconf 84' lang='lat' dir='ltr'><strong>Samaria,</strong></span> <span class='ocrx_word' id='word_1_137' title='bbox 2374 588 2402 616; x_wconf 88' lang='lat'><strong>»</strong></span> <span class='ocrx_word' id='word_1_138' title='bbox 2436 569 2545 623; x_wconf 90' lang='lat' dir='ltr'><strong>sub</strong></span> <span class='ocrx_word' id='word_1_139' title='bbox 2581 586 2713 625; x_wconf 90' lang='lat' dir='ltr'><strong>mea</strong></span> <span class='ocrx_word' id='word_1_140' title='bbox 2742 570 3137 628; x_wconf 87' lang='lat' dir='ltr'><strong>dominatione</strong></span> <span class='ocrx_word' id='word_1_141' title='bbox 3167 576 3456 631; x_wconf 89' lang='lat' dir='ltr'><strong>consistit.</strong></span> <span class='ocrx_word' id='word_1_142' title='bbox 3480 578 3592 634; x_wconf 89' lang='lat' dir='ltr'><strong>Da-</strong></span> 
     </span>
    </p>
   </div>
   <div class='ocr_carea' id='block_1_21' title="bbox 1943 653 3590 734">
    <p class='ocr_par' dir='ltr' id='par_1_21' title="bbox 1943 653 3590 734">
     <span class='ocr_line' id='line_1_21' title="bbox 1943 653 3590 734; baseline 0.01 -30"><span class='ocrx_word' id='word_1_143' title='bbox 1943 667 2179 706; x_wconf 88' lang='lat' dir='ltr'><strong>mascus</strong></span> <span class='ocrx_word' id='word_1_144' title='bbox 2209 653 2413 710; x_wconf 85' lang='lat' dir='ltr'><strong>civitas</strong></span> <span class='ocrx_word' id='word_1_145' title='bbox 2444 660 2533 711; x_wconf 90' lang='lat' dir='ltr'><strong>est</strong></span> <span class='ocrx_word' id='word_1_146' title='bbox 2580 657 2917 729; x_wconf 83' lang='lat' dir='ltr'><strong>metropolis</strong></span> <span class='ocrx_word' id='word_1_147' title='bbox 2948 663 3006 714; x_wconf 91' lang='lat' dir='ltr'><strong>et</strong></span> <span class='ocrx_word' id='word_1_148' title='bbox 3034 661 3211 733; x_wconf 87' lang='lat' dir='ltr'><strong>regia,</strong></span> <span class='ocrx_word' id='word_1_149' title='bbox 3243 679 3419 734; x_wconf 90' lang='lat' dir='ltr'><strong>quam</strong></span> <span class='ocrx_word' id='word_1_150' title='bbox 3453 682 3590 721; x_wconf 91' lang='lat' dir='ltr'><strong>con-</strong></span> 
     </span>
    </p>
   </div>
   <div class='ocr_carea' id='block_1_22' title="bbox 1943 737 3646 825">
    <p class='ocr_par' dir='ltr' id='par_1_22' title="bbox 1943 737 3646 825">
     <span class='ocr_line' id='line_1_22' title="bbox 1943 737 3646 825; baseline 0.011 -35"><span class='ocrx_word' id='word_1_151' title='bbox 1943 737 2091 792; x_wconf 90' lang='lat' dir='ltr'><strong>didit</strong></span> <span class='ocrx_word' id='word_1_152' title='bbox 2122 757 2320 796; x_wconf 87' lang='lat' dir='ltr'><strong>servus</strong></span> <span class='ocrx_word' id='word_1_153' title='bbox 2348 743 2641 798; x_wconf 85' lang='lat' dir='ltr'><strong>Abraham</strong></span> <span class='ocrx_word' id='word_1_154' title='bbox 2672 744 2909 814; x_wconf 87' lang='lat' dir='ltr'><strong>Eliezer,</strong></span> <span class='ocrx_word' id='word_1_155' title='bbox 2943 766 3120 821; x_wconf 86' lang='lat' dir='ltr'><strong>super</strong></span> <span class='ocrx_word' id='word_1_156' title='bbox 3166 767 3342 822; x_wconf 87' lang='lat' dir='ltr'><strong>quam</strong></span> <span class='ocrx_word' id='word_1_157' title='bbox 3384 768 3590 825; x_wconf 85' lang='lat' dir='ltr'><strong>regna—</strong></span> <span class='ocrx_word' id='word_1_158' title='bbox 3640 765 3646 771; x_wconf 91' lang='lat'>&#39;</span> 
     </span>
    </p>
   </div>
   <div class='ocr_carea' id='block_1_23' title="bbox 1944 826 2272 883">
    <p class='ocr_par' dir='ltr' id='par_1_23' title="bbox 1944 826 2272 883">
     <span class='ocr_line' id='line_1_23' title="bbox 1944 826 2272 883; baseline 0.009 -3"><span class='ocrx_word' id='word_1_159' title='bbox 1944 826 2043 881; x_wconf 88' lang='lat' dir='ltr'><strong>bat</strong></span> <span class='ocrx_word' id='word_1_160' title='bbox 2074 828 2272 883; x_wconf 83' lang='lat' dir='ltr'><strong>Rnsin.</strong></span> 
     </span>
    </p>
   </div>
   <div class='ocr_carea' id='block_1_24' title="bbox 2018 918 3591 1000">
    <p class='ocr_par' dir='ltr' id='par_1_24' title="bbox 2018 918 3591 1000">
     <span class='ocr_line' id='line_1_24' title="bbox 2018 918 3591 1000; baseline 0.011 -31"><span class='ocrx_word' id='word_1_161' title='bbox 2018 918 2359 983; x_wconf 86' lang='lat' dir='ltr'><strong>«Quomodo</strong></span> <span class='ocrx_word' id='word_1_162' title='bbox 2381 918 2600 975; x_wconf 84' lang='lat' dir='ltr'><strong>invenit</strong></span> <span class='ocrx_word' id='word_1_163' title='bbox 2624 939 2836 978; x_wconf 91' lang='lat' dir='ltr'><strong>manus</strong></span> <span class='ocrx_word' id='word_1_164' title='bbox 2868 925 3036 980; x_wconf 84' lang='lat' dir='ltr'><strong>mea?</strong></span> <span class='ocrx_word' id='word_1_165' title='bbox 3058 950 3085 976; x_wconf 87' lang='grc'><strong><em>››</em></strong></span> <span class='ocrx_word' id='word_1_166' title='bbox 3109 926 3167 981; x_wconf 91' lang='lat' dir='ltr'><strong>id</strong></span> <span class='ocrx_word' id='word_1_167' title='bbox 3203 932 3311 1000; x_wconf 89' lang='lat' dir='ltr'><strong>est,</strong></span> <span class='ocrx_word' id='word_1_168' title='bbox 3334 933 3591 1000; x_wconf 84' lang='lat' dir='ltr'><strong>potestas</strong></span> 
     </span>
    </p>
   </div>
   <div class='ocr_carea' id='block_1_25' title="bbox 1947 1007 3590 1087">
    <p class='ocr_par' dir='ltr' id='par_1_25' title="bbox 1947 1007 3590 1087">
     <span class='ocr_line' id='line_1_25' title="bbox 1947 1007 3590 1087; baseline 0.008 -28"><span class='ocrx_word' id='word_1_169' title='bbox 1947 1018 2097 1069; x_wconf 78' lang='lat' dir='ltr'><strong>mea,</strong></span> <span class='ocrx_word' id='word_1_170' title='bbox 2120 1026 2146 1052; x_wconf 90' lang='grc'><strong>‹‹</strong></span> <span class='ocrx_word' id='word_1_171' title='bbox 2175 1022 2353 1077; x_wconf 88' lang='lat' dir='ltr'><strong>regna</strong></span> <span class='ocrx_word' id='word_1_172' title='bbox 2382 1007 2519 1062; x_wconf 92' lang='lat' dir='ltr'><strong>idoli</strong></span> <span class='ocrx_word' id='word_1_173' title='bbox 2540 1008 2699 1065; x_wconf 75' lang='lat' dir='ltr'><strong>nVox</strong></span> <span class='ocrx_word' id='word_1_174' title='bbox 2720 1011 3118 1069; x_wconf 88' lang='lat' dir='ltr'><strong>Sennacherib</strong></span> <span class='ocrx_word' id='word_1_175' title='bbox 3140 1016 3590 1087; x_wconf 88' lang='lat' dir='ltr'><strong>qualiteradmi-</strong></span> 
     </span>
    </p>
   </div>
   <div class='ocr_carea' id='block_1_26' title="bbox 1947 1091 3594 1176">
    <p class='ocr_par' dir='ltr' id='par_1_26' title="bbox 1947 1091 3594 1176">
     <span class='ocr_line' id='line_1_26' title="bbox 1947 1091 3594 1176; baseline 0.011 -32"><span class='ocrx_word' id='word_1_176' title='bbox 1947 1091 2187 1146; x_wconf 87' lang='lat' dir='ltr'><strong>rabatur</strong></span> <span class='ocrx_word' id='word_1_177' title='bbox 2215 1095 2285 1148; x_wconf 91' lang='lat' dir='ltr'><strong>de</strong></span> <span class='ocrx_word' id='word_1_178' title='bbox 2317 1111 2427 1149; x_wconf 88' lang='lat' dir='ltr'><strong>sua</strong></span> <span class='ocrx_word' id='word_1_179' title='bbox 2454 1098 2818 1167; x_wconf 87' lang='lat' dir='ltr'><strong>potentia.Et</strong></span> <span class='ocrx_word' id='word_1_180' title='bbox 2846 1118 2958 1156; x_wconf 93' lang='lat' dir='ltr'><strong>non</strong></span> <span class='ocrx_word' id='word_1_181' title='bbox 2992 1105 3081 1157; x_wconf 90' lang='lat' dir='ltr'><strong>est</strong></span> <span class='ocrx_word' id='word_1_182' title='bbox 3107 1102 3416 1176; x_wconf 90' lang='lat' dir='ltr'><strong>legendum</strong></span> <span class='ocrx_word' id='word_1_183' title='bbox 3441 1107 3594 1162; x_wconf 83' lang='lat' dir='ltr'><strong>afﬁr-</strong></span> 
     </span>
    </p>
   </div>
   <div class='ocr_carea' id='block_1_27' title="bbox 1947 1180 3591 1262">
    <p class='ocr_par' dir='ltr' id='par_1_27' title="bbox 1947 1180 3591 1262">
     <span class='ocr_line' id='line_1_27' title="bbox 1947 1180 3591 1262; baseline 0.012 -29"><span class='ocrx_word' id='word_1_184' title='bbox 1947 1180 2288 1249; x_wconf 89' lang='lat' dir='ltr'><strong>mative,sed</strong></span> <span class='ocrx_word' id='word_1_185' title='bbox 2326 1184 2670 1241; x_wconf 88' lang='lat' dir='ltr'><strong>admirative</strong></span> <span class='ocrx_word' id='word_1_186' title='bbox 2713 1188 3216 1262; x_wconf 89' lang='lat' dir='ltr'><strong>etinterrogative.</strong></span> <span class='ocrx_word' id='word_1_187' title='bbox 3252 1195 3368 1249; x_wconf 86' lang='lat' dir='ltr'><strong>Hoc</strong></span> <span class='ocrx_word' id='word_1_188' title='bbox 3397 1199 3591 1251; x_wconf 88' lang='lat' dir='ltr'><strong>autem</strong></span> 
     </span>
    </p>
   </div>
   <div class='ocr_carea' id='block_1_28' title="bbox 1947 1269 3591 1350">
    <p class='ocr_par' dir='ltr' id='par_1_28' title="bbox 1947 1269 3591 1350">
     <span class='ocr_line' id='line_1_28' title="bbox 1947 1269 3591 1350; baseline 0.01 -28"><span class='ocrx_word' id='word_1_189' title='bbox 1947 1269 2104 1338; x_wconf 91' lang='lat' dir='ltr'><strong>quod</strong></span> <span class='ocrx_word' id='word_1_190' title='bbox 2136 1270 2420 1343; x_wconf 86' lang='lat' dir='ltr'><strong>sequitur,</strong></span> <span class='ocrx_word' id='word_1_191' title='bbox 2455 1274 2867 1332; x_wconf 86' lang='lat' dir='ltr'><strong>subauditione</strong></span> <span class='ocrx_word' id='word_1_192' title='bbox 2914 1283 3064 1350; x_wconf 84' lang='lat' dir='ltr'><strong>eget.</strong></span> <span class='ocrx_word' id='word_1_193' title='bbox 3096 1279 3165 1334; x_wconf 92' lang='lat' dir='ltr'><strong>Et</strong></span> <span class='ocrx_word' id='word_1_194' title='bbox 3216 1284 3306 1337; x_wconf 90' lang='lat' dir='ltr'><strong>est</strong></span> <span class='ocrx_word' id='word_1_195' title='bbox 3334 1298 3543 1339; x_wconf 88' lang='lat' dir='ltr'><strong>sensus</strong></span> <span class='ocrx_word' id='word_1_196' title='bbox 3575 1300 3591 1339; x_wconf 87' lang='lat'><strong>:</strong></span> 
     </span>
    </p>
   </div>
   <div class='ocr_carea' id='block_1_29' title="bbox 1948 1356 3599 1438">
    <p class='ocr_par' dir='ltr' id='par_1_29' title="bbox 1948 1356 3599 1438">
     <span class='ocr_line' id='line_1_29' title="bbox 1948 1356 3599 1438; baseline 0.009 -26"><span class='ocrx_word' id='word_1_197' title='bbox 1948 1356 2114 1412; x_wconf 90' lang='lat' dir='ltr'><strong>Sicut</strong></span> <span class='ocrx_word' id='word_1_198' title='bbox 2143 1359 2461 1416; x_wconf 90' lang='lat' dir='ltr'><strong>simulacra</strong></span> <span class='ocrx_word' id='word_1_199' title='bbox 2491 1365 2550 1417; x_wconf 89' lang='lat' dir='ltr'><strong>et</strong></span> <span class='ocrx_word' id='word_1_200' title='bbox 2577 1379 2918 1437; x_wconf 77' lang='lat' dir='ltr'><strong>regna,quze</strong></span> <span class='ocrx_word' id='word_1_201' title='bbox 2946 1366 3216 1438; x_wconf 89' lang='lat' dir='ltr'><strong>superius</strong></span> <span class='ocrx_word' id='word_1_202' title='bbox 3249 1385 3599 1427; x_wconf 90' lang='lat' dir='ltr'><strong>commemo-</strong></span> 
     </span>
    </p>
   </div>
   <div class='ocr_carea' id='block_1_30' title="bbox 1950 1446 3599 1517">
    <p class='ocr_par' dir='ltr' id='par_1_30' title="bbox 1950 1446 3599 1517">
     <span class='ocr_line' id='line_1_30' title="bbox 1950 1446 3599 1517; baseline 0.01 -17"><span class='ocrx_word' id='word_1_203' title='bbox 1950 1446 2207 1512; x_wconf 86' lang='lat' dir='ltr'><strong>ravi,sub</strong></span> <span class='ocrx_word' id='word_1_204' title='bbox 2223 1466 2349 1504; x_wconf 89' lang='lat' dir='ltr'><strong>meo</strong></span> <span class='ocrx_word' id='word_1_205' title='bbox 2367 1450 2626 1506; x_wconf 91' lang='lat' dir='ltr'><strong>dominio</strong></span> <span class='ocrx_word' id='word_1_206' title='bbox 2657 1454 2891 1510; x_wconf 89' lang='lat' dir='ltr'><strong>redacta</strong></span> <span class='ocrx_word' id='word_1_207' title='bbox 2914 1459 3080 1512; x_wconf 89' lang='lat' dir='ltr'><strong>sunt:</strong></span> <span class='ocrx_word' id='word_1_208' title='bbox 3096 1457 3181 1513; x_wconf 89' lang='lat' dir='ltr'><strong>sic</strong></span> <span class='ocrx_word' id='word_1_209' title='bbox 3204 1462 3263 1513; x_wconf 90' lang='lat' dir='ltr'><strong>et</strong></span> <span class='ocrx_word' id='word_1_210' title='bbox 3283 1458 3599 1517; x_wconf 90' lang='lat' dir='ltr'><strong>simulacra</strong></span> 
     </span>
    </p>
   </div>
   <div class='ocr_carea' id='block_1_31' title="bbox 1950 1534 3599 1617">
    <p class='ocr_par' dir='ltr' id='par_1_31' title="bbox 1950 1534 3599 1617">
     <span class='ocr_line' id='line_1_31' title="bbox 1950 1534 3599 1617; baseline 0.01 -27"><span class='ocrx_word' id='word_1_211' title='bbox 1950 1534 2226 1590; x_wconf 64' lang='lat' dir='ltr'><strong>Samaria:</strong></span> <span class='ocrx_word' id='word_1_212' title='bbox 2249 1542 2306 1592; x_wconf 91' lang='lat' dir='ltr'><strong>et</strong></span> <span class='ocrx_word' id='word_1_213' title='bbox 2321 1538 2647 1595; x_wconf 86' lang='lat' dir='ltr'><strong>Jerusalem</strong></span> <span class='ocrx_word' id='word_1_214' title='bbox 2667 1557 2800 1597; x_wconf 90' lang='lat' dir='ltr'><strong>mea</strong></span> <span class='ocrx_word' id='word_1_215' title='bbox 2819 1547 2976 1598; x_wconf 90' lang='lat' dir='ltr'><strong>sunt.</strong></span> <span class='ocrx_word' id='word_1_216' title='bbox 3002 1544 3151 1600; x_wconf 89' lang='lat' dir='ltr'><strong>Pene</strong></span> <span class='ocrx_word' id='word_1_217' title='bbox 3172 1545 3325 1602; x_wconf 87' lang='lat' dir='ltr'><strong>sicut</strong></span> <span class='ocrx_word' id='word_1_218' title='bbox 3345 1548 3599 1617; x_wconf 85' lang='lat' dir='ltr'><strong>dixit,ita</strong></span> 
     </span>
    </p>
   </div>
   <div class='ocr_carea' id='block_1_32' title="bbox 1949 1621 3600 1695">
    <p class='ocr_par' dir='ltr' id='par_1_32' title="bbox 1949 1621 3600 1695">
     <span class='ocr_line' id='line_1_32' title="bbox 1949 1621 3600 1695; baseline 0.01 -18"><span class='ocrx_word' id='word_1_219' title='bbox 1949 1624 2008 1677; x_wconf 90' lang='lat' dir='ltr'><strong>et</strong></span> <span class='ocrx_word' id='word_1_220' title='bbox 2032 1621 2309 1695; x_wconf 87' lang='lat' dir='ltr'><strong>implevit.</strong></span> <span class='ocrx_word' id='word_1_221' title='bbox 2328 1626 2473 1681; x_wconf 89' lang='lat' dir='ltr'><strong>Nam</strong></span> <span class='ocrx_word' id='word_1_222' title='bbox 2497 1644 2701 1684; x_wconf 86' lang='lat' dir='ltr'><strong>omnes</strong></span> <span class='ocrx_word' id='word_1_223' title='bbox 2730 1629 2991 1687; x_wconf 90' lang='lat' dir='ltr'><strong>civitates</strong></span> <span class='ocrx_word' id='word_1_224' title='bbox 3024 1633 3222 1689; x_wconf 92' lang='lat' dir='ltr'><strong>decem</strong></span> <span class='ocrx_word' id='word_1_225' title='bbox 3255 1635 3519 1692; x_wconf 91' lang='lat' dir='ltr'><strong>tribuum</strong></span> <span class='ocrx_word' id='word_1_226' title='bbox 3541 1641 3600 1694; x_wconf 90' lang='lat' dir='ltr'><strong>et</strong></span> 
     </span>
    </p>
   </div>
   <div class='ocr_carea' id='block_1_33' title="bbox 1953 1708 3594 1793">
    <p class='ocr_par' dir='ltr' id='par_1_33' title="bbox 1953 1708 3594 1793">
     <span class='ocr_line' id='line_1_33' title="bbox 1953 1708 3594 1793; baseline 0.01 -29"><span class='ocrx_word' id='word_1_227' title='bbox 1953 1708 2256 1782; x_wconf 86' lang='lat' dir='ltr'><strong>Benjamin</strong></span> <span class='ocrx_word' id='word_1_228' title='bbox 2280 1718 2338 1768; x_wconf 89' lang='lat' dir='ltr'><strong>et</strong></span> <span class='ocrx_word' id='word_1_229' title='bbox 2352 1714 2382 1770; x_wconf 89' lang='lat' dir='ltr'><strong>J</strong></span> <span class='ocrx_word' id='word_1_230' title='bbox 2389 1715 2505 1770; x_wconf 89' lang='lat' dir='ltr'><strong>uda</strong></span> <span class='ocrx_word' id='word_1_231' title='bbox 2521 1716 2889 1789; x_wconf 67' lang='lat' dir='ltr'><strong>deprazdatus</strong></span> <span class='ocrx_word' id='word_1_232' title='bbox 2908 1725 3015 1786; x_wconf 91' lang='lat' dir='ltr'><strong>est,</strong></span> <span class='ocrx_word' id='word_1_233' title='bbox 3022 1726 3232 1793; x_wconf 68' lang='lat' dir='ltr'><strong>praeter</strong></span> <span class='ocrx_word' id='word_1_234' title='bbox 3246 1723 3594 1781; x_wconf 88' lang='lat' dir='ltr'><strong>Jerusalem.</strong></span> 
     </span>
    </p>
   </div>
   <div class='ocr_carea' id='block_1_34' title="bbox 1952 1798 3597 1885">
    <p class='ocr_par' dir='ltr' id='par_1_34' title="bbox 1952 1798 3597 1885">
     <span class='ocr_line' id='line_1_34' title="bbox 1952 1798 3597 1885; baseline 0.011 -33"><span class='ocrx_word' id='word_1_235' title='bbox 1952 1798 2034 1853; x_wconf 89' lang='lat' dir='ltr'><strong>Ex</strong></span> <span class='ocrx_word' id='word_1_236' title='bbox 2059 1799 2386 1857; x_wconf 88' lang='lat' dir='ltr'><strong>Jerusalem</strong></span> <span class='ocrx_word' id='word_1_237' title='bbox 2411 1802 2586 1858; x_wconf 90' lang='lat' dir='ltr'><strong>etiam</strong></span> <span class='ocrx_word' id='word_1_238' title='bbox 2616 1806 3059 1878; x_wconf 89' lang='lat' dir='ltr'><strong>comprehendit</strong></span> <span class='ocrx_word' id='word_1_239' title='bbox 3087 1810 3419 1868; x_wconf 86' lang='lat' dir='ltr'><strong>inferiorem</strong></span> <span class='ocrx_word' id='word_1_240' title='bbox 3459 1830 3597 1885; x_wconf 91' lang='lat' dir='ltr'><strong>par-</strong></span> 
     </span>
    </p>
   </div>
   <div class='ocr_carea' id='block_1_35' title="bbox 178 1860 3559 1973">
    <p class='ocr_par' dir='ltr' id='par_1_35' title="bbox 178 1860 3559 1973">
     <span class='ocr_line' id='line_1_35' title="bbox 178 1860 3559 1973; baseline 0.009 -29"><span class='ocrx_word' id='word_1_241' title='bbox 178 1889 377 1961; x_wconf 88' lang='lat' dir='ltr'><strong>pitati,</strong></span> <span class='ocrx_word' id='word_1_242' title='bbox 408 1894 466 1947; x_wconf 91' lang='lat' dir='ltr'><strong>ct</strong></span> <span class='ocrx_word' id='word_1_243' title='bbox 490 1860 743 1964; x_wconf 78' lang='lat' dir='ltr'><strong>populus</strong></span> <span class='ocrx_word' id='word_1_244' title='bbox 1869 1860 1916 1924; x_wconf 83' lang='lat' dir='ltr'><strong>B</strong></span> <span class='ocrx_word' id='word_1_245' title='bbox 1952 1890 2275 1960; x_wconf 55' lang='lat' dir='ltr'><strong>mmiquam</strong></span> <span class='ocrx_word' id='word_1_246' title='bbox 2305 1890 2547 1948; x_wconf 61' lang='lat' dir='ltr'><strong>tradidit</strong></span> <span class='ocrx_word' id='word_1_247' title='bbox 2577 1892 2628 1948; x_wconf 70' lang='lat' dir='ltr'><strong>ei</strong></span> <span class='ocrx_word' id='word_1_248' title='bbox 2657 1860 3192 1968; x_wconf 38' lang='lat' dir='ltr'><strong>SOﬁng—S—‘if—(‘W</strong></span> <span class='ocrx_word' id='word_1_249' title='bbox 3216 1900 3351 1973; x_wconf 71' lang='lat' dir='ltr'><strong>Reg-</strong></span> <span class='ocrx_word' id='word_1_250' title='bbox 3381 1860 3559 1972; x_wconf 48' lang='lat' dir='ltr'><strong>XVIIII)-</strong></span> 
     </span>
    </p>
   </div>
   <div class='ocr_carea' id='block_1_36' title="bbox 175 1977 1843 2052">
    <p class='ocr_par' dir='ltr' id='par_1_36' title="bbox 175 1977 1843 2052">
     <span class='ocr_line' id='line_1_36' title="bbox 175 1977 1843 2052; baseline 0.005 -20"><span class='ocrx_word' id='word_1_251' title='bbox 175 1977 425 2051; x_wconf 90' lang='lat' dir='ltr'><strong>Vepres,</strong></span> <span class='ocrx_word' id='word_1_252' title='bbox 459 1979 518 2035; x_wconf 89' lang='lat' dir='ltr'><strong>id</strong></span> <span class='ocrx_word' id='word_1_253' title='bbox 551 1986 664 2048; x_wconf 89' lang='lat' dir='ltr'><strong>est,</strong></span> <span class='ocrx_word' id='word_1_254' title='bbox 696 1983 897 2040; x_wconf 90' lang='lat' dir='ltr'><strong>omnia</strong></span> <span class='ocrx_word' id='word_1_255' title='bbox 928 1982 1086 2040; x_wconf 90' lang='lat' dir='ltr'><strong>mala</strong></span> <span class='ocrx_word' id='word_1_256' title='bbox 1133 1984 1387 2052; x_wconf 90' lang='lat' dir='ltr'><strong>illorum,</strong></span> <span class='ocrx_word' id='word_1_257' title='bbox 1421 1989 1843 2042; x_wconf 87' lang='lat' dir='ltr'><strong>consumentur</strong></span> 
     </span>
    </p>
   </div>
   <div class='ocr_carea' id='block_1_37' title="bbox 173 2067 573 2140">
    <p class='ocr_par' dir='ltr' id='par_1_37' title="bbox 173 2067 573 2140">
     <span class='ocr_line' id='line_1_37' title="bbox 173 2067 573 2140; baseline 0.01 -19"><span class='ocrx_word' id='word_1_258' title='bbox 173 2083 364 2139; x_wconf 85' lang='lat' dir='ltr'><strong>super</strong></span> <span class='ocrx_word' id='word_1_259' title='bbox 390 2067 573 2140; x_wconf 91' lang='lat' dir='ltr'><strong>ipsos.</strong></span> 
     </span>
    </p>
   </div>
   <div class='ocr_carea' id='block_1_38' title="bbox 249 2154 1839 2236">
    <p class='ocr_par' dir='ltr' id='par_1_38' title="bbox 249 2154 1839 2236">
     <span class='ocr_line' id='line_1_38' title="bbox 249 2154 1839 2236; baseline 0.007 -30"><span class='ocrx_word' id='word_1_260' title='bbox 249 2178 277 2204; x_wconf 85' lang='lat'><strong>«</strong></span> <span class='ocrx_word' id='word_1_261' title='bbox 314 2154 420 2211; x_wconf 85' lang='lat' dir='ltr'><strong>Vir</strong></span> <span class='ocrx_word' id='word_1_262' title='bbox 448 2156 611 2212; x_wconf 78' lang='lat' dir='ltr'><strong>fratri</strong></span> <span class='ocrx_word' id='word_1_263' title='bbox 642 2174 750 2214; x_wconf 92' lang='lat' dir='ltr'><strong>suo</strong></span> <span class='ocrx_word' id='word_1_264' title='bbox 782 2176 899 2216; x_wconf 91' lang='lat' dir='ltr'><strong>non</strong></span> <span class='ocrx_word' id='word_1_265' title='bbox 930 2165 1150 2233; x_wconf 90' lang='lat' dir='ltr'><strong>parcet.</strong></span> <span class='ocrx_word' id='word_1_266' title='bbox 1187 2184 1215 2211; x_wconf 86' lang='grc'><strong>››</strong></span> <span class='ocrx_word' id='word_1_267' title='bbox 1249 2163 1366 2218; x_wconf 84' lang='lat' dir='ltr'><strong>Hoc</strong></span> <span class='ocrx_word' id='word_1_268' title='bbox 1409 2163 1718 2236; x_wconf 90' lang='lat' dir='ltr'><strong>impletum</strong></span> <span class='ocrx_word' id='word_1_269' title='bbox 1749 2166 1839 2218; x_wconf 89' lang='lat' dir='ltr'><strong>est</strong></span> 
     </span>
    </p>
   </div>
   <div class='ocr_carea' id='block_1_39' title="bbox 172 2243 1839 2323">
    <p class='ocr_par' dir='ltr' id='par_1_39' title="bbox 172 2243 1839 2323">
     <span class='ocr_line' id='line_1_39' title="bbox 172 2243 1839 2323; baseline 0.005 -26"><span class='ocrx_word' id='word_1_270' title='bbox 172 2243 280 2298; x_wconf 90' lang='lat' dir='ltr'><strong>illo</strong></span> <span class='ocrx_word' id='word_1_271' title='bbox 311 2247 599 2318; x_wconf 89' lang='lat' dir='ltr'><strong>tempore,</strong></span> <span class='ocrx_word' id='word_1_272' title='bbox 624 2249 861 2319; x_wconf 88' lang='lat' dir='ltr'><strong>quando</strong></span> <span class='ocrx_word' id='word_1_273' title='bbox 893 2249 1118 2306; x_wconf 86' lang='lat' dir='ltr'><strong>obsessi</strong></span> <span class='ocrx_word' id='word_1_274' title='bbox 1148 2257 1287 2307; x_wconf 89' lang='lat' dir='ltr'><strong>sunt</strong></span> <span class='ocrx_word' id='word_1_275' title='bbox 1316 2269 1351 2308; x_wconf 92' lang='lat' dir='ltr'><strong>a</strong></span> <span class='ocrx_word' id='word_1_276' title='bbox 1371 2252 1668 2319; x_wconf 85' lang='lat' dir='ltr'><strong>Romanis,</strong></span> <span class='ocrx_word' id='word_1_277' title='bbox 1702 2250 1839 2323; x_wconf 91' lang='lat' dir='ltr'><strong>quia</strong></span> 
     </span>
    </p>
   </div>
   <div class='ocr_carea' id='block_1_40' title="bbox 172 2334 1269 2395">
    <p class='ocr_par' dir='ltr' id='par_1_40' title="bbox 172 2334 1269 2395">
     <span class='ocr_line' id='line_1_40' title="bbox 172 2334 1269 2395; baseline 0.007 -8"><span class='ocrx_word' id='word_1_278' title='bbox 172 2335 323 2390; x_wconf 89' lang='lat' dir='ltr'><strong>tunc</strong></span> <span class='ocrx_word' id='word_1_279' title='bbox 356 2334 592 2390; x_wconf 77' lang='lat' dir='ltr'><strong>fratrem</strong></span> <span class='ocrx_word' id='word_1_280' title='bbox 625 2353 800 2392; x_wconf 90' lang='lat' dir='ltr'><strong>suum</strong></span> <span class='ocrx_word' id='word_1_281' title='bbox 834 2338 1012 2393; x_wconf 85' lang='lat' dir='ltr'><strong>frater</strong></span> <span class='ocrx_word' id='word_1_282' title='bbox 1038 2340 1269 2395; x_wconf 87' lang='lat' dir='ltr'><strong>occidit.</strong></span> 
     </span>
    </p>
   </div>
   <div class='ocr_carea' id='block_1_41' title="bbox 255 2423 1835 2501">
    <p class='ocr_par' dir='ltr' id='par_1_41' title="bbox 255 2423 1835 2501">
     <span class='ocr_line' id='line_1_41' title="bbox 255 2423 1835 2501; baseline 0.004 -24"><span class='ocrx_word' id='word_1_283' title='bbox 255 2444 285 2471; x_wconf 71' lang='grc' dir='ltr'><strong>ι(</strong></span> <span class='ocrx_word' id='word_1_284' title='bbox 320 2423 393 2478; x_wconf 87' lang='lat' dir='ltr'><strong>Et</strong></span> <span class='ocrx_word' id='word_1_285' title='bbox 420 2423 736 2480; x_wconf 90' lang='lat' dir='ltr'><strong>declinabit</strong></span> <span class='ocrx_word' id='word_1_286' title='bbox 767 2426 839 2481; x_wconf 90' lang='lat' dir='ltr'><strong>ad</strong></span> <span class='ocrx_word' id='word_1_287' title='bbox 871 2427 1190 2495; x_wconf 84' lang='lat' dir='ltr'><strong>dexteram,</strong></span> <span class='ocrx_word' id='word_1_288' title='bbox 1218 2449 1245 2477; x_wconf 85' lang='lat'>»</span> <span class='ocrx_word' id='word_1_289' title='bbox 1277 2427 1336 2483; x_wconf 90' lang='lat' dir='ltr'><strong>id</strong></span> <span class='ocrx_word' id='word_1_290' title='bbox 1384 2434 1492 2496; x_wconf 91' lang='lat' dir='ltr'><strong>est,</strong></span> <span class='ocrx_word' id='word_1_291' title='bbox 1526 2446 1560 2485; x_wconf 90' lang='lat' dir='ltr'><strong>a</strong></span> <span class='ocrx_word' id='word_1_292' title='bbox 1579 2429 1835 2501; x_wconf 88' lang='lat' dir='ltr'><strong>justitia,</strong></span> 
     </span>
    </p>
   </div>
   <div class='ocr_carea' id='block_1_42' title="bbox 180 2512 1836 2585">
    <p class='ocr_par' dir='ltr' id='par_1_42' title="bbox 180 2512 1836 2585">
     <span class='ocr_line' id='line_1_42' title="bbox 180 2512 1836 2585; baseline 0.005 -19"><span class='ocrx_word' id='word_1_293' title='bbox 180 2533 208 2560; x_wconf 76' lang='grc' dir='ltr'><strong>ιι</strong></span> <span class='ocrx_word' id='word_1_294' title='bbox 247 2514 307 2567; x_wconf 88' lang='lat' dir='ltr'><strong>et</strong></span> <span class='ocrx_word' id='word_1_295' title='bbox 337 2512 558 2568; x_wconf 79' lang='lat' dir='ltr'><strong>esuriet</strong></span> <span class='ocrx_word' id='word_1_296' title='bbox 588 2536 617 2562; x_wconf 85' lang='grc'><strong>››</strong></span> <span class='ocrx_word' id='word_1_297' title='bbox 648 2512 894 2570; x_wconf 91' lang='lat' dir='ltr'><strong>malum.</strong></span> <span class='ocrx_word' id='word_1_298' title='bbox 925 2538 953 2565; x_wconf 89' lang='grc'><strong>‹‹</strong></span> <span class='ocrx_word' id='word_1_299' title='bbox 990 2516 1061 2572; x_wconf 91' lang='lat' dir='ltr'><strong>Et</strong></span> <span class='ocrx_word' id='word_1_300' title='bbox 1090 2518 1353 2573; x_wconf 88' lang='lat' dir='ltr'><strong>comedet</strong></span> <span class='ocrx_word' id='word_1_301' title='bbox 1373 2518 1444 2573; x_wconf 92' lang='lat' dir='ltr'><strong>ad</strong></span> <span class='ocrx_word' id='word_1_302' title='bbox 1478 2518 1836 2585; x_wconf 78' lang='lat' dir='ltr'><strong>sinistram,»</strong></span> 
     </span>
    </p>
   </div>
   <div class='ocr_carea' id='block_1_43' title="bbox 178 2600 1836 2671">
    <p class='ocr_par' dir='ltr' id='par_1_43' title="bbox 178 2600 1836 2671">
     <span class='ocr_line' id='line_1_43' title="bbox 178 2600 1836 2671; baseline 0.005 -16"><span class='ocrx_word' id='word_1_303' title='bbox 178 2600 241 2655; x_wconf 91' lang='lat' dir='ltr'><strong>id</strong></span> <span class='ocrx_word' id='word_1_304' title='bbox 273 2605 388 2667; x_wconf 88' lang='lat' dir='ltr'><strong>est,</strong></span> <span class='ocrx_word' id='word_1_305' title='bbox 420 2600 846 2658; x_wconf 89' lang='lat' dir='ltr'><strong>incrassabitur</strong></span> <span class='ocrx_word' id='word_1_306' title='bbox 875 2604 1119 2671; x_wconf 90' lang='lat' dir='ltr'><strong>malitia,</strong></span> <span class='ocrx_word' id='word_1_307' title='bbox 1145 2628 1173 2655; x_wconf 86' lang='grc'><strong>‹‹</strong></span> <span class='ocrx_word' id='word_1_308' title='bbox 1206 2610 1265 2661; x_wconf 91' lang='lat' dir='ltr'><strong>et</strong></span> <span class='ocrx_word' id='word_1_309' title='bbox 1295 2624 1409 2663; x_wconf 92' lang='lat' dir='ltr'><strong>non</strong></span> <span class='ocrx_word' id='word_1_310' title='bbox 1440 2606 1490 2662; x_wconf 90' lang='lat' dir='ltr'><strong>ei</strong></span> <span class='ocrx_word' id='word_1_311' title='bbox 1524 2608 1836 2664; x_wconf 74' lang='lat' dir='ltr'><strong>sufficiet.»</strong></span> 
     </span>
    </p>
   </div>
   <div class='ocr_carea' id='block_1_44' title="bbox 175 2689 1834 2767">
    <p class='ocr_par' dir='ltr' id='par_1_44' title="bbox 175 2689 1834 2767">
     <span class='ocr_line' id='line_1_44' title="bbox 175 2689 1834 2767; baseline 0.005 -23"><span class='ocrx_word' id='word_1_312' title='bbox 175 2689 379 2745; x_wconf 90' lang='lat' dir='ltr'><strong>Simul</strong></span> <span class='ocrx_word' id='word_1_313' title='bbox 410 2690 711 2748; x_wconf 85' lang='lat' dir='ltr'><strong>Manasses</strong></span> <span class='ocrx_word' id='word_1_314' title='bbox 740 2697 795 2747; x_wconf 91' lang='lat' dir='ltr'><strong>et</strong></span> <span class='ocrx_word' id='word_1_315' title='bbox 827 2694 1104 2765; x_wconf 89' lang='lat' dir='ltr'><strong>Ephraim</strong></span> <span class='ocrx_word' id='word_1_316' title='bbox 1129 2696 1477 2767; x_wconf 87' lang='lat' dir='ltr'><strong>pugnabunt</strong></span> <span class='ocrx_word' id='word_1_317' title='bbox 1504 2701 1706 2752; x_wconf 87' lang='lat' dir='ltr'><strong>contra</strong></span> <span class='ocrx_word' id='word_1_318' title='bbox 1732 2698 1834 2753; x_wconf 87' lang='lat' dir='ltr'><strong>Ju-</strong></span> 
     </span>
    </p>
   </div>
   <div class='ocr_carea' id='block_1_45' title="bbox 176 2778 1835 2859">
    <p class='ocr_par' dir='ltr' id='par_1_45' title="bbox 176 2778 1835 2859">
     <span class='ocr_line' id='line_1_45' title="bbox 176 2778 1835 2859; baseline 0.005 -25"><span class='ocrx_word' id='word_1_319' title='bbox 176 2779 342 2834; x_wconf 84' lang='lat' dir='ltr'><strong>dam.</strong></span> <span class='ocrx_word' id='word_1_320' title='bbox 365 2778 669 2859; x_wconf 80' lang='lat' dir='ltr'><strong>Manasses</strong></span> <span class='ocrx_word' id='word_1_321' title='bbox 700 2781 857 2836; x_wconf 90' lang='lat' dir='ltr'><strong>enim</strong></span> <span class='ocrx_word' id='word_1_322' title='bbox 888 2787 948 2837; x_wconf 89' lang='lat' dir='ltr'><strong>et</strong></span> <span class='ocrx_word' id='word_1_323' title='bbox 978 2783 1253 2855; x_wconf 90' lang='lat' dir='ltr'><strong>Ephraim</strong></span> <span class='ocrx_word' id='word_1_324' title='bbox 1287 2790 1453 2840; x_wconf 88' lang='lat' dir='ltr'><strong>erant</strong></span> <span class='ocrx_word' id='word_1_325' title='bbox 1484 2787 1554 2841; x_wconf 92' lang='lat' dir='ltr'><strong>ad</strong></span> <span class='ocrx_word' id='word_1_326' title='bbox 1591 2786 1835 2842; x_wconf 89' lang='lat' dir='ltr'><strong>invicem</strong></span> 
     </span>
    </p>
   </div>
   <div class='ocr_carea' id='block_1_46' title="bbox 175 2867 1839 2937">
    <p class='ocr_par' dir='ltr' id='par_1_46' title="bbox 175 2867 1839 2937">
     <span class='ocr_line' id='line_1_46' title="bbox 175 2867 1839 2937; baseline 0.005 -16"><span class='ocrx_word' id='word_1_327' title='bbox 175 2867 561 2937; x_wconf 87' lang='lat' dir='ltr'><strong>commoti,et</strong></span> <span class='ocrx_word' id='word_1_328' title='bbox 590 2873 785 2925; x_wconf 90' lang='lat' dir='ltr'><strong>tamen</strong></span> <span class='ocrx_word' id='word_1_329' title='bbox 817 2870 887 2925; x_wconf 89' lang='lat' dir='ltr'><strong>ad</strong></span> <span class='ocrx_word' id='word_1_330' title='bbox 921 2872 1136 2927; x_wconf 90' lang='lat' dir='ltr'><strong>Judam</strong></span> <span class='ocrx_word' id='word_1_331' title='bbox 1161 2872 1574 2928; x_wconf 88' lang='lat' dir='ltr'><strong>debellandum</strong></span> <span class='ocrx_word' id='word_1_332' title='bbox 1605 2891 1839 2929; x_wconf 88' lang='lat' dir='ltr'><strong>concor-</strong></span> 
     </span>
    </p>
   </div>
   <div class='ocr_carea' id='block_1_47' title="bbox 174 2957 505 3013">
    <p class='ocr_par' dir='ltr' id='par_1_47' title="bbox 174 2957 505 3013">
     <span class='ocr_line' id='line_1_47' title="bbox 174 2957 505 3013; baseline 0 -2"><span class='ocrx_word' id='word_1_333' title='bbox 174 2957 284 3012; x_wconf 88' lang='lat' dir='ltr'><strong>des</strong></span> <span class='ocrx_word' id='word_1_334' title='bbox 314 2962 505 3013; x_wconf 88' lang='lat' dir='ltr'><strong>erant.</strong></span> 
     </span>
    </p>
   </div>
   <div class='ocr_carea' id='block_1_48' title="bbox 857 3084 1193 3141">
    <p class='ocr_par' dir='ltr' id='par_1_48' title="bbox 857 3084 1193 3141">
     <span class='ocr_line' id='line_1_48' title="bbox 857 3084 1193 3141; baseline 0.003 -1"><span class='ocrx_word' id='word_1_335' title='bbox 857 3084 1087 3141; x_wconf 85' lang='lat' dir='ltr'><strong>CAPUT</strong></span> <span class='ocrx_word' id='word_1_336' title='bbox 1126 3086 1193 3141; x_wconf 88' lang='lat' dir='ltr'><strong>X.</strong></span> 
     </span>
    </p>
   </div>
   <div class='ocr_carea' id='block_1_49' title="bbox 2020 1976 3596 2055">
    <p class='ocr_par' dir='ltr' id='par_1_49' title="bbox 2020 1976 3596 2055">
     <span class='ocr_line' id='line_1_49' title="bbox 2020 1976 3596 2055; baseline 0.011 -25"><span class='ocrx_word' id='word_1_337' title='bbox 2020 1998 2047 2025; x_wconf 90' lang='grc'><strong>‹‹</strong></span> <span class='ocrx_word' id='word_1_338' title='bbox 2082 1976 2360 2050; x_wconf 88' lang='lat' dir='ltr'><strong>Nunquid</strong></span> <span class='ocrx_word' id='word_1_339' title='bbox 2384 1997 2500 2035; x_wconf 91' lang='lat' dir='ltr'><strong>non</strong></span> <span class='ocrx_word' id='word_1_340' title='bbox 2535 1985 2599 2036; x_wconf 91' lang='lat' dir='ltr'><strong>ut</strong></span> <span class='ocrx_word' id='word_1_341' title='bbox 2628 1982 2734 2037; x_wconf 84' lang='lat' dir='ltr'><strong>feci</strong></span> <span class='ocrx_word' id='word_1_342' title='bbox 2766 1984 3161 2055; x_wconf 67' lang='lat' dir='ltr'><strong>Samariaa,sic</strong></span> <span class='ocrx_word' id='word_1_343' title='bbox 3192 1987 3403 2045; x_wconf 79' lang='lat' dir='ltr'><strong>faciam</strong></span> <span class='ocrx_word' id='word_1_344' title='bbox 3429 1990 3596 2046; x_wconf 87' lang='lat' dir='ltr'><strong>Jeru-</strong></span> 
     </span>
    </p>
   </div>
   <div class='ocr_carea' id='block_1_50' title="bbox 1948 2063 3600 2141">
    <p class='ocr_par' dir='ltr' id='par_1_50' title="bbox 1948 2063 3600 2141">
     <span class='ocr_line' id='line_1_50' title="bbox 1948 2063 3600 2141; baseline 0.01 -23"><span class='ocrx_word' id='word_1_345' title='bbox 1948 2063 2129 2120; x_wconf 89' lang='lat' dir='ltr'><strong>salem</strong></span> <span class='ocrx_word' id='word_1_346' title='bbox 2149 2065 2177 2120; x_wconf 78' lang='lat' dir='ltr'><strong>‘I</strong></span> <span class='ocrx_word' id='word_1_347' title='bbox 2202 2088 2229 2115; x_wconf 82' lang='grc'><strong>››</strong></span> <span class='ocrx_word' id='word_1_348' title='bbox 2255 2067 2380 2123; x_wconf 91' lang='lat' dir='ltr'><strong>Non</strong></span> <span class='ocrx_word' id='word_1_349' title='bbox 2402 2068 2484 2123; x_wconf 88' lang='lat' dir='ltr'><strong>ita</strong></span> <span class='ocrx_word' id='word_1_350' title='bbox 2505 2069 2775 2141; x_wconf 88' lang='lat' dir='ltr'><strong>permisit</strong></span> <span class='ocrx_word' id='word_1_351' title='bbox 2805 2072 2855 2127; x_wconf 93' lang='lat' dir='ltr'><strong>ei</strong></span> <span class='ocrx_word' id='word_1_352' title='bbox 2886 2072 3171 2130; x_wconf 86' lang='lat' dir='ltr'><strong>Dominus</strong></span> <span class='ocrx_word' id='word_1_353' title='bbox 3199 2076 3260 2130; x_wconf 89' lang='lat' dir='ltr'><strong>in</strong></span> <span class='ocrx_word' id='word_1_354' title='bbox 3273 2076 3600 2135; x_wconf 89' lang='lat' dir='ltr'><strong>Jerusalem</strong></span> 
     </span>
    </p>
   </div>
   <div class='ocr_carea' id='block_1_51' title="bbox 1945 2156 2533 2225">
    <p class='ocr_par' dir='ltr' id='par_1_51' title="bbox 1945 2156 2533 2225">
     <span class='ocr_line' id='line_1_51' title="bbox 1945 2156 2533 2225; baseline 0.01 -18"><span class='ocrx_word' id='word_1_355' title='bbox 1945 2157 2181 2225; x_wconf 89' lang='lat' dir='ltr'><strong>propter</strong></span> <span class='ocrx_word' id='word_1_356' title='bbox 2210 2156 2533 2213; x_wconf 88' lang='lat' dir='ltr'><strong>Ezechiam.</strong></span> 
     </span>
    </p>
   </div>
   <div class='ocr_carea' id='block_1_52' title="bbox 2019 2243 3604 2327">
    <p class='ocr_par' dir='ltr' id='par_1_52' title="bbox 2019 2243 3604 2327">
     <span class='ocr_line' id='line_1_52' title="bbox 2019 2243 3604 2327; baseline 0.011 -33"><span class='ocrx_word' id='word_1_357' title='bbox 2019 2265 2046 2291; x_wconf 85' lang='lat'>«</span> <span class='ocrx_word' id='word_1_358' title='bbox 2080 2243 2150 2297; x_wconf 89' lang='lat' dir='ltr'><strong>Et</strong></span> <span class='ocrx_word' id='word_1_359' title='bbox 2178 2244 2458 2311; x_wconf 85' lang='lat' dir='ltr'><strong>erit,cum</strong></span> <span class='ocrx_word' id='word_1_360' title='bbox 2494 2247 2870 2320; x_wconf 82' lang='lat' dir='ltr'><strong>compleverit</strong></span> <span class='ocrx_word' id='word_1_361' title='bbox 2895 2252 3175 2309; x_wconf 88' lang='lat' dir='ltr'><strong>Dominus</strong></span> <span class='ocrx_word' id='word_1_362' title='bbox 3196 2258 3408 2310; x_wconf 87' lang='lat' dir='ltr'><strong>cuncta</strong></span> <span class='ocrx_word' id='word_1_363' title='bbox 3427 2272 3604 2327; x_wconf 91' lang='lat' dir='ltr'><strong>opera</strong></span> 
     </span>
    </p>
   </div>
   <div class='ocr_carea' id='block_1_53' title="bbox 1948 2332 3605 2407">
    <p class='ocr_par' dir='ltr' id='par_1_53' title="bbox 1948 2332 3605 2407">
     <span class='ocr_line' id='line_1_53' title="bbox 1948 2332 3605 2407; baseline 0.01 -24"><span class='ocrx_word' id='word_1_364' title='bbox 1948 2346 2076 2385; x_wconf 91' lang='lat' dir='ltr'><strong>sua.</strong></span> <span class='ocrx_word' id='word_1_365' title='bbox 2114 2354 2142 2380; x_wconf 85' lang='lat'>»</span> <span class='ocrx_word' id='word_1_366' title='bbox 2175 2332 2295 2387; x_wconf 84' lang='lat' dir='ltr'><strong>Vox</strong></span> <span class='ocrx_word' id='word_1_367' title='bbox 2326 2334 2643 2407; x_wconf 63' lang='lat' dir='ltr'><strong>propheta}.</strong></span> <span class='ocrx_word' id='word_1_368' title='bbox 2679 2361 2705 2387; x_wconf 88' lang='grc'><strong>‹‹</strong></span> <span class='ocrx_word' id='word_1_369' title='bbox 2740 2337 3026 2407; x_wconf 86' lang='lat' dir='ltr'><strong>Visitabo,</strong></span> <span class='ocrx_word' id='word_1_370' title='bbox 3061 2363 3087 2389; x_wconf 83' lang='lat'>»</span> <span class='ocrx_word' id='word_1_371' title='bbox 3120 2341 3177 2396; x_wconf 93' lang='lat' dir='ltr'><strong>id</strong></span> <span class='ocrx_word' id='word_1_372' title='bbox 3226 2346 3316 2398; x_wconf 88' lang='lat' dir='ltr'><strong>est</strong></span> <span class='ocrx_word' id='word_1_373' title='bbox 3354 2343 3605 2399; x_wconf 89' lang='lat' dir='ltr'><strong>ulciscar</strong></span> 
     </span>
    </p>
   </div>
   <div class='ocr_carea' id='block_1_54' title="bbox 1950 2419 3604 2501">
    <p class='ocr_par' dir='ltr' id='par_1_54' title="bbox 1950 2419 3604 2501">
     <span class='ocr_line' id='line_1_54' title="bbox 1950 2419 3604 2501; baseline 0.01 -28"><span class='ocrx_word' id='word_1_374' title='bbox 1950 2423 2009 2473; x_wconf 90' lang='lat' dir='ltr'><strong>et</strong></span> <span class='ocrx_word' id='word_1_375' title='bbox 2038 2419 2346 2477; x_wconf 90' lang='lat' dir='ltr'><strong>vindicabo</strong></span> <span class='ocrx_word' id='word_1_376' title='bbox 2378 2440 2471 2478; x_wconf 90' lang='lat' dir='ltr'><strong>me</strong></span> <span class='ocrx_word' id='word_1_377' title='bbox 2504 2425 2575 2480; x_wconf 93' lang='lat' dir='ltr'><strong>de</strong></span> <span class='ocrx_word' id='word_1_378' title='bbox 2624 2425 2725 2480; x_wconf 89' lang='lat' dir='ltr'><strong>illo</strong></span> <span class='ocrx_word' id='word_1_379' title='bbox 2756 2450 2783 2475; x_wconf 90' lang='grc'><strong>‹‹</strong></span> <span class='ocrx_word' id='word_1_380' title='bbox 2818 2444 2996 2500; x_wconf 89' lang='lat' dir='ltr'><strong>super</strong></span> <span class='ocrx_word' id='word_1_381' title='bbox 3040 2429 3316 2501; x_wconf 83' lang='lat' dir='ltr'><strong>fructum,</strong></span> <span class='ocrx_word' id='word_1_382' title='bbox 3351 2453 3378 2482; x_wconf 81' lang='lat'>»</span> <span class='ocrx_word' id='word_1_383' title='bbox 3413 2432 3472 2487; x_wconf 90' lang='lat' dir='ltr'><strong>id</strong></span> <span class='ocrx_word' id='word_1_384' title='bbox 3513 2436 3604 2488; x_wconf 89' lang='lat' dir='ltr'><strong>est</strong></span> 
     </span>
    </p>
   </div>
   <div class='ocr_carea' id='block_1_55' title="bbox 1946 2514 2504 2583">
    <p class='ocr_par' dir='ltr' id='par_1_55' title="bbox 1946 2514 2504 2583">
     <span class='ocr_line' id='line_1_55' title="bbox 1946 2514 2504 2583; baseline 0.013 -21"><span class='ocrx_word' id='word_1_385' title='bbox 1946 2524 2125 2580; x_wconf 89' lang='lat' dir='ltr'><strong>super</strong></span> <span class='ocrx_word' id='word_1_386' title='bbox 2152 2528 2329 2582; x_wconf 89' lang='lat' dir='ltr'><strong>opera</strong></span> <span class='ocrx_word' id='word_1_387' title='bbox 2355 2514 2504 2583; x_wconf 86' lang='lat' dir='ltr'><strong>ejus.</strong></span> 
     </span>
    </p>
   </div>
   <div class='ocr_carea' id='block_1_56' title="bbox 2019 2600 3602 2679">
    <p class='ocr_par' dir='ltr' id='par_1_56' title="bbox 2019 2600 3602 2679">
     <span class='ocr_line' id='line_1_56' title="bbox 2019 2600 3602 2679; baseline 0.008 -28"><span class='ocrx_word' id='word_1_388' title='bbox 2019 2623 2046 2649; x_wconf 91' lang='grc'><em>‹‹</em></span> <span class='ocrx_word' id='word_1_389' title='bbox 2080 2600 2337 2655; x_wconf 86' lang='lat' dir='ltr'><strong>Abstulit</strong></span> <span class='ocrx_word' id='word_1_390' title='bbox 2366 2602 2649 2658; x_wconf 89' lang='lat' dir='ltr'><strong>terminos</strong></span> <span class='ocrx_word' id='word_1_391' title='bbox 2682 2604 3089 2677; x_wconf 78' lang='lat' dir='ltr'><strong>populorum.»</strong></span> <span class='ocrx_word' id='word_1_392' title='bbox 3126 2608 3255 2679; x_wconf 90' lang='lat' dir='ltr'><strong>Ipse</strong></span> <span class='ocrx_word' id='word_1_393' title='bbox 3275 2609 3431 2664; x_wconf 89' lang='lat' dir='ltr'><strong>enim</strong></span> <span class='ocrx_word' id='word_1_394' title='bbox 3456 2610 3602 2666; x_wconf 92' lang='lat' dir='ltr'><strong>Sen-</strong></span> 
     </span>
    </p>
   </div>
   <div class='ocr_carea' id='block_1_57' title="bbox 1948 2688 3605 2764">
    <p class='ocr_par' dir='ltr' id='par_1_57' title="bbox 1948 2688 3605 2764">
     <span class='ocr_line' id='line_1_57' title="bbox 1948 2688 3605 2764; baseline 0.007 -23"><span class='ocrx_word' id='word_1_395' title='bbox 1948 2688 2227 2742; x_wconf 88' lang='lat' dir='ltr'><strong>nacherib</strong></span> <span class='ocrx_word' id='word_1_396' title='bbox 2260 2689 2449 2744; x_wconf 91' lang='lat' dir='ltr'><strong>multa</strong></span> <span class='ocrx_word' id='word_1_397' title='bbox 2500 2708 2680 2763; x_wconf 89' lang='lat' dir='ltr'><strong>regna</strong></span> <span class='ocrx_word' id='word_1_398' title='bbox 2727 2694 3187 2764; x_wconf 89' lang='lat' dir='ltr'><strong>comprehendit,</strong></span> <span class='ocrx_word' id='word_1_399' title='bbox 3219 2700 3277 2751; x_wconf 90' lang='lat' dir='ltr'><strong>et</strong></span> <span class='ocrx_word' id='word_1_400' title='bbox 3318 2698 3605 2753; x_wconf 90' lang='lat' dir='ltr'><strong>conclusit</strong></span> 
     </span>
    </p>
   </div>
   <div class='ocr_carea' id='block_1_58' title="bbox 1946 2777 3602 2855">
    <p class='ocr_par' dir='ltr' id='par_1_58' title="bbox 1946 2777 3602 2855">
     <span class='ocr_line' id='line_1_58' title="bbox 1946 2777 3602 2855; baseline 0.007 -25"><span class='ocrx_word' id='word_1_401' title='bbox 1946 2778 2056 2831; x_wconf 87' lang='lat' dir='ltr'><strong>sub</strong></span> <span class='ocrx_word' id='word_1_402' title='bbox 2091 2794 2205 2831; x_wconf 89' lang='lat' dir='ltr'><strong>uno</strong></span> <span class='ocrx_word' id='word_1_403' title='bbox 2239 2777 2507 2846; x_wconf 85' lang='lat' dir='ltr'><strong>termino,</strong></span> <span class='ocrx_word' id='word_1_404' title='bbox 2540 2779 2596 2834; x_wconf 93' lang='lat' dir='ltr'><strong>id</strong></span> <span class='ocrx_word' id='word_1_405' title='bbox 2621 2784 2728 2850; x_wconf 87' lang='lat' dir='ltr'><strong>est,</strong></span> <span class='ocrx_word' id='word_1_406' title='bbox 2762 2782 2874 2837; x_wconf 90' lang='lat' dir='ltr'><strong>sub</strong></span> <span class='ocrx_word' id='word_1_407' title='bbox 2908 2800 3025 2837; x_wconf 90' lang='lat' dir='ltr'><strong>una</strong></span> <span class='ocrx_word' id='word_1_408' title='bbox 3057 2787 3363 2855; x_wconf 87' lang='lat' dir='ltr'><strong>potestate.</strong></span> <span class='ocrx_word' id='word_1_409' title='bbox 3391 2806 3419 2836; x_wconf 88' lang='grc'><strong>‹‹</strong></span> <span class='ocrx_word' id='word_1_410' title='bbox 3446 2785 3602 2841; x_wconf 89' lang='lat' dir='ltr'><strong>Inve-</strong></span> 
     </span>
    </p>
   </div>
   <div class='ocr_carea' id='block_1_59' title="bbox 1947 2865 3598 2938">
    <p class='ocr_par' dir='ltr' id='par_1_59' title="bbox 1947 2865 3598 2938">
     <span class='ocr_line' id='line_1_59' title="bbox 1947 2865 3598 2938; baseline 0.005 -18"><span class='ocrx_word' id='word_1_411' title='bbox 1947 2865 2035 2920; x_wconf 91' lang='lat' dir='ltr'><strong>nit</strong></span> <span class='ocrx_word' id='word_1_412' title='bbox 2067 2865 2231 2938; x_wconf 86' lang='lat' dir='ltr'><strong>quasi</strong></span> <span class='ocrx_word' id='word_1_413' title='bbox 2265 2865 2469 2922; x_wconf 91' lang='lat' dir='ltr'><strong>nidum</strong></span> <span class='ocrx_word' id='word_1_414' title='bbox 2497 2885 2708 2924; x_wconf 90' lang='lat' dir='ltr'><strong>manus</strong></span> <span class='ocrx_word' id='word_1_415' title='bbox 2742 2886 2891 2924; x_wconf 87' lang='lat' dir='ltr'><strong>mea.</strong></span> <span class='ocrx_word' id='word_1_416' title='bbox 2925 2892 2953 2921; x_wconf 83' lang='lat'><strong>»</strong></span> <span class='ocrx_word' id='word_1_417' title='bbox 2980 2870 3144 2926; x_wconf 86' lang='lat' dir='ltr'><strong>Sicut</strong></span> <span class='ocrx_word' id='word_1_418' title='bbox 3164 2872 3490 2928; x_wconf 89' lang='lat' dir='ltr'><strong>destruitur</strong></span> <span class='ocrx_word' id='word_1_419' title='bbox 3511 2873 3598 2929; x_wconf 86' lang='lat' dir='ltr'><strong>ni-</strong></span> 
     </span>
    </p>
   </div>
   <div class='ocr_carea' id='block_1_60' title="bbox 1946 2954 3599 3032">
    <p class='ocr_par' dir='ltr' id='par_1_60' title="bbox 1946 2954 3599 3032">
     <span class='ocr_line' id='line_1_60' title="bbox 1946 2954 3599 3032; baseline 0.005 -24"><span class='ocrx_word' id='word_1_420' title='bbox 1946 2954 2058 3009; x_wconf 92' lang='lat' dir='ltr'><strong>dus</strong></span> <span class='ocrx_word' id='word_1_421' title='bbox 2115 2971 2230 3026; x_wconf 92' lang='lat' dir='ltr'><strong>quo</strong></span> <span class='ocrx_word' id='word_1_422' title='bbox 2287 2956 2565 3011; x_wconf 89' lang='lat' dir='ltr'><strong>recedunt</strong></span> <span class='ocrx_word' id='word_1_423' title='bbox 2613 2956 2780 3028; x_wconf 90' lang='lat' dir='ltr'><strong>pulli,</strong></span> <span class='ocrx_word' id='word_1_424' title='bbox 2814 2958 2888 3013; x_wconf 89' lang='lat' dir='ltr'><strong>ab</strong></span> <span class='ocrx_word' id='word_1_425' title='bbox 2944 2957 3043 3014; x_wconf 92' lang='lat' dir='ltr'><strong>illo</strong></span> <span class='ocrx_word' id='word_1_426' title='bbox 3104 2976 3139 3015; x_wconf 89' lang='lat' dir='ltr'><strong>a</strong></span> <span class='ocrx_word' id='word_1_427' title='bbox 3193 2976 3310 3032; x_wconf 91' lang='lat' dir='ltr'><strong>quo</strong></span> <span class='ocrx_word' id='word_1_428' title='bbox 3372 2960 3599 3017; x_wconf 91' lang='lat' dir='ltr'><strong>inveni-</strong></span> 
     </span>
    </p>
   </div>
   <div class='ocr_carea' id='block_1_61' title="bbox 1946 3043 3619 3122">
    <p class='ocr_par' dir='ltr' id='par_1_61' title="bbox 1946 3043 3619 3122">
     <span class='ocr_line' id='line_1_61' title="bbox 1946 3043 3619 3122; baseline 0.007 -25"><span class='ocrx_word' id='word_1_429' title='bbox 1946 3047 2060 3109; x_wconf 88' lang='lat' dir='ltr'><strong>tur,</strong></span> <span class='ocrx_word' id='word_1_430' title='bbox 2090 3043 2174 3099; x_wconf 91' lang='lat' dir='ltr'><strong>sic</strong></span> <span class='ocrx_word' id='word_1_431' title='bbox 2193 3043 2481 3099; x_wconf 86' lang='lat' dir='ltr'><strong>destruxit</strong></span> <span class='ocrx_word' id='word_1_432' title='bbox 2510 3043 2607 3100; x_wconf 92' lang='lat' dir='ltr'><strong>ille</strong></span> <span class='ocrx_word' id='word_1_433' title='bbox 2638 3044 2836 3101; x_wconf 89' lang='lat' dir='ltr'><strong>omnia</strong></span> <span class='ocrx_word' id='word_1_434' title='bbox 2871 3062 3071 3119; x_wconf 88' lang='lat' dir='ltr'><strong>regna.</strong></span> <span class='ocrx_word' id='word_1_435' title='bbox 3088 3048 3161 3121; x_wconf 83' lang='lat' dir='ltr'><strong>Et</strong></span> <span class='ocrx_word' id='word_1_436' title='bbox 3204 3049 3619 3122; x_wconf 84' lang='lat' dir='ltr'><strong>metaphorice.</strong></span> 
     </span>
    </p>
   </div>
   <div class='ocr_carea' id='block_1_62' title="bbox 1944 3131 3598 3210">
    <p class='ocr_par' dir='ltr' id='par_1_62' title="bbox 1944 3131 3598 3210">
     <span class='ocr_line' id='line_1_62' title="bbox 1944 3131 3598 3210; baseline 0.005 -23"><span class='ocrx_word' id='word_1_437' title='bbox 1944 3131 2286 3204; x_wconf 89' lang='lat' dir='ltr'><strong>loquitur,et</strong></span> <span class='ocrx_word' id='word_1_438' title='bbox 2306 3132 2469 3189; x_wconf 89' lang='lat' dir='ltr'><strong>dicit.</strong></span> <span class='ocrx_word' id='word_1_439' title='bbox 2497 3155 2525 3184; x_wconf 87' lang='lat'><strong>«</strong></span> <span class='ocrx_word' id='word_1_440' title='bbox 2546 3134 2617 3189; x_wconf 86' lang='lat' dir='ltr'><strong>Et</strong></span> <span class='ocrx_word' id='word_1_441' title='bbox 2662 3134 2815 3189; x_wconf 90' lang='lat' dir='ltr'><strong>sicut</strong></span> <span class='ocrx_word' id='word_1_442' title='bbox 2843 3134 3205 3208; x_wconf 88' lang='lat' dir='ltr'><strong>colliguntur</strong></span> <span class='ocrx_word' id='word_1_443' title='bbox 3237 3153 3459 3210; x_wconf 88' lang='lat' dir='ltr'><strong>ovaque</strong></span> <span class='ocrx_word' id='word_1_444' title='bbox 3492 3139 3598 3195; x_wconf 90' lang='lat' dir='ltr'><strong>de-</strong></span> 
     </span>
    </p>
   </div>
   <div class='ocr_carea' id='block_1_63' title="bbox 257 3220 3601 3302">
    <p class='ocr_par' dir='ltr' id='par_1_63' title="bbox 257 3220 3601 3302">
     <span class='ocr_line' id='line_1_63' title="bbox 257 3220 3601 3302; baseline 0.004 -33"><span class='ocrx_word' id='word_1_445' title='bbox 257 3248 287 3275; x_wconf 70' lang='grc' dir='ltr'><strong>α</strong></span> <span class='ocrx_word' id='word_1_446' title='bbox 320 3223 419 3280; x_wconf 63' lang='lat' dir='ltr'><strong>va;</strong></span> <span class='ocrx_word' id='word_1_447' title='bbox 449 3226 551 3298; x_wconf 77' lang='lat' dir='ltr'><strong>qui</strong></span> <span class='ocrx_word' id='word_1_448' title='bbox 583 3227 845 3283; x_wconf 66' lang='lat' dir='ltr'><strong>condunt</strong></span> <span class='ocrx_word' id='word_1_449' title='bbox 875 3227 1032 3301; x_wconf 75' lang='lat' dir='ltr'><strong>leges</strong></span> <span class='ocrx_word' id='word_1_450' title='bbox 1062 3228 1317 3300; x_wconf 65' lang='lat' dir='ltr'><strong>iniquas,</strong></span> <span class='ocrx_word' id='word_1_451' title='bbox 1345 3252 1372 3278; x_wconf 74' lang='lat'><strong>,,</strong></span> <span class='ocrx_word' id='word_1_452' title='bbox 1395 3229 1516 3285; x_wconf 69' lang='lat' dir='ltr'><strong>Vox</strong></span> <span class='ocrx_word' id='word_1_453' title='bbox 1546 3230 1841 3302; x_wconf 56' lang='lat' dir='ltr'><strong>propheta;</strong></span> <span class='ocrx_word' id='word_1_454' title='bbox 1873 3229 1915 3295; x_wconf 74' lang='grc' dir='ltr'><strong>ί]</strong></span> <span class='ocrx_word' id='word_1_455' title='bbox 1954 3220 2156 3277; x_wconf 91' lang='lat' dir='ltr'><strong>relicta</strong></span> <span class='ocrx_word' id='word_1_456' title='bbox 2186 3224 2327 3276; x_wconf 91' lang='lat' dir='ltr'><strong>sunt</strong></span> <span class='ocrx_word' id='word_1_457' title='bbox 2355 3223 2426 3278; x_wconf 89' lang='lat' dir='ltr'><strong>ab</strong></span> <span class='ocrx_word' id='word_1_458' title='bbox 2459 3223 2721 3279; x_wconf 84' lang='lat' dir='ltr'><strong>avibus.»</strong></span> <span class='ocrx_word' id='word_1_459' title='bbox 2748 3223 3152 3296; x_wconf 89' lang='lat' dir='ltr'><strong>Metaphoram</strong></span> <span class='ocrx_word' id='word_1_460' title='bbox 3183 3231 3395 3283; x_wconf 81' lang='lat' dir='ltr'><strong>servat.</strong></span> <span class='ocrx_word' id='word_1_461' title='bbox 3415 3227 3601 3284; x_wconf 87' lang='lat' dir='ltr'><strong>Sicuti</strong></span> 
     </span>
    </p>
   </div>
   <div class='ocr_carea' id='block_1_64' title="bbox 180 3314 1837 3389">
    <p class='ocr_par' dir='ltr' id='par_1_64' title="bbox 180 3314 1837 3389">
     <span class='ocr_line' id='line_1_64' title="bbox 180 3314 1837 3389; baseline 0.002 -19"><span class='ocrx_word' id='word_1_462' title='bbox 180 3314 261 3370; x_wconf 82' lang='lat' dir='ltr'><strong>ad</strong></span> <span class='ocrx_word' id='word_1_463' title='bbox 294 3314 526 3372; x_wconf 86' lang='lat' dir='ltr'><strong>scribas</strong></span> <span class='ocrx_word' id='word_1_464' title='bbox 550 3320 609 3370; x_wconf 90' lang='lat' dir='ltr'><strong>et</strong></span> <span class='ocrx_word' id='word_1_465' title='bbox 638 3314 980 3384; x_wconf 71' lang='lat' dir='ltr'><strong>Pharisazos,</strong></span> <span class='ocrx_word' id='word_1_466' title='bbox 1013 3318 1113 3389; x_wconf 91' lang='lat' dir='ltr'><strong>qui</strong></span> <span class='ocrx_word' id='word_1_467' title='bbox 1157 3318 1503 3374; x_wconf 90' lang='lat' dir='ltr'><strong>traditiones</strong></span> <span class='ocrx_word' id='word_1_468' title='bbox 1551 3335 1690 3374; x_wconf 88' lang='lat' dir='ltr'><strong>suas</strong></span> <span class='ocrx_word' id='word_1_469' title='bbox 1738 3336 1837 3375; x_wconf 88' lang='lat' dir='ltr'><strong>su-</strong></span> 
     </span>
    </p>
   </div>
   <div class='ocr_carea' id='block_1_65' title="bbox 174 3403 1588 3477">
    <p class='ocr_par' dir='ltr' id='par_1_65' title="bbox 174 3403 1588 3477">
     <span class='ocr_line' id='line_1_65' title="bbox 174 3403 1588 3477; baseline 0.003 -19"><span class='ocrx_word' id='word_1_470' title='bbox 174 3403 592 3477; x_wconf 86' lang='lat' dir='ltr'><strong>perponebant</strong></span> <span class='ocrx_word' id='word_1_471' title='bbox 621 3403 733 3477; x_wconf 89' lang='lat' dir='ltr'><strong>legi</strong></span> <span class='ocrx_word' id='word_1_472' title='bbox 764 3405 865 3461; x_wconf 88' lang='lat' dir='ltr'><strong>Dei</strong></span> <span class='ocrx_word' id='word_1_473' title='bbox 902 3406 1107 3475; x_wconf 79' lang='lat' dir='ltr'><strong>(Matth.</strong></span> <span class='ocrx_word' id='word_1_474' title='bbox 1134 3423 1238 3475; x_wconf 87' lang='lat' dir='ltr'><strong>xv;</strong></span> <span class='ocrx_word' id='word_1_475' title='bbox 1270 3406 1434 3463; x_wconf 81' lang='lat' dir='ltr'><strong>Marc.</strong></span> <span class='ocrx_word' id='word_1_476' title='bbox 1467 3412 1588 3477; x_wconf 83' lang='lat' dir='ltr'><strong>vn).</strong></span> 
     </span>
    </p>
   </div>
   <div class='ocr_carea' id='block_1_66' title="bbox 253 3491 1837 3557">
    <p class='ocr_par' dir='ltr' id='par_1_66' title="bbox 253 3491 1837 3557">
     <span class='ocr_line' id='line_1_66' title="bbox 253 3491 1837 3557; baseline 0.004 -11"><span class='ocrx_word' id='word_1_477' title='bbox 253 3517 283 3542; x_wconf 82' lang='lat'><em>«</em></span> <span class='ocrx_word' id='word_1_478' title='bbox 319 3491 474 3557; x_wconf 89' lang='lat' dir='ltr'><strong>Quid</strong></span> <span class='ocrx_word' id='word_1_479' title='bbox 504 3492 730 3549; x_wconf 80' lang='lat' dir='ltr'><strong>facietis</strong></span> <span class='ocrx_word' id='word_1_480' title='bbox 758 3493 816 3549; x_wconf 91' lang='lat' dir='ltr'><strong>in</strong></span> <span class='ocrx_word' id='word_1_481' title='bbox 851 3495 945 3550; x_wconf 91' lang='lat' dir='ltr'><strong>die</strong></span> <span class='ocrx_word' id='word_1_482' title='bbox 971 3494 1327 3552; x_wconf 88' lang='lat' dir='ltr'><strong>visitationis</strong></span> <span class='ocrx_word' id='word_1_483' title='bbox 1354 3496 1598 3553; x_wconf 67' lang='lat' dir='ltr'><strong>vestrae?</strong></span> <span class='ocrx_word' id='word_1_484' title='bbox 1630 3519 1658 3545; x_wconf 85' lang='lat'>»</span> <span class='ocrx_word' id='word_1_485' title='bbox 1691 3496 1837 3553; x_wconf 91' lang='lat' dir='ltr'><strong>Con-</strong></span> 
     </span>
    </p>
   </div>
   <div class='ocr_carea' id='block_1_67' title="bbox 175 3580 1840 3656">
    <p class='ocr_par' dir='ltr' id='par_1_67' title="bbox 175 3580 1840 3656">
     <span class='ocr_line' id='line_1_67' title="bbox 175 3580 1840 3656; baseline 0.003 -20"><span class='ocrx_word' id='word_1_486' title='bbox 175 3580 346 3637; x_wconf 89' lang='lat' dir='ltr'><strong>dolet</strong></span> <span class='ocrx_word' id='word_1_487' title='bbox 373 3581 661 3655; x_wconf 89' lang='lat' dir='ltr'><strong>propheta</strong></span> <span class='ocrx_word' id='word_1_488' title='bbox 690 3582 935 3639; x_wconf 90' lang='lat' dir='ltr'><strong>malitiis</strong></span> <span class='ocrx_word' id='word_1_489' title='bbox 960 3583 1158 3656; x_wconf 90' lang='lat' dir='ltr'><strong>populi</strong></span> <span class='ocrx_word' id='word_1_490' title='bbox 1191 3584 1590 3641; x_wconf 89' lang='lat' dir='ltr'><strong>sui.Visitatio</strong></span> <span class='ocrx_word' id='word_1_491' title='bbox 1639 3585 1698 3641; x_wconf 89' lang='lat' dir='ltr'><strong>in</strong></span> <span class='ocrx_word' id='word_1_492' title='bbox 1731 3585 1840 3641; x_wconf 89' lang='lat' dir='ltr'><strong>hoc</strong></span> 
     </span>
    </p>
   </div>
   <div class='ocr_carea' id='block_1_68' title="bbox 173 3666 1838 3745">
    <p class='ocr_par' dir='ltr' id='par_1_68' title="bbox 173 3666 1838 3745">
     <span class='ocr_line' id='line_1_68' title="bbox 173 3666 1838 3745; baseline 0.001 -17"><span class='ocrx_word' id='word_1_493' title='bbox 173 3672 310 3728; x_wconf 88' lang='lat' dir='ltr'><strong>loco</strong></span> <span class='ocrx_word' id='word_1_494' title='bbox 344 3670 405 3725; x_wconf 91' lang='lat' dir='ltr'><strong>in</strong></span> <span class='ocrx_word' id='word_1_495' title='bbox 436 3666 655 3728; x_wconf 86' lang='lat' dir='ltr'><strong>malam</strong></span> <span class='ocrx_word' id='word_1_496' title='bbox 685 3676 909 3745; x_wconf 89' lang='lat' dir='ltr'><strong>partem</strong></span> <span class='ocrx_word' id='word_1_497' title='bbox 941 3673 1180 3745; x_wconf 89' lang='lat' dir='ltr'><strong>ponitur</strong></span> <span class='ocrx_word' id='word_1_498' title='bbox 1212 3690 1225 3727; x_wconf 88' lang='lat'>:</span> <span class='ocrx_word' id='word_1_499' title='bbox 1259 3678 1316 3733; x_wconf 88' lang='lat' dir='ltr'><strong>et</strong></span> <span class='ocrx_word' id='word_1_500' title='bbox 1343 3678 1509 3729; x_wconf 92' lang='lat' dir='ltr'><strong>vocat</strong></span> <span class='ocrx_word' id='word_1_501' title='bbox 1553 3674 1838 3730; x_wconf 88' lang='lat' dir='ltr'><strong>visitatio-</strong></span> 
     </span>
    </p>
   </div>
   <div class='ocr_carea' id='block_1_69' title="bbox 177 3758 1843 3835">
    <p class='ocr_par' dir='ltr' id='par_1_69' title="bbox 177 3758 1843 3835">
     <span class='ocr_line' id='line_1_69' title="bbox 177 3758 1843 3835; baseline 0.002 -19"><span class='ocrx_word' id='word_1_502' title='bbox 177 3777 321 3816; x_wconf 88' lang='lat' dir='ltr'><strong>nem</strong></span> <span class='ocrx_word' id='word_1_503' title='bbox 356 3758 644 3816; x_wconf 89' lang='lat' dir='ltr'><strong>ultionem</strong></span> <span class='ocrx_word' id='word_1_504' title='bbox 665 3766 722 3816; x_wconf 90' lang='lat' dir='ltr'><strong>et</strong></span> <span class='ocrx_word' id='word_1_505' title='bbox 750 3760 1091 3829; x_wconf 86' lang='lat' dir='ltr'><strong>vindictam,</strong></span> <span class='ocrx_word' id='word_1_506' title='bbox 1119 3779 1293 3835; x_wconf 91' lang='lat' dir='ltr'><strong>quam</strong></span> <span class='ocrx_word' id='word_1_507' title='bbox 1328 3763 1482 3818; x_wconf 88' lang='lat' dir='ltr'><strong>Deus</strong></span> <span class='ocrx_word' id='word_1_508' title='bbox 1512 3780 1579 3818; x_wconf 92' lang='lat' dir='ltr'><strong>ex</strong></span> <span class='ocrx_word' id='word_1_509' title='bbox 1606 3762 1722 3818; x_wconf 89' lang='lat' dir='ltr'><strong>illis</strong></span> <span class='ocrx_word' id='word_1_510' title='bbox 1751 3780 1843 3819; x_wconf 88' lang='lat' dir='ltr'><strong>ex-</strong></span> 
     </span>
    </p>
   </div>
   <div class='ocr_carea' id='block_1_70' title="bbox 174 3848 1836 3923">
    <p class='ocr_par' dir='ltr' id='par_1_70' title="bbox 174 3848 1836 3923">
     <span class='ocr_line' id='line_1_70' title="bbox 174 3848 1836 3923; baseline 0.001 -19"><span class='ocrx_word' id='word_1_511' title='bbox 174 3850 324 3923; x_wconf 82' lang='lat' dir='ltr'><strong>egit,</strong></span> <span class='ocrx_word' id='word_1_512' title='bbox 358 3848 449 3904; x_wconf 86' lang='lat' dir='ltr'><strong>vel</strong></span> <span class='ocrx_word' id='word_1_513' title='bbox 480 3848 590 3904; x_wconf 89' lang='lat' dir='ltr'><strong>sub</strong></span> <span class='ocrx_word' id='word_1_514' title='bbox 622 3849 1137 3918; x_wconf 90' lang='lat' dir='ltr'><strong>Sennacherib,vel</strong></span> <span class='ocrx_word' id='word_1_515' title='bbox 1177 3850 1351 3907; x_wconf 90' lang='lat' dir='ltr'><strong>etiam</strong></span> <span class='ocrx_word' id='word_1_516' title='bbox 1394 3851 1504 3905; x_wconf 91' lang='lat' dir='ltr'><strong>sub</strong></span> <span class='ocrx_word' id='word_1_517' title='bbox 1537 3850 1836 3907; x_wconf 79' lang='lat' dir='ltr'><strong>Romanis.</strong></span> 
     </span>
    </p>
   </div>
   <div class='ocr_carea' id='block_1_71' title="bbox 177 3937 1837 4012">
    <p class='ocr_par' dir='ltr' id='par_1_71' title="bbox 177 3937 1837 4012">
     <span class='ocr_line' id='line_1_71' title="bbox 177 3937 1837 4012; baseline 0.004 -23"><span class='ocrx_word' id='word_1_518' title='bbox 177 3962 205 3989; x_wconf 75' lang='grc' dir='ltr'><strong>οι</strong></span> <span class='ocrx_word' id='word_1_519' title='bbox 229 3938 330 3993; x_wconf 65' lang='lat' dir='ltr'><strong>Vae</strong></span> <span class='ocrx_word' id='word_1_520' title='bbox 352 3940 559 3994; x_wconf 83' lang='lat' dir='ltr'><strong>Assur.</strong></span> <span class='ocrx_word' id='word_1_521' title='bbox 585 3962 613 3988; x_wconf 77' lang='grc' dir='ltr'><strong>υ</strong></span> <span class='ocrx_word' id='word_1_522' title='bbox 635 3937 756 3994; x_wconf 89' lang='lat' dir='ltr'><strong>Vox</strong></span> <span class='ocrx_word' id='word_1_523' title='bbox 792 3938 893 3993; x_wconf 90' lang='lat' dir='ltr'><strong>Dei</strong></span> <span class='ocrx_word' id='word_1_524' title='bbox 933 3940 1004 3994; x_wconf 90' lang='lat' dir='ltr'><strong>ad</strong></span> <span class='ocrx_word' id='word_1_525' title='bbox 1047 3938 1451 3995; x_wconf 86' lang='lat' dir='ltr'><strong>Sennacherib</strong></span> <span class='ocrx_word' id='word_1_526' title='bbox 1472 3944 1530 3995; x_wconf 91' lang='lat' dir='ltr'><strong>et</strong></span> <span class='ocrx_word' id='word_1_527' title='bbox 1556 3937 1837 4012; x_wconf 90' lang='lat' dir='ltr'><strong>populum</strong></span> 
     </span>
    </p>
   </div>
   <div class='ocr_carea' id='block_1_72' title="bbox 172 4025 1836 4101">
    <p class='ocr_par' dir='ltr' id='par_1_72' title="bbox 172 4025 1836 4101">
     <span class='ocr_line' id='line_1_72' title="bbox 172 4025 1836 4101; baseline 0.002 -20"><span class='ocrx_word' id='word_1_528' title='bbox 172 4027 330 4098; x_wconf 88' lang='lat' dir='ltr'><strong>ejus,</strong></span> <span class='ocrx_word' id='word_1_529' title='bbox 355 4025 475 4094; x_wconf 71' lang='lat' dir='ltr'><strong>Vas,</strong></span> <span class='ocrx_word' id='word_1_530' title='bbox 499 4025 559 4080; x_wconf 91' lang='lat' dir='ltr'><strong>id</strong></span> <span class='ocrx_word' id='word_1_531' title='bbox 588 4031 695 4095; x_wconf 90' lang='lat' dir='ltr'><strong>est,</strong></span> <span class='ocrx_word' id='word_1_532' title='bbox 719 4026 993 4084; x_wconf 89' lang='lat' dir='ltr'><strong>interitus</strong></span> <span class='ocrx_word' id='word_1_533' title='bbox 1019 4026 1290 4083; x_wconf 90' lang='lat' dir='ltr'><strong>imminet</strong></span> <span class='ocrx_word' id='word_1_534' title='bbox 1318 4027 1423 4083; x_wconf 90' lang='lat' dir='ltr'><strong>tibi</strong></span> <span class='ocrx_word' id='word_1_535' title='bbox 1473 4028 1836 4101; x_wconf 90' lang='lat' dir='ltr'><strong>perditionis.</strong></span> 
     </span>
    </p>
   </div>
   <div class='ocr_carea' id='block_1_73' title="bbox 172 4115 1841 4193">
    <p class='ocr_par' dir='ltr' id='par_1_73' title="bbox 172 4115 1841 4193">
     <span class='ocr_line' id='line_1_73' title="bbox 172 4115 1841 4193; baseline 0.001 -22"><span class='ocrx_word' id='word_1_536' title='bbox 172 4118 374 4183; x_wconf 85' lang='lat' dir='ltr'><strong>Quare</strong></span> <span class='ocrx_word' id='word_1_537' title='bbox 415 4115 813 4171; x_wconf 84' lang='lat' dir='ltr'><strong>comminatur</strong></span> <span class='ocrx_word' id='word_1_538' title='bbox 842 4116 997 4172; x_wconf 91' lang='lat' dir='ltr'><strong>Deus</strong></span> <span class='ocrx_word' id='word_1_539' title='bbox 1044 4115 1486 4172; x_wconf 87' lang='lat' dir='ltr'><strong>Sennacherib?</strong></span> <span class='ocrx_word' id='word_1_540' title='bbox 1515 4116 1662 4184; x_wconf 79' lang='lat' dir='ltr'><strong>Quia</strong></span> <span class='ocrx_word' id='word_1_541' title='bbox 1705 4116 1841 4193; x_wconf 67' lang='lat' dir='ltr'><strong>licet</strong></span> 
     </span>
    </p>
   </div>
   <div class='ocr_carea' id='block_1_74' title="bbox 172 4202 1837 4277">
    <p class='ocr_par' dir='ltr' id='par_1_74' title="bbox 172 4202 1837 4277">
     <span class='ocr_line' id='line_1_74' title="bbox 172 4202 1837 4277; baseline 0.001 -18"><span class='ocrx_word' id='word_1_542' title='bbox 172 4202 525 4277; x_wconf 85' lang='lat' dir='ltr'><strong>permiserit</strong></span> <span class='ocrx_word' id='word_1_543' title='bbox 570 4204 621 4258; x_wconf 89' lang='lat' dir='ltr'><strong>ei</strong></span> <span class='ocrx_word' id='word_1_544' title='bbox 652 4204 946 4260; x_wconf 89' lang='lat' dir='ltr'><strong>debellare</strong></span> <span class='ocrx_word' id='word_1_545' title='bbox 997 4206 1196 4261; x_wconf 91' lang='lat' dir='ltr'><strong>decem</strong></span> <span class='ocrx_word' id='word_1_546' title='bbox 1246 4204 1461 4274; x_wconf 89' lang='lat' dir='ltr'><strong>tribus,</strong></span> <span class='ocrx_word' id='word_1_547' title='bbox 1492 4208 1688 4260; x_wconf 88' lang='lat' dir='ltr'><strong>tamen</strong></span> <span class='ocrx_word' id='word_1_548' title='bbox 1722 4222 1837 4261; x_wconf 92' lang='lat' dir='ltr'><strong>non</strong></span> 
     </span>
    </p>
   </div>
   <div class='ocr_carea' id='block_1_75' title="bbox 178 4291 1841 4367">
    <p class='ocr_par' dir='ltr' id='par_1_75' title="bbox 178 4291 1841 4367">
     <span class='ocr_line' id='line_1_75' title="bbox 178 4291 1841 4367; baseline 0.001 -19"><span class='ocrx_word' id='word_1_549' title='bbox 178 4291 467 4366; x_wconf 69' lang='lat' dir='ltr'><strong>praecepit</strong></span> <span class='ocrx_word' id='word_1_550' title='bbox 490 4291 631 4347; x_wconf 87' lang='lat' dir='ltr'><strong>eiut</strong></span> <span class='ocrx_word' id='word_1_551' title='bbox 663 4292 895 4364; x_wconf 88' lang='lat' dir='ltr'><strong>penitus</strong></span> <span class='ocrx_word' id='word_1_552' title='bbox 926 4296 1249 4349; x_wconf 89' lang='lat' dir='ltr'><strong>contereret</strong></span> <span class='ocrx_word' id='word_1_553' title='bbox 1271 4292 1435 4350; x_wconf 88' lang='lat' dir='ltr'><strong>illos:</strong></span> <span class='ocrx_word' id='word_1_554' title='bbox 1457 4294 1558 4349; x_wconf 79' lang='lat' dir='ltr'><strong>sed</strong></span> <span class='ocrx_word' id='word_1_555' title='bbox 1590 4293 1841 4367; x_wconf 87' lang='lat' dir='ltr'><strong>ﬂagella-</strong></span> 
     </span>
    </p>
   </div>
   <div class='ocr_carea' id='block_1_76' title="bbox 173 4378 1839 4454">
    <p class='ocr_par' dir='ltr' id='par_1_76' title="bbox 173 4378 1839 4454">
     <span class='ocr_line' id='line_1_76' title="bbox 173 4378 1839 4454; baseline 0.001 -17"><span class='ocrx_word' id='word_1_556' title='bbox 173 4386 269 4438; x_wconf 86' lang='lat' dir='ltr'><strong>ret</strong></span> <span class='ocrx_word' id='word_1_557' title='bbox 299 4385 361 4436; x_wconf 89' lang='lat' dir='ltr'><strong>et</strong></span> <span class='ocrx_word' id='word_1_558' title='bbox 388 4378 766 4437; x_wconf 90' lang='lat' dir='ltr'><strong>conculcaret</strong></span> <span class='ocrx_word' id='word_1_559' title='bbox 807 4382 1098 4449; x_wconf 90' lang='lat' dir='ltr'><strong>eos,sicut</strong></span> <span class='ocrx_word' id='word_1_560' title='bbox 1126 4381 1318 4437; x_wconf 89' lang='lat' dir='ltr'><strong>lutum</strong></span> <span class='ocrx_word' id='word_1_561' title='bbox 1368 4381 1713 4454; x_wconf 89' lang='lat' dir='ltr'><strong>platearum.</strong></span> <span class='ocrx_word' id='word_1_562' title='bbox 1738 4381 1839 4438; x_wconf 91' lang='lat' dir='ltr'><strong>Ille</strong></span> 
     </span>
    </p>
   </div>
   <div class='ocr_carea' id='block_1_77' title="bbox 176 4468 1838 4543">
    <p class='ocr_par' dir='ltr' id='par_1_77' title="bbox 176 4468 1838 4543">
     <span class='ocr_line' id='line_1_77' title="bbox 176 4468 1838 4543; baseline 0.001 -18"><span class='ocrx_word' id='word_1_563' title='bbox 176 4474 402 4538; x_wconf 88' lang='lat' dir='ltr'><strong>autem,</strong></span> <span class='ocrx_word' id='word_1_564' title='bbox 432 4468 625 4525; x_wconf 90' lang='lat' dir='ltr'><strong>elatus</strong></span> <span class='ocrx_word' id='word_1_565' title='bbox 656 4469 714 4525; x_wconf 92' lang='lat' dir='ltr'><strong>in</strong></span> <span class='ocrx_word' id='word_1_566' title='bbox 747 4470 1107 4543; x_wconf 88' lang='lat' dir='ltr'><strong>superbiam,</strong></span> <span class='ocrx_word' id='word_1_567' title='bbox 1132 4469 1355 4543; x_wconf 88' lang='lat' dir='ltr'><strong>putavit</strong></span> <span class='ocrx_word' id='word_1_568' title='bbox 1400 4487 1463 4526; x_wconf 89' lang='lat' dir='ltr'><strong>se</strong></span> <span class='ocrx_word' id='word_1_569' title='bbox 1510 4470 1621 4525; x_wconf 89' lang='lat' dir='ltr'><strong>hoc</strong></span> <span class='ocrx_word' id='word_1_570' title='bbox 1651 4472 1838 4527; x_wconf 84' lang='lat' dir='ltr'><strong>facere</strong></span> 
     </span>
    </p>
   </div>
   <div class='ocr_carea' id='block_1_78' title="bbox 177 4558 1836 4616">
    <p class='ocr_par' dir='ltr' id='par_1_78' title="bbox 177 4558 1836 4616">
     <span class='ocr_line' id='line_1_78' title="bbox 177 4558 1836 4616; baseline 0 -1"><span class='ocrx_word' id='word_1_571' title='bbox 177 4559 309 4615; x_wconf 87' lang='lat' dir='ltr'><strong>suis</strong></span> <span class='ocrx_word' id='word_1_572' title='bbox 337 4558 571 4614; x_wconf 88' lang='lat' dir='ltr'><strong>viribus</strong></span> <span class='ocrx_word' id='word_1_573' title='bbox 588 4563 646 4613; x_wconf 90' lang='lat' dir='ltr'><strong>et</strong></span> <span class='ocrx_word' id='word_1_574' title='bbox 666 4559 1008 4615; x_wconf 82' lang='lat' dir='ltr'><strong>fortitudine</strong></span> <span class='ocrx_word' id='word_1_575' title='bbox 1034 4577 1045 4614; x_wconf 92' lang='lat'>:</span> <span class='ocrx_word' id='word_1_576' title='bbox 1072 4563 1129 4615; x_wconf 91' lang='lat' dir='ltr'><strong>et</strong></span> <span class='ocrx_word' id='word_1_577' title='bbox 1150 4577 1264 4615; x_wconf 91' lang='lat' dir='ltr'><strong>non</strong></span> <span class='ocrx_word' id='word_1_578' title='bbox 1288 4558 1480 4615; x_wconf 90' lang='lat' dir='ltr'><strong>solum</strong></span> <span class='ocrx_word' id='word_1_579' title='bbox 1502 4558 1604 4614; x_wconf 92' lang='lat' dir='ltr'><strong>illa</strong></span> <span class='ocrx_word' id='word_1_580' title='bbox 1637 4560 1836 4616; x_wconf 90' lang='lat' dir='ltr'><strong>decem</strong></span> 
     </span>
    </p>
   </div>
   <div class='ocr_carea' id='block_1_79' title="bbox 176 4644 1841 4718">
    <p class='ocr_par' dir='ltr' id='par_1_79' title="bbox 176 4644 1841 4718">
     <span class='ocr_line' id='line_1_79' title="bbox 176 4644 1841 4718; baseline 0 -15"><span class='ocrx_word' id='word_1_581' title='bbox 176 4648 378 4703; x_wconf 85' lang='lat' dir='ltr'><strong>tribus</strong></span> <span class='ocrx_word' id='word_1_582' title='bbox 409 4644 675 4718; x_wconf 90' lang='lat' dir='ltr'><strong>captivas</strong></span> <span class='ocrx_word' id='word_1_583' title='bbox 704 4647 891 4713; x_wconf 88' lang='lat' dir='ltr'><strong>duxit,</strong></span> <span class='ocrx_word' id='word_1_584' title='bbox 906 4647 1005 4702; x_wconf 91' lang='lat' dir='ltr'><strong>sed</strong></span> <span class='ocrx_word' id='word_1_585' title='bbox 1039 4646 1215 4703; x_wconf 89' lang='lat' dir='ltr'><strong>etiam</strong></span> <span class='ocrx_word' id='word_1_586' title='bbox 1248 4648 1562 4703; x_wconf 84' lang='lat' dir='ltr'><strong>maximam</strong></span> <span class='ocrx_word' id='word_1_587' title='bbox 1603 4649 1841 4703; x_wconf 85' lang='lat' dir='ltr'><strong>mutitu-</strong></span> 
     </span>
    </p>
   </div>
   <div class='ocr_carea' id='block_1_80' title="bbox 177 4735 1837 4811">
    <p class='ocr_par' dir='ltr' id='par_1_80' title="bbox 177 4735 1837 4811">
     <span class='ocr_line' id='line_1_80' title="bbox 177 4735 1837 4811; baseline 0.001 -18"><span class='ocrx_word' id='word_1_588' title='bbox 177 4737 379 4793; x_wconf 85' lang='lat' dir='ltr'><strong>dinem</strong></span> <span class='ocrx_word' id='word_1_589' title='bbox 411 4752 617 4791; x_wconf 88' lang='lat' dir='ltr'><strong>eorum</strong></span> <span class='ocrx_word' id='word_1_590' title='bbox 636 4735 1113 4811; x_wconf 89' lang='lat' dir='ltr'><strong>delevit.Virgam</strong></span> <span class='ocrx_word' id='word_1_591' title='bbox 1137 4742 1330 4793; x_wconf 90' lang='lat' dir='ltr'><strong>autem</strong></span> <span class='ocrx_word' id='word_1_592' title='bbox 1362 4742 1418 4792; x_wconf 88' lang='lat' dir='ltr'><strong>et</strong></span> <span class='ocrx_word' id='word_1_593' title='bbox 1444 4737 1717 4792; x_wconf 90' lang='lat' dir='ltr'><strong>baculum</strong></span> <span class='ocrx_word' id='word_1_594' title='bbox 1748 4755 1837 4794; x_wconf 88' lang='lat' dir='ltr'><strong>vo-</strong></span> 
     </span>
    </p>
   </div>
   <div class='ocr_carea' id='block_1_81' title="bbox 177 4824 1836 4897">
    <p class='ocr_par' dir='ltr' id='par_1_81' title="bbox 177 4824 1836 4897">
     <span class='ocr_line' id='line_1_81' title="bbox 177 4824 1836 4897; baseline -0.001 -16"><span class='ocrx_word' id='word_1_595' title='bbox 177 4824 505 4892; x_wconf 78' lang='lat' dir='ltr'><strong>catillum,</strong></span> <span class='ocrx_word' id='word_1_596' title='bbox 539 4825 680 4896; x_wconf 90' lang='lat' dir='ltr'><strong>quia</strong></span> <span class='ocrx_word' id='word_1_597' title='bbox 710 4825 999 4897; x_wconf 88' lang='lat' dir='ltr'><strong>percussit</strong></span> <span class='ocrx_word' id='word_1_598' title='bbox 1048 4830 1106 4880; x_wconf 90' lang='lat' dir='ltr'><strong>et</strong></span> <span class='ocrx_word' id='word_1_599' title='bbox 1155 4824 1468 4897; x_wconf 87' lang='lat' dir='ltr'><strong>flagellavit</strong></span> <span class='ocrx_word' id='word_1_600' title='bbox 1518 4842 1622 4897; x_wconf 93' lang='lat' dir='ltr'><strong>per</strong></span> <span class='ocrx_word' id='word_1_601' title='bbox 1669 4825 1836 4880; x_wconf 89' lang='lat' dir='ltr'><strong>illum</strong></span> 
     </span>
    </p>
   </div>
   <div class='ocr_carea' id='block_1_82' title="bbox 172 4913 735 4972">
    <p class='ocr_par' dir='ltr' id='par_1_82' title="bbox 172 4913 735 4972">
     <span class='ocr_line' id='line_1_82' title="bbox 172 4913 735 4972; baseline -0.004 -1"><span class='ocrx_word' id='word_1_602' title='bbox 172 4915 493 4972; x_wconf 89' lang='lat' dir='ltr'><strong>duodecim</strong></span> <span class='ocrx_word' id='word_1_603' title='bbox 524 4913 735 4969; x_wconf 87' lang='lat' dir='ltr'><strong>tribus.</strong></span> 
     </span>
    </p>
   </div>
   <div class='ocr_carea' id='block_1_83' title="bbox 248 5002 1836 5077">
    <p class='ocr_par' dir='ltr' id='par_1_83' title="bbox 248 5002 1836 5077">
     <span class='ocr_line' id='line_1_83' title="bbox 248 5002 1836 5077; baseline -0.001 -16"><span class='ocrx_word' id='word_1_604' title='bbox 248 5030 275 5054; x_wconf 78' lang='grc' dir='ltr'>α</span> <span class='ocrx_word' id='word_1_605' title='bbox 300 5002 587 5076; x_wconf 88' lang='lat' dir='ltr'><strong>Nunquid</strong></span> <span class='ocrx_word' id='word_1_606' title='bbox 619 5021 734 5059; x_wconf 90' lang='lat' dir='ltr'><strong>non</strong></span> <span class='ocrx_word' id='word_1_607' title='bbox 766 5004 1061 5077; x_wconf 89' lang='lat' dir='ltr'><strong>principes</strong></span> <span class='ocrx_word' id='word_1_608' title='bbox 1110 5003 1224 5060; x_wconf 90' lang='lat' dir='ltr'><strong>mei</strong></span> <span class='ocrx_word' id='word_1_609' title='bbox 1257 5020 1420 5076; x_wconf 90' lang='lat' dir='ltr'><strong>reges</strong></span> <span class='ocrx_word' id='word_1_610' title='bbox 1453 5004 1636 5059; x_wconf 81' lang='lat' dir='ltr'><strong>sunt?</strong></span> <span class='ocrx_word' id='word_1_611' title='bbox 1660 5027 1687 5053; x_wconf 89' lang='grc'><strong>››</strong></span> <span class='ocrx_word' id='word_1_612' title='bbox 1720 5005 1836 5059; x_wconf 90' lang='lat' dir='ltr'><strong>lloc</strong></span> 
     </span>
    </p>
   </div>
   <div class='ocr_carea' id='block_1_84' title="bbox 172 5091 1837 5164">
    <p class='ocr_par' dir='ltr' id='par_1_84' title="bbox 172 5091 1837 5164">
     <span class='ocr_line' id='line_1_84' title="bbox 172 5091 1837 5164; baseline -0.001 -16"><span class='ocrx_word' id='word_1_613' title='bbox 172 5094 305 5150; x_wconf 86' lang='lat' dir='ltr'><strong>ideo</strong></span> <span class='ocrx_word' id='word_1_614' title='bbox 344 5092 493 5149; x_wconf 90' lang='lat' dir='ltr'><strong>dicit</strong></span> <span class='ocrx_word' id='word_1_615' title='bbox 544 5091 960 5159; x_wconf 89' lang='lat' dir='ltr'><strong>Sennacherib,</strong></span> <span class='ocrx_word' id='word_1_616' title='bbox 993 5092 1133 5164; x_wconf 87' lang='lat' dir='ltr'><strong>quia</strong></span> <span class='ocrx_word' id='word_1_617' title='bbox 1171 5093 1407 5164; x_wconf 88' lang='lat' dir='ltr'><strong>quando</strong></span> <span class='ocrx_word' id='word_1_618' title='bbox 1454 5093 1612 5147; x_wconf 89' lang='lat' dir='ltr'><strong>venit</strong></span> <span class='ocrx_word' id='word_1_619' title='bbox 1660 5110 1837 5164; x_wconf 86' lang='lat' dir='ltr'><strong>super</strong></span> 
     </span>
    </p>
   </div>
   <div class='ocr_carea' id='block_1_85' title="bbox 170 5181 1836 5253">
    <p class='ocr_par' dir='ltr' id='par_1_85' title="bbox 170 5181 1836 5253">
     <span class='ocr_line' id='line_1_85' title="bbox 170 5181 1836 5253; baseline -0.001 -15"><span class='ocrx_word' id='word_1_620' title='bbox 170 5184 380 5238; x_wconf 88' lang='lat' dir='ltr'><strong>decem</strong></span> <span class='ocrx_word' id='word_1_621' title='bbox 413 5181 629 5247; x_wconf 88' lang='lat' dir='ltr'><strong>tribus,</strong></span> <span class='ocrx_word' id='word_1_622' title='bbox 662 5181 879 5237; x_wconf 89' lang='lat' dir='ltr'><strong>multos</strong></span> <span class='ocrx_word' id='word_1_623' title='bbox 931 5197 1095 5253; x_wconf 88' lang='lat' dir='ltr'><strong>reges</strong></span> <span class='ocrx_word' id='word_1_624' title='bbox 1143 5181 1388 5236; x_wconf 88' lang='lat' dir='ltr'><strong>adduxit</strong></span> <span class='ocrx_word' id='word_1_625' title='bbox 1437 5198 1635 5237; x_wconf 90' lang='lat' dir='ltr'><strong>secum</strong></span> <span class='ocrx_word' id='word_1_626' title='bbox 1687 5198 1836 5253; x_wconf 87' lang='lat' dir='ltr'><strong>quos</strong></span> 
     </span>
    </p>
   </div>
   <div class='ocr_carea' id='block_1_86' title="bbox 171 5269 1834 5344">
    <p class='ocr_par' dir='ltr' id='par_1_86' title="bbox 171 5269 1834 5344">
     <span class='ocr_line' id='line_1_86' title="bbox 171 5269 1834 5344; baseline -0.002 -17"><span class='ocrx_word' id='word_1_627' title='bbox 171 5273 301 5344; x_wconf 88' lang='lat' dir='ltr'><strong>ipse</strong></span> <span class='ocrx_word' id='word_1_628' title='bbox 311 5273 446 5344; x_wconf 85' lang='lat' dir='ltr'><strong>jam</strong></span> <span class='ocrx_word' id='word_1_629' title='bbox 469 5270 908 5343; x_wconf 88' lang='lat' dir='ltr'><strong>subjugaverat.</strong></span> <span class='ocrx_word' id='word_1_630' title='bbox 926 5294 952 5320; x_wconf 89' lang='grc'><strong>‹‹</strong></span> <span class='ocrx_word' id='word_1_631' title='bbox 972 5269 1247 5342; x_wconf 91' lang='lat' dir='ltr'><strong>Nunquid</strong></span> <span class='ocrx_word' id='word_1_632' title='bbox 1270 5287 1385 5324; x_wconf 91' lang='lat' dir='ltr'><strong>non</strong></span> <span class='ocrx_word' id='word_1_633' title='bbox 1402 5270 1834 5337; x_wconf 87' lang='lat' dir='ltr'><strong>ntCarchamis,</strong></span> 
     </span>
    </p>
   </div>
   <div class='ocr_carea' id='block_1_87' title="bbox 171 5358 1838 5431">
    <p class='ocr_par' dir='ltr' id='par_1_87' title="bbox 171 5358 1838 5431">
     <span class='ocr_line' id='line_1_87' title="bbox 171 5358 1838 5431; baseline -0.001 -15"><span class='ocrx_word' id='word_1_634' title='bbox 171 5360 261 5416; x_wconf 88' lang='lat' dir='ltr'><strong>sic</strong></span> <span class='ocrx_word' id='word_1_635' title='bbox 289 5364 435 5416; x_wconf 88' lang='lat' dir='ltr'><strong>sunt</strong></span> <span class='ocrx_word' id='word_1_636' title='bbox 458 5360 570 5414; x_wconf 91' lang='lat' dir='ltr'><strong>sub</strong></span> <span class='ocrx_word' id='word_1_637' title='bbox 594 5375 725 5415; x_wconf 89' lang='lat' dir='ltr'><strong>mea</strong></span> <span class='ocrx_word' id='word_1_638' title='bbox 755 5363 1041 5431; x_wconf 87' lang='lat' dir='ltr'><strong>potestate</strong></span> <span class='ocrx_word' id='word_1_639' title='bbox 1076 5358 1415 5425; x_wconf 85' lang='lat' dir='ltr'><strong>Chalamno,</strong></span> <span class='ocrx_word' id='word_1_640' title='bbox 1438 5363 1495 5415; x_wconf 89' lang='lat' dir='ltr'><strong>et</strong></span> <span class='ocrx_word' id='word_1_641' title='bbox 1508 5358 1748 5431; x_wconf 85' lang='lat' dir='ltr'><strong>Arphat,</strong></span> <span class='ocrx_word' id='word_1_642' title='bbox 1780 5365 1838 5415; x_wconf 90' lang='lat' dir='ltr'><strong>et</strong></span> 
     </span>
    </p>
   </div>
   <div class='ocr_carea' id='block_1_88' title="bbox 169 5446 1834 5522">
    <p class='ocr_par' dir='ltr' id='par_1_88' title="bbox 169 5446 1834 5522">
     <span class='ocr_line' id='line_1_88' title="bbox 169 5446 1834 5522; baseline -0.002 -17"><span class='ocrx_word' id='word_1_643' title='bbox 169 5449 387 5505; x_wconf 86' lang='lat' dir='ltr'><strong>Emat?</strong></span> <span class='ocrx_word' id='word_1_644' title='bbox 418 5471 449 5501; x_wconf 76' lang='grc'>››</span> <span class='ocrx_word' id='word_1_645' title='bbox 484 5447 609 5504; x_wconf 86' lang='lat' dir='ltr'><strong>Vox</strong></span> <span class='ocrx_word' id='word_1_646' title='bbox 657 5448 951 5522; x_wconf 69' lang='lat' dir='ltr'><strong>propheta:</strong></span> <span class='ocrx_word' id='word_1_647' title='bbox 1002 5465 1069 5504; x_wconf 88' lang='lat' dir='ltr'><strong>ex</strong></span> <span class='ocrx_word' id='word_1_648' title='bbox 1115 5464 1364 5521; x_wconf 90' lang='lat' dir='ltr'><strong>persona</strong></span> <span class='ocrx_word' id='word_1_649' title='bbox 1418 5446 1834 5503; x_wconf 87' lang='lat' dir='ltr'><strong>Sennacherib.</strong></span> 
     </span>
    </p>
   </div>
   <div class='ocr_carea' id='block_1_89' title="bbox 172 5534 1834 5611">
    <p class='ocr_par' dir='ltr' id='par_1_89' title="bbox 172 5534 1834 5611">
     <span class='ocr_line' id='line_1_89' title="bbox 172 5534 1834 5611; baseline -0.002 -18"><span class='ocrx_word' id='word_1_650' title='bbox 172 5538 402 5594; x_wconf 88' lang='lat' dir='ltr'><strong>Taliter</strong></span> <span class='ocrx_word' id='word_1_651' title='bbox 420 5537 582 5594; x_wconf 88' lang='lat' dir='ltr'><strong>enim</strong></span> <span class='ocrx_word' id='word_1_652' title='bbox 605 5537 988 5611; x_wconf 87' lang='lat' dir='ltr'><strong>gloriabatur.</strong></span> <span class='ocrx_word' id='word_1_653' title='bbox 1006 5537 1109 5593; x_wconf 90' lang='lat' dir='ltr'><strong>Illa</strong></span> <span class='ocrx_word' id='word_1_654' title='bbox 1128 5534 1466 5592; x_wconf 88' lang='lat' dir='ltr'><strong>Carchamis</strong></span> <span class='ocrx_word' id='word_1_655' title='bbox 1486 5540 1543 5591; x_wconf 90' lang='lat' dir='ltr'><strong>et</strong></span> <span class='ocrx_word' id='word_1_656' title='bbox 1575 5534 1687 5590; x_wconf 81' lang='lat' dir='ltr'><strong>illae</strong></span> <span class='ocrx_word' id='word_1_657' title='bbox 1708 5535 1834 5590; x_wconf 59' lang='lat' dir='ltr'><strong>aliis</strong></span> 
     </span>
    </p>
   </div>
   <div class='ocr_carea' id='block_1_90' title="bbox 174 5624 1835 5702">
    <p class='ocr_par' dir='ltr' id='par_1_90' title="bbox 174 5624 1835 5702">
     <span class='ocr_line' id='line_1_90' title="bbox 174 5624 1835 5702; baseline -0.004 -16"><span class='ocrx_word' id='word_1_658' title='bbox 174 5626 448 5686; x_wconf 83' lang='lat' dir='ltr'><strong>civitates</strong></span> <span class='ocrx_word' id='word_1_659' title='bbox 480 5641 631 5700; x_wconf 88' lang='lat' dir='ltr'><strong>quas</strong></span> <span class='ocrx_word' id='word_1_660' title='bbox 658 5627 1040 5697; x_wconf 89' lang='lat' dir='ltr'><strong>enumeravit,</strong></span> <span class='ocrx_word' id='word_1_661' title='bbox 1059 5625 1320 5702; x_wconf 88' lang='lat' dir='ltr'><strong>gentium</strong></span> <span class='ocrx_word' id='word_1_662' title='bbox 1360 5624 1619 5682; x_wconf 89' lang='lat' dir='ltr'><strong>civitates</strong></span> <span class='ocrx_word' id='word_1_663' title='bbox 1648 5628 1835 5697; x_wconf 85' lang='lat' dir='ltr'><strong>erant,</strong></span> 
     </span>
    </p>
   </div>
   <div class='ocr_carea' id='block_1_91' title="bbox 1950 3310 3601 3391">
    <p class='ocr_par' dir='ltr' id='par_1_91' title="bbox 1950 3310 3601 3391">
     <span class='ocr_line' id='line_1_91' title="bbox 1950 3310 3601 3391; baseline 0.005 -25"><span class='ocrx_word' id='word_1_664' title='bbox 1950 3327 2055 3382; x_wconf 87' lang='lat' dir='ltr'><strong>per</strong></span> <span class='ocrx_word' id='word_1_665' title='bbox 2081 3310 2291 3366; x_wconf 87' lang='lat' dir='ltr'><strong>nidum</strong></span> <span class='ocrx_word' id='word_1_666' title='bbox 2314 3328 2511 3385; x_wconf 86' lang='lat' dir='ltr'><strong>regna,</strong></span> <span class='ocrx_word' id='word_1_667' title='bbox 2536 3312 2620 3368; x_wconf 88' lang='lat' dir='ltr'><strong>ita</strong></span> <span class='ocrx_word' id='word_1_668' title='bbox 2639 3313 2818 3368; x_wconf 89' lang='lat' dir='ltr'><strong>etiam</strong></span> <span class='ocrx_word' id='word_1_669' title='bbox 2852 3330 2955 3385; x_wconf 91' lang='lat' dir='ltr'><strong>per</strong></span> <span class='ocrx_word' id='word_1_670' title='bbox 2983 3330 3091 3370; x_wconf 88' lang='lat' dir='ltr'><strong>ova</strong></span> <span class='ocrx_word' id='word_1_671' title='bbox 3117 3314 3437 3390; x_wconf 88' lang='lat' dir='ltr'><strong>intelligere</strong></span> <span class='ocrx_word' id='word_1_672' title='bbox 3466 3334 3601 3391; x_wconf 88' lang='lat' dir='ltr'><strong>pos-</strong></span> 
     </span>
    </p>
   </div>
   <div class='ocr_carea' id='block_1_92' title="bbox 1948 3399 3601 3475">
    <p class='ocr_par' dir='ltr' id='par_1_92' title="bbox 1948 3399 3601 3475">
     <span class='ocr_line' id='line_1_92' title="bbox 1948 3399 3601 3475; baseline 0.004 -19"><span class='ocrx_word' id='word_1_673' title='bbox 1948 3417 2158 3456; x_wconf 89' lang='lat' dir='ltr'><strong>sumus</strong></span> <span class='ocrx_word' id='word_1_674' title='bbox 2186 3399 2545 3457; x_wconf 88' lang='lat' dir='ltr'><strong>habitatores</strong></span> <span class='ocrx_word' id='word_1_675' title='bbox 2577 3418 2914 3475; x_wconf 89' lang='lat' dir='ltr'><strong>regnorum.</strong></span> <span class='ocrx_word' id='word_1_676' title='bbox 2945 3404 3195 3470; x_wconf 90' lang='lat' dir='ltr'><strong>Quidam</strong></span> <span class='ocrx_word' id='word_1_677' title='bbox 3239 3406 3468 3462; x_wconf 91' lang='lat' dir='ltr'><strong>codices</strong></span> <span class='ocrx_word' id='word_1_678' title='bbox 3498 3406 3601 3463; x_wconf 89' lang='lat' dir='ltr'><strong>ha-</strong></span> 
     </span>
    </p>
   </div>
   <div class='ocr_carea' id='block_1_93' title="bbox 1948 3489 3600 3567">
    <p class='ocr_par' dir='ltr' id='par_1_93' title="bbox 1948 3489 3600 3567">
     <span class='ocr_line' id='line_1_93' title="bbox 1948 3489 3600 3567; baseline 0.004 -23"><span class='ocrx_word' id='word_1_679' title='bbox 1948 3490 2089 3545; x_wconf 89' lang='lat' dir='ltr'><strong>bent</strong></span> <span class='ocrx_word' id='word_1_680' title='bbox 2114 3506 2277 3559; x_wconf 91' lang='lat' dir='ltr'><strong>uvas,</strong></span> <span class='ocrx_word' id='word_1_681' title='bbox 2298 3490 2398 3545; x_wconf 91' lang='lat' dir='ltr'><strong>sed</strong></span> <span class='ocrx_word' id='word_1_682' title='bbox 2423 3489 2572 3546; x_wconf 83' lang='lat' dir='ltr'><strong>falso</strong></span> <span class='ocrx_word' id='word_1_683' title='bbox 2592 3490 2879 3563; x_wconf 89' lang='lat' dir='ltr'><strong>scriptum</strong></span> <span class='ocrx_word' id='word_1_684' title='bbox 2908 3492 3180 3558; x_wconf 84' lang='lat' dir='ltr'><strong>est.Quia</strong></span> <span class='ocrx_word' id='word_1_685' title='bbox 3209 3492 3365 3549; x_wconf 92' lang='lat' dir='ltr'><strong>enim</strong></span> <span class='ocrx_word' id='word_1_686' title='bbox 3390 3494 3600 3567; x_wconf 87' lang='lat' dir='ltr'><strong>primi-</strong></span> 
     </span>
    </p>
   </div>
   <div class='ocr_carea' id='block_1_94' title="bbox 1948 3578 3602 3652">
    <p class='ocr_par' dir='ltr' id='par_1_94' title="bbox 1948 3578 3602 3652">
     <span class='ocr_line' id='line_1_94' title="bbox 1948 3578 3602 3652; baseline 0.004 -20"><span class='ocrx_word' id='word_1_687' title='bbox 1948 3583 2045 3633; x_wconf 92' lang='lat' dir='ltr'><strong>tus</strong></span> <span class='ocrx_word' id='word_1_688' title='bbox 2076 3579 2219 3633; x_wconf 87' lang='lat' dir='ltr'><strong>dixit</strong></span> <span class='ocrx_word' id='word_1_689' title='bbox 2247 3579 2317 3634; x_wconf 90' lang='lat' dir='ltr'><strong>dc</strong></span> <span class='ocrx_word' id='word_1_690' title='bbox 2347 3578 2504 3645; x_wconf 90' lang='lat' dir='ltr'><strong>nido,</strong></span> <span class='ocrx_word' id='word_1_691' title='bbox 2528 3579 2612 3634; x_wconf 91' lang='lat' dir='ltr'><strong>sic</strong></span> <span class='ocrx_word' id='word_1_692' title='bbox 2643 3585 2774 3652; x_wconf 89' lang='lat' dir='ltr'><strong>post</strong></span> <span class='ocrx_word' id='word_1_693' title='bbox 2802 3580 2872 3635; x_wconf 92' lang='lat' dir='ltr'><strong>de</strong></span> <span class='ocrx_word' id='word_1_694' title='bbox 2921 3580 3146 3637; x_wconf 88' lang='lat' dir='ltr'><strong>ovis.Et</strong></span> <span class='ocrx_word' id='word_1_695' title='bbox 3192 3598 3299 3638; x_wconf 87' lang='lat' dir='ltr'><strong>vox</strong></span> <span class='ocrx_word' id='word_1_696' title='bbox 3345 3586 3435 3637; x_wconf 89' lang='lat' dir='ltr'><strong>est</strong></span> <span class='ocrx_word' id='word_1_697' title='bbox 3463 3583 3602 3640; x_wconf 90' lang='lat' dir='ltr'><strong>Sen-</strong></span> 
     </span>
    </p>
   </div>
   <div class='ocr_carea' id='block_1_95' title="bbox 1949 3667 2246 3723">
    <p class='ocr_par' dir='ltr' id='par_1_95' title="bbox 1949 3667 2246 3723">
     <span class='ocr_line' id='line_1_95' title="bbox 1949 3667 2246 3723; baseline 0 -2"><span class='ocrx_word' id='word_1_698' title='bbox 1949 3667 2246 3723; x_wconf 89' lang='lat' dir='ltr'><strong>nacherib.</strong></span> 
     </span>
    </p>
   </div>
   <div class='ocr_carea' id='block_1_96' title="bbox 2019 3755 3596 3831">
    <p class='ocr_par' dir='ltr' id='par_1_96' title="bbox 2019 3755 3596 3831">
     <span class='ocr_line' id='line_1_96' title="bbox 2019 3755 3596 3831; baseline 0.003 -20"><span class='ocrx_word' id='word_1_699' title='bbox 2019 3781 2046 3806; x_wconf 88' lang='grc'><strong>‹‹</strong></span> <span class='ocrx_word' id='word_1_700' title='bbox 2083 3758 2151 3811; x_wconf 90' lang='lat' dir='ltr'><strong>Et</strong></span> <span class='ocrx_word' id='word_1_701' title='bbox 2176 3774 2292 3811; x_wconf 92' lang='lat' dir='ltr'><strong>non</strong></span> <span class='ocrx_word' id='word_1_702' title='bbox 2324 3755 2451 3825; x_wconf 85' lang='lat' dir='ltr'><strong>fuit,</strong></span> <span class='ocrx_word' id='word_1_703' title='bbox 2486 3755 2584 3827; x_wconf 92' lang='lat' dir='ltr'><strong>qui</strong></span> <span class='ocrx_word' id='word_1_704' title='bbox 2608 3764 2858 3812; x_wconf 89' lang='lat' dir='ltr'><strong>moveret</strong></span> <span class='ocrx_word' id='word_1_705' title='bbox 2888 3773 3164 3829; x_wconf 89' lang='lat' dir='ltr'><strong>pennam,</strong></span> <span class='ocrx_word' id='word_1_706' title='bbox 3201 3778 3230 3807; x_wconf 86' lang='lat'><em>»</em></span> <span class='ocrx_word' id='word_1_707' title='bbox 3264 3756 3320 3813; x_wconf 91' lang='lat' dir='ltr'><strong>id</strong></span> <span class='ocrx_word' id='word_1_708' title='bbox 3352 3762 3461 3826; x_wconf 91' lang='lat' dir='ltr'><strong>est,</strong></span> <span class='ocrx_word' id='word_1_709' title='bbox 3493 3760 3596 3831; x_wconf 92' lang='lat' dir='ltr'><strong>qui</strong></span> 
     </span>
    </p>
   </div>
   <div class='ocr_carea' id='block_1_97' title="bbox 1947 3845 3593 3918">
    <p class='ocr_par' dir='ltr' id='par_1_97' title="bbox 1947 3845 3593 3918">
     <span class='ocr_line' id='line_1_97' title="bbox 1947 3845 3593 3918; baseline -0.002 -18"><span class='ocrx_word' id='word_1_710' title='bbox 1947 3846 2187 3900; x_wconf 89' lang='lat' dir='ltr'><strong>auderet</strong></span> <span class='ocrx_word' id='word_1_711' title='bbox 2220 3861 2459 3899; x_wconf 90' lang='lat' dir='ltr'><strong>manum</strong></span> <span class='ocrx_word' id='word_1_712' title='bbox 2483 3849 2686 3899; x_wconf 88' lang='lat' dir='ltr'><strong>contra</strong></span> <span class='ocrx_word' id='word_1_713' title='bbox 2716 3861 2809 3900; x_wconf 91' lang='lat' dir='ltr'><strong>me</strong></span> <span class='ocrx_word' id='word_1_714' title='bbox 2829 3845 3070 3916; x_wconf 84' lang='lat' dir='ltr'><strong>erigere,</strong></span> <span class='ocrx_word' id='word_1_715' title='bbox 3097 3866 3126 3894; x_wconf 76' lang='grc' dir='ltr'><strong>(ι</strong></span> <span class='ocrx_word' id='word_1_716' title='bbox 3159 3850 3217 3901; x_wconf 89' lang='lat' dir='ltr'><strong>ct</strong></span> <span class='ocrx_word' id='word_1_717' title='bbox 3244 3847 3534 3918; x_wconf 87' lang='lat' dir='ltr'><strong>ganniret.</strong></span> <span class='ocrx_word' id='word_1_718' title='bbox 3565 3871 3593 3898; x_wconf 83' lang='grc'>››</span> 
     </span>
    </p>
   </div>
   <div class='ocr_carea' id='block_1_98' title="bbox 1946 3931 3593 4008">
    <p class='ocr_par' dir='ltr' id='par_1_98' title="bbox 1946 3931 3593 4008">
     <span class='ocr_line' id='line_1_98' title="bbox 1946 3931 3593 4008; baseline 0.001 -18"><span class='ocrx_word' id='word_1_719' title='bbox 1946 3932 2195 3990; x_wconf 86' lang='lat' dir='ltr'><strong>Gannire</strong></span> <span class='ocrx_word' id='word_1_720' title='bbox 2226 3933 2456 4005; x_wconf 88' lang='lat' dir='ltr'><strong>proprie</strong></span> <span class='ocrx_word' id='word_1_721' title='bbox 2486 3931 2679 3988; x_wconf 89' lang='lat' dir='ltr'><strong>avium</strong></span> <span class='ocrx_word' id='word_1_722' title='bbox 2713 3938 2821 4003; x_wconf 89' lang='lat' dir='ltr'><strong>est,</strong></span> <span class='ocrx_word' id='word_1_723' title='bbox 2855 3937 2909 3989; x_wconf 91' lang='lat' dir='ltr'><strong>et</strong></span> <span class='ocrx_word' id='word_1_724' title='bbox 2948 3933 3145 4004; x_wconf 87' lang='lat' dir='ltr'><strong>posuit</strong></span> <span class='ocrx_word' id='word_1_725' title='bbox 3176 3951 3279 4006; x_wconf 92' lang='lat' dir='ltr'><strong>pro</strong></span> <span class='ocrx_word' id='word_1_726' title='bbox 3323 3951 3390 3990; x_wconf 91' lang='lat' dir='ltr'><strong>eo</strong></span> <span class='ocrx_word' id='word_1_727' title='bbox 3436 3937 3593 4008; x_wconf 92' lang='lat' dir='ltr'><strong>quod</strong></span> 
     </span>
    </p>
   </div>
   <div class='ocr_carea' id='block_1_99' title="bbox 1946 4023 2300 4078">
    <p class='ocr_par' dir='ltr' id='par_1_99' title="bbox 1946 4023 2300 4078">
     <span class='ocr_line' id='line_1_99' title="bbox 1946 4023 2300 4078; baseline -0.008 0"><span class='ocrx_word' id='word_1_728' title='bbox 1946 4027 2036 4078; x_wconf 90' lang='lat' dir='ltr'><strong>est</strong></span> <span class='ocrx_word' id='word_1_729' title='bbox 2067 4023 2300 4078; x_wconf 88' lang='lat' dir='ltr'><strong>mutire.</strong></span> 
     </span>
    </p>
   </div>
   <div class='ocr_carea' id='block_1_100' title="bbox 2021 4108 3595 4188">
    <p class='ocr_par' dir='ltr' id='par_1_100' title="bbox 2021 4108 3595 4188">
     <span class='ocr_line' id='line_1_100' title="bbox 2021 4108 3595 4188; baseline 0.007 -26"><span class='ocrx_word' id='word_1_730' title='bbox 2021 4133 2049 4161; x_wconf 86' lang='lat'><strong>«</strong></span> <span class='ocrx_word' id='word_1_731' title='bbox 2078 4110 2354 4183; x_wconf 88' lang='lat' dir='ltr'><strong>Nunquid</strong></span> <span class='ocrx_word' id='word_1_732' title='bbox 2403 4108 2749 4183; x_wconf 90' lang='lat' dir='ltr'><strong>gloriabitur</strong></span> <span class='ocrx_word' id='word_1_733' title='bbox 2794 4111 3056 4167; x_wconf 83' lang='lat' dir='ltr'><strong>securis?</strong></span> <span class='ocrx_word' id='word_1_734' title='bbox 3081 4134 3108 4161; x_wconf 83' lang='lat'>»</span> <span class='ocrx_word' id='word_1_735' title='bbox 3138 4111 3260 4169; x_wconf 88' lang='lat' dir='ltr'><strong>Vox</strong></span> <span class='ocrx_word' id='word_1_736' title='bbox 3301 4115 3595 4188; x_wconf 62' lang='lat' dir='ltr'><strong>propheta;</strong></span> 
     </span>
    </p>
   </div>
   <div class='ocr_carea' id='block_1_101' title="bbox 1947 4198 3597 4279">
    <p class='ocr_par' dir='ltr' id='par_1_101' title="bbox 1947 4198 3597 4279">
     <span class='ocr_line' id='line_1_101' title="bbox 1947 4198 3597 4279; baseline 0.005 -25"><span class='ocrx_word' id='word_1_737' title='bbox 1947 4200 2017 4256; x_wconf 91' lang='lat' dir='ltr'><strong>de</strong></span> <span class='ocrx_word' id='word_1_738' title='bbox 2034 4198 2446 4255; x_wconf 90' lang='lat' dir='ltr'><strong>Sennacherib.</strong></span> <span class='ocrx_word' id='word_1_739' title='bbox 2463 4200 2531 4253; x_wconf 90' lang='lat' dir='ltr'><strong>Et</strong></span> <span class='ocrx_word' id='word_1_740' title='bbox 2552 4203 2641 4254; x_wconf 90' lang='lat' dir='ltr'><strong>est</strong></span> <span class='ocrx_word' id='word_1_741' title='bbox 2661 4216 2873 4256; x_wconf 90' lang='lat' dir='ltr'><strong>sensus</strong></span> <span class='ocrx_word' id='word_1_742' title='bbox 2888 4217 2901 4255; x_wconf 92' lang='lat'>:</span> <span class='ocrx_word' id='word_1_743' title='bbox 2916 4201 3312 4257; x_wconf 90' lang='lat' dir='ltr'><strong>Sennacherib</strong></span> <span class='ocrx_word' id='word_1_744' title='bbox 3342 4222 3597 4279; x_wconf 88' lang='lat' dir='ltr'><strong>namque</strong></span> 
     </span>
    </p>
   </div>
   <div class='ocr_carea' id='block_1_102' title="bbox 1947 4288 3596 4362">
    <p class='ocr_par' dir='ltr' id='par_1_102' title="bbox 1947 4288 3596 4362">
     <span class='ocr_line' id='line_1_102' title="bbox 1947 4288 3596 4362; baseline 0.005 -19"><span class='ocrx_word' id='word_1_745' title='bbox 1947 4288 2229 4344; x_wconf 90' lang='lat' dir='ltr'><strong>ultionem</strong></span> <span class='ocrx_word' id='word_1_746' title='bbox 2252 4305 2430 4361; x_wconf 89' lang='lat' dir='ltr'><strong>quam</strong></span> <span class='ocrx_word' id='word_1_747' title='bbox 2464 4288 2599 4343; x_wconf 87' lang='lat' dir='ltr'><strong>fecit</strong></span> <span class='ocrx_word' id='word_1_748' title='bbox 2627 4306 2806 4362; x_wconf 88' lang='lat' dir='ltr'><strong>super</strong></span> <span class='ocrx_word' id='word_1_749' title='bbox 2837 4290 3039 4345; x_wconf 89' lang='lat' dir='ltr'><strong>decem</strong></span> <span class='ocrx_word' id='word_1_750' title='bbox 3085 4290 3295 4358; x_wconf 89' lang='lat' dir='ltr'><strong>tribus,</strong></span> <span class='ocrx_word' id='word_1_751' title='bbox 3329 4310 3443 4349; x_wconf 92' lang='lat' dir='ltr'><strong>non</strong></span> <span class='ocrx_word' id='word_1_752' title='bbox 3495 4295 3596 4351; x_wconf 90' lang='lat' dir='ltr'><strong>Dei</strong></span> 
     </span>
    </p>
   </div>
   <div class='ocr_carea' id='block_1_103' title="bbox 1944 4377 3597 4449">
    <p class='ocr_par' dir='ltr' id='par_1_103' title="bbox 1944 4377 3597 4449">
     <span class='ocr_line' id='line_1_103' title="bbox 1944 4377 3597 4449; baseline 0.003 -16"><span class='ocrx_word' id='word_1_753' title='bbox 1944 4377 2227 4433; x_wconf 87' lang='lat' dir='ltr'><strong>voluntati</strong></span> <span class='ocrx_word' id='word_1_754' title='bbox 2252 4377 2557 4449; x_wconf 89' lang='lat' dir='ltr'><strong>reputavit,</strong></span> <span class='ocrx_word' id='word_1_755' title='bbox 2578 4377 2679 4433; x_wconf 74' lang='lat' dir='ltr'><strong>se&#39;d</strong></span> <span class='ocrx_word' id='word_1_756' title='bbox 2706 4395 2825 4433; x_wconf 79' lang='lat' dir='ltr'><strong>suae</strong></span> <span class='ocrx_word' id='word_1_757' title='bbox 2847 4379 3280 4435; x_wconf 88' lang='lat' dir='ltr'><strong>fortitudini.Et</strong></span> <span class='ocrx_word' id='word_1_758' title='bbox 3299 4381 3516 4437; x_wconf 81' lang='lat' dir='ltr'><strong>dicitur</strong></span> <span class='ocrx_word' id='word_1_759' title='bbox 3543 4384 3597 4439; x_wconf 91' lang='lat' dir='ltr'><strong>ei</strong></span> 
     </span>
    </p>
   </div>
   <div class='ocr_carea' id='block_1_104' title="bbox 1948 4466 3595 4540">
    <p class='ocr_par' dir='ltr' id='par_1_104' title="bbox 1948 4466 3595 4540">
     <span class='ocr_line' id='line_1_104' title="bbox 1948 4466 3595 4540; baseline 0.002 -18"><span class='ocrx_word' id='word_1_760' title='bbox 1948 4484 1981 4522; x_wconf 90' lang='lat' dir='ltr'><strong>a</strong></span> <span class='ocrx_word' id='word_1_761' title='bbox 2009 4466 2328 4539; x_wconf 88' lang='lat' dir='ltr'><strong>prephcta:</strong></span> <span class='ocrx_word' id='word_1_762' title='bbox 2362 4466 2420 4522; x_wconf 92' lang='lat' dir='ltr'><strong>Si</strong></span> <span class='ocrx_word' id='word_1_763' title='bbox 2480 4467 2726 4535; x_wconf 90' lang='lat' dir='ltr'><strong>securis,</strong></span> <span class='ocrx_word' id='word_1_764' title='bbox 2752 4472 2856 4522; x_wconf 90' lang='lat' dir='ltr'><strong>aut</strong></span> <span class='ocrx_word' id='word_1_765' title='bbox 2912 4484 3092 4534; x_wconf 88' lang='lat' dir='ltr'><strong>serra,</strong></span> <span class='ocrx_word' id='word_1_766' title='bbox 3133 4466 3221 4523; x_wconf 91' lang='lat' dir='ltr'><strong>vel</strong></span> <span class='ocrx_word' id='word_1_767' title='bbox 3279 4466 3458 4540; x_wconf 88' lang='lat' dir='ltr'><strong>virga,</strong></span> <span class='ocrx_word' id='word_1_768' title='bbox 3493 4475 3595 4526; x_wconf 88' lang='lat' dir='ltr'><strong>aut</strong></span> 
     </span>
    </p>
   </div>
   <div class='ocr_carea' id='block_1_105' title="bbox 1946 4554 3592 4630">
    <p class='ocr_par' dir='ltr' id='par_1_105' title="bbox 1946 4554 3592 4630">
     <span class='ocr_line' id='line_1_105' title="bbox 1946 4554 3592 4630; baseline 0.001 -19"><span class='ocrx_word' id='word_1_769' title='bbox 1946 4557 2121 4612; x_wconf 90' lang='lat' dir='ltr'><strong>etiam</strong></span> <span class='ocrx_word' id='word_1_770' title='bbox 2154 4556 2516 4627; x_wconf 91' lang='lat' dir='ltr'><strong>baculusque</strong></span> <span class='ocrx_word' id='word_1_771' title='bbox 2543 4555 2771 4628; x_wconf 89' lang='lat' dir='ltr'><strong>lignum</strong></span> <span class='ocrx_word' id='word_1_772' title='bbox 2816 4558 2924 4621; x_wconf 91' lang='lat' dir='ltr'><strong>est,</strong></span> <span class='ocrx_word' id='word_1_773' title='bbox 2958 4554 3260 4626; x_wconf 86' lang='lat' dir='ltr'><strong>erigantur</strong></span> <span class='ocrx_word' id='word_1_774' title='bbox 3290 4556 3347 4610; x_wconf 93' lang='lat' dir='ltr'><strong>in</strong></span> <span class='ocrx_word' id='word_1_775' title='bbox 3388 4574 3592 4630; x_wconf 88' lang='lat' dir='ltr'><strong>super-</strong></span> 
     </span>
    </p>
   </div>
   <div class='ocr_carea' id='block_1_106' title="bbox 1950 4642 3593 4714">
    <p class='ocr_par' dir='ltr' id='par_1_106' title="bbox 1950 4642 3593 4714">
     <span class='ocr_line' id='line_1_106' title="bbox 1950 4642 3593 4714; baseline 0.001 -14"><span class='ocrx_word' id='word_1_776' title='bbox 1950 4644 2105 4700; x_wconf 89' lang='lat' dir='ltr'><strong>biam</strong></span> <span class='ocrx_word' id='word_1_777' title='bbox 2136 4650 2193 4700; x_wconf 90' lang='lat' dir='ltr'><strong>et</strong></span> <span class='ocrx_word' id='word_1_778' title='bbox 2224 4645 2423 4699; x_wconf 90' lang='lat' dir='ltr'><strong>dicant</strong></span> <span class='ocrx_word' id='word_1_779' title='bbox 2457 4662 2470 4698; x_wconf 88' lang='lat'>:</span> <span class='ocrx_word' id='word_1_780' title='bbox 2506 4644 2621 4698; x_wconf 86' lang='lat' dir='ltr'><strong>Hoc</strong></span> <span class='ocrx_word' id='word_1_781' title='bbox 2661 4643 2815 4714; x_wconf 91' lang='lat' dir='ltr'><strong>quod</strong></span> <span class='ocrx_word' id='word_1_782' title='bbox 2850 4642 3117 4709; x_wconf 76' lang='lat' dir='ltr'><strong>facimus,</strong></span> <span class='ocrx_word' id='word_1_783' title='bbox 3152 4649 3352 4700; x_wconf 90' lang='lat' dir='ltr'><strong>nostra</strong></span> <span class='ocrx_word' id='word_1_784' title='bbox 3380 4645 3593 4703; x_wconf 89' lang='lat' dir='ltr'><strong>virtute</strong></span> 
     </span>
    </p>
   </div>
   <div class='ocr_carea' id='block_1_107' title="bbox 1946 4730 3590 4805">
    <p class='ocr_par' dir='ltr' id='par_1_107' title="bbox 1946 4730 3590 4805">
     <span class='ocr_line' id='line_1_107' title="bbox 1946 4730 3590 4805; baseline 0.001 -16"><span class='ocrx_word' id='word_1_785' title='bbox 1946 4738 2004 4789; x_wconf 90' lang='lat' dir='ltr'><strong>et</strong></span> <span class='ocrx_word' id='word_1_786' title='bbox 2028 4734 2345 4805; x_wconf 86' lang='lat' dir='ltr'><strong>sagacitate</strong></span> <span class='ocrx_word' id='word_1_787' title='bbox 2366 4730 2782 4804; x_wconf 89' lang='lat' dir='ltr'><strong>adimplemus.</strong></span> <span class='ocrx_word' id='word_1_788' title='bbox 2800 4731 2892 4787; x_wconf 91' lang='lat' dir='ltr'><strong>Sic</strong></span> <span class='ocrx_word' id='word_1_789' title='bbox 2918 4731 3149 4787; x_wconf 91' lang='lat' dir='ltr'><strong>dicebat</strong></span> <span class='ocrx_word' id='word_1_790' title='bbox 3172 4733 3590 4791; x_wconf 89' lang='lat' dir='ltr'><strong>Sennacherib.</strong></span> 
     </span>
    </p>
   </div>
   <div class='ocr_carea' id='block_1_108' title="bbox 1947 4820 3593 4896">
    <p class='ocr_par' dir='ltr' id='par_1_108' title="bbox 1947 4820 3593 4896">
     <span class='ocr_line' id='line_1_108' title="bbox 1947 4820 3593 4896; baseline 0.001 -18"><span class='ocrx_word' id='word_1_791' title='bbox 1947 4823 2110 4879; x_wconf 90' lang='lat' dir='ltr'><strong>Sicut</strong></span> <span class='ocrx_word' id='word_1_792' title='bbox 2138 4840 2205 4877; x_wconf 90' lang='lat' dir='ltr'><strong>ea</strong></span> <span class='ocrx_word' id='word_1_793' title='bbox 2238 4840 2364 4894; x_wconf 73' lang='lat' dir='ltr'><strong>qua:</strong></span> <span class='ocrx_word' id='word_1_794' title='bbox 2408 4838 2588 4892; x_wconf 88' lang='lat' dir='ltr'><strong>supra</strong></span> <span class='ocrx_word' id='word_1_795' title='bbox 2635 4820 2892 4875; x_wconf 84' lang='lat' dir='ltr'><strong>diximus</strong></span> <span class='ocrx_word' id='word_1_796' title='bbox 2926 4827 3228 4894; x_wconf 90' lang='lat' dir='ltr'><strong>nequeunt</strong></span> <span class='ocrx_word' id='word_1_797' title='bbox 3257 4823 3503 4896; x_wconf 89' lang='lat' dir='ltr'><strong>operari,</strong></span> <span class='ocrx_word' id='word_1_798' title='bbox 3536 4829 3593 4880; x_wconf 91' lang='lat' dir='ltr'><strong>et</strong></span> 
     </span>
    </p>
   </div>
   <div class='ocr_carea' id='block_1_109' title="bbox 1946 4908 3589 4985">
    <p class='ocr_par' dir='ltr' id='par_1_109' title="bbox 1946 4908 3589 4985">
     <span class='ocr_line' id='line_1_109' title="bbox 1946 4908 3589 4985; baseline 0.002 -20"><span class='ocrx_word' id='word_1_799' title='bbox 1946 4911 2167 4982; x_wconf 89' lang='lat' dir='ltr'><strong>aliquid</strong></span> <span class='ocrx_word' id='word_1_800' title='bbox 2199 4908 2440 4980; x_wconf 89' lang='lat' dir='ltr'><strong>implere</strong></span> <span class='ocrx_word' id='word_1_801' title='bbox 2472 4927 2574 4982; x_wconf 91' lang='lat' dir='ltr'><strong>per</strong></span> <span class='ocrx_word' id='word_1_802' title='bbox 2602 4909 2749 4976; x_wconf 89' lang='lat' dir='ltr'><strong>se,si</strong></span> <span class='ocrx_word' id='word_1_803' title='bbox 2772 4927 2886 4965; x_wconf 91' lang='lat' dir='ltr'><strong>non</strong></span> <span class='ocrx_word' id='word_1_804' title='bbox 2919 4910 3093 4966; x_wconf 86' lang='lat' dir='ltr'><strong>fuerit</strong></span> <span class='ocrx_word' id='word_1_805' title='bbox 3121 4913 3221 4984; x_wconf 89' lang='lat' dir='ltr'><strong>qui</strong></span> <span class='ocrx_word' id='word_1_806' title='bbox 3253 4914 3312 4968; x_wconf 93' lang='lat' dir='ltr'><strong>in</strong></span> <span class='ocrx_word' id='word_1_807' title='bbox 3343 4913 3426 4968; x_wconf 91' lang='lat' dir='ltr'><strong>eis</strong></span> <span class='ocrx_word' id='word_1_808' title='bbox 3455 4929 3589 4985; x_wconf 89' lang='lat' dir='ltr'><strong>ope-</strong></span> 
     </span>
    </p>
   </div>
   <div class='ocr_carea' id='block_1_110' title="bbox 1945 4998 3588 5072">
    <p class='ocr_par' dir='ltr' id='par_1_110' title="bbox 1945 4998 3588 5072">
     <span class='ocr_line' id='line_1_110' title="bbox 1945 4998 3588 5072; baseline 0.001 -17"><span class='ocrx_word' id='word_1_809' title='bbox 1945 5004 2105 5055; x_wconf 89' lang='lat' dir='ltr'><strong>retur</strong></span> <span class='ocrx_word' id='word_1_810' title='bbox 2129 5015 2140 5053; x_wconf 93' lang='lat'>:</span> <span class='ocrx_word' id='word_1_811' title='bbox 2167 4999 2250 5053; x_wconf 88' lang='lat' dir='ltr'><strong>sic</strong></span> <span class='ocrx_word' id='word_1_812' title='bbox 2263 4998 2792 5065; x_wconf 86' lang='lat' dir='ltr'><strong>Sennacherib,hoc</strong></span> <span class='ocrx_word' id='word_1_813' title='bbox 2804 5001 2958 5071; x_wconf 90' lang='lat' dir='ltr'><strong>quod</strong></span> <span class='ocrx_word' id='word_1_814' title='bbox 2981 5001 3116 5056; x_wconf 85' lang='lat' dir='ltr'><strong>fecit</strong></span> <span class='ocrx_word' id='word_1_815' title='bbox 3132 5018 3244 5055; x_wconf 93' lang='lat' dir='ltr'><strong>non</strong></span> <span class='ocrx_word' id='word_1_816' title='bbox 3268 5001 3588 5072; x_wconf 89' lang='lat' dir='ltr'><strong>implesset,</strong></span> 
     </span>
    </p>
   </div>
   <div class='ocr_carea' id='block_1_111' title="bbox 1945 5088 3516 5161">
    <p class='ocr_par' dir='ltr' id='par_1_111' title="bbox 1945 5088 3516 5161">
     <span class='ocr_line' id='line_1_111' title="bbox 1945 5088 3516 5161; baseline 0 -17"><span class='ocrx_word' id='word_1_817' title='bbox 1945 5090 2057 5145; x_wconf 88' lang='lat' dir='ltr'><strong>nisi</strong></span> <span class='ocrx_word' id='word_1_818' title='bbox 2090 5088 2334 5143; x_wconf 90' lang='lat' dir='ltr'><strong>Domino</strong></span> <span class='ocrx_word' id='word_1_819' title='bbox 2366 5088 2737 5161; x_wconf 88' lang='lat' dir='ltr'><strong>permittente</strong></span> <span class='ocrx_word' id='word_1_820' title='bbox 2766 5093 3003 5161; x_wconf 90' lang='lat' dir='ltr'><strong>propter</strong></span> <span class='ocrx_word' id='word_1_821' title='bbox 3029 5094 3266 5160; x_wconf 89' lang='lat' dir='ltr'><strong>peccata</strong></span> <span class='ocrx_word' id='word_1_822' title='bbox 3297 5089 3516 5160; x_wconf 87' lang='lat' dir='ltr'><strong>populi.</strong></span> 
     </span>
    </p>
   </div>
   <div class='ocr_carea' id='block_1_112' title="bbox 2015 5177 3591 5251">
    <p class='ocr_par' dir='ltr' id='par_1_112' title="bbox 2015 5177 3591 5251">
     <span class='ocr_line' id='line_1_112' title="bbox 2015 5177 3591 5251; baseline 0.005 -23"><span class='ocrx_word' id='word_1_823' title='bbox 2015 5202 2043 5229; x_wconf 86' lang='lat'>«</span> <span class='ocrx_word' id='word_1_824' title='bbox 2080 5178 2391 5251; x_wconf 89' lang='lat' dir='ltr'><strong>Propterea</strong></span> <span class='ocrx_word' id='word_1_825' title='bbox 2439 5178 2633 5232; x_wconf 87' lang='lat' dir='ltr'><strong>mittet</strong></span> <span class='ocrx_word' id='word_1_826' title='bbox 2682 5177 2966 5232; x_wconf 92' lang='lat' dir='ltr'><strong>Dominus</strong></span> <span class='ocrx_word' id='word_1_827' title='bbox 3015 5178 3073 5232; x_wconf 91' lang='lat' dir='ltr'><strong>in</strong></span> <span class='ocrx_word' id='word_1_828' title='bbox 3113 5177 3432 5250; x_wconf 85' lang='lat' dir='ltr'><strong>pinguibus</strong></span> <span class='ocrx_word' id='word_1_829' title='bbox 3462 5180 3591 5251; x_wconf 89' lang='lat' dir='ltr'><strong>ejus</strong></span> 
     </span>
    </p>
   </div>
   <div class='ocr_carea' id='block_1_113' title="bbox 1948 5264 3591 5339">
    <p class='ocr_par' dir='ltr' id='par_1_113' title="bbox 1948 5264 3591 5339">
     <span class='ocr_line' id='line_1_113' title="bbox 1948 5264 3591 5339; baseline 0.001 -17"><span class='ocrx_word' id='word_1_830' title='bbox 1948 5267 2347 5322; x_wconf 81' lang='lat' dir='ltr'><strong>tenuitatem.»</strong></span> <span class='ocrx_word' id='word_1_831' title='bbox 2370 5266 2475 5320; x_wconf 91' lang='lat' dir='ltr'><strong>Per</strong></span> <span class='ocrx_word' id='word_1_832' title='bbox 2496 5265 3050 5337; x_wconf 89' lang='lat' dir='ltr'><strong>pingues,debemus</strong></span> <span class='ocrx_word' id='word_1_833' title='bbox 3072 5264 3393 5339; x_wconf 87' lang='lat' dir='ltr'><strong>intelligere</strong></span> <span class='ocrx_word' id='word_1_834' title='bbox 3412 5268 3591 5325; x_wconf 90' lang='lat' dir='ltr'><strong>duces</strong></span> 
     </span>
    </p>
   </div>
   <div class='ocr_carea' id='block_1_114' title="bbox 1947 5352 3591 5428">
    <p class='ocr_par' dir='ltr' id='par_1_114' title="bbox 1947 5352 3591 5428">
     <span class='ocr_line' id='line_1_114' title="bbox 1947 5352 3591 5428; baseline 0.002 -16"><span class='ocrx_word' id='word_1_835' title='bbox 1947 5374 2013 5412; x_wconf 88' lang='lat' dir='ltr'><strong>ac</strong></span> <span class='ocrx_word' id='word_1_836' title='bbox 2045 5356 2338 5428; x_wconf 87' lang='lat' dir='ltr'><strong>principes</strong></span> <span class='ocrx_word' id='word_1_837' title='bbox 2380 5358 2436 5408; x_wconf 93' lang='lat' dir='ltr'><strong>et</strong></span> <span class='ocrx_word' id='word_1_838' title='bbox 2482 5355 2661 5409; x_wconf 87' lang='lat' dir='ltr'><strong>fortes</strong></span> <span class='ocrx_word' id='word_1_839' title='bbox 2709 5352 3042 5420; x_wconf 87' lang='lat' dir='ltr'><strong>bellatores,</strong></span> <span class='ocrx_word' id='word_1_840' title='bbox 3074 5371 3221 5425; x_wconf 92' lang='lat' dir='ltr'><strong>quos</strong></span> <span class='ocrx_word' id='word_1_841' title='bbox 3267 5358 3591 5415; x_wconf 90' lang='lat' dir='ltr'><strong>attenuavit</strong></span> 
     </span>
    </p>
   </div>
   <div class='ocr_carea' id='block_1_115' title="bbox 1949 5440 3589 5514">
    <p class='ocr_par' dir='ltr' id='par_1_115' title="bbox 1949 5440 3589 5514">
     <span class='ocr_line' id='line_1_115' title="bbox 1949 5440 3589 5514; baseline 0.002 -13"><span class='ocrx_word' id='word_1_842' title='bbox 1949 5445 2250 5510; x_wconf 87' lang='lat' dir='ltr'><strong>Dominus,</strong></span> <span class='ocrx_word' id='word_1_843' title='bbox 2285 5442 2522 5513; x_wconf 90' lang='lat' dir='ltr'><strong>quando</strong></span> <span class='ocrx_word' id='word_1_844' title='bbox 2581 5440 2744 5495; x_wconf 89' lang='lat' dir='ltr'><strong>misit</strong></span> <span class='ocrx_word' id='word_1_845' title='bbox 2791 5440 3068 5513; x_wconf 87' lang='lat' dir='ltr'><strong>angelum</strong></span> <span class='ocrx_word' id='word_1_846' title='bbox 3118 5460 3292 5499; x_wconf 90' lang='lat' dir='ltr'><strong>suum</strong></span> <span class='ocrx_word' id='word_1_847' title='bbox 3315 5446 3489 5514; x_wconf 90' lang='lat' dir='ltr'><strong>(sicut</strong></span> <span class='ocrx_word' id='word_1_848' title='bbox 3527 5446 3589 5504; x_wconf 91' lang='lat' dir='ltr'><strong>in</strong></span> 
     </span>
    </p>
   </div>
   <div class='ocr_carea' id='block_1_116' title="bbox 1945 5527 3590 5604">
    <p class='ocr_par' dir='ltr' id='par_1_116' title="bbox 1945 5527 3590 5604">
     <span class='ocr_line' id='line_1_116' title="bbox 1945 5527 3590 5604; baseline 0 -14"><span class='ocrx_word' id='word_1_849' title='bbox 1945 5529 2440 5604; x_wconf 88' lang='lat' dir='ltr'><strong>subsequentibus</strong></span> <span class='ocrx_word' id='word_1_850' title='bbox 2469 5527 2819 5600; x_wconf 87' lang='lat' dir='ltr'><strong>videbimus)</strong></span> <span class='ocrx_word' id='word_1_851' title='bbox 2837 5528 2937 5601; x_wconf 87' lang='lat' dir='ltr'><strong>qui</strong></span> <span class='ocrx_word' id='word_1_852' title='bbox 2959 5530 3247 5587; x_wconf 86' lang='lat' dir='ltr'><strong>interfecit</strong></span> <span class='ocrx_word' id='word_1_853' title='bbox 3271 5550 3339 5589; x_wconf 90' lang='lat' dir='ltr'><strong>ex</strong></span> <span class='ocrx_word' id='word_1_854' title='bbox 3358 5535 3443 5592; x_wconf 89' lang='lat' dir='ltr'><strong>eis</strong></span> <span class='ocrx_word' id='word_1_855' title='bbox 3462 5553 3590 5595; x_wconf 88' lang='lat' dir='ltr'><strong>cen-</strong></span> 
     </span>
    </p>
   </div>
   <div class='ocr_carea' id='block_1_117' title="bbox 1944 5617 3337 5704">
    <p class='ocr_par' dir='ltr' id='par_1_117' title="bbox 1944 5617 3337 5704">
     <span class='ocr_line' id='line_1_117' title="bbox 1944 5617 3337 5704; baseline -0.001 -24"><span class='ocrx_word' id='word_1_856' title='bbox 1944 5627 2071 5680; x_wconf 88' lang='lat' dir='ltr'><strong>tum</strong></span> <span class='ocrx_word' id='word_1_857' title='bbox 2102 5617 2397 5693; x_wconf 91' lang='lat' dir='ltr'><strong>octoginta</strong></span> <span class='ocrx_word' id='word_1_858' title='bbox 2426 5617 2686 5695; x_wconf 90' lang='lat' dir='ltr'><strong>quinque</strong></span> <span class='ocrx_word' id='word_1_859' title='bbox 2718 5617 2903 5675; x_wconf 90' lang='lat' dir='ltr'><strong>millia</strong></span> <span class='ocrx_word' id='word_1_860' title='bbox 2927 5619 3015 5700; x_wconf 84' lang='lat' dir='ltr'><strong>(IV</strong></span> <span class='ocrx_word' id='word_1_861' title='bbox 3044 5620 3169 5698; x_wconf 81' lang='lat' dir='ltr'><strong>Reg.</strong></span> <span class='ocrx_word' id='word_1_862' title='bbox 3200 5622 3337 5704; x_wconf 75' lang='lat' dir='ltr'><strong>xxx).</strong></span> 
     </span>
    </p>
   </div>
  </div>
