4090 6192
452 352 570 414 775

819 349 1229 412 HAYMONIS
1275 344 1818 408 HALBERSTA'I‘.
1862 345 2108 410 EPISC.
2155 345 2329 410 OPP.
2375 346 2578 408 PARS
2623 344 2670 406 l.
2719 381 2796 390 —
2837 343 3244 410 COMMENT.
3291 343 3490 408 BIBL.

3739 344 3857 407 776

525 506 555 534 α
587 485 657 540 Et
685 484 900 539 subtus
929 481 1116 554 gloria
1143 481 1273 552 ejus
1317 495 1620 547 succensa,
1653 479 1883 536 ardebit
1925 481 2096 552 quasi
2124 484 2180 549 Α
2209 481 2339 552 Ipse
2357 483 2554 536 autem
2585 495 2702 536 non
2733 478 2998 535 liberavit
3025 495 3145 550 eos,
3168 479 3269 536 sed
3304 477 3589 534 Dominus
3619 480 3860 550 propter

453 571 780 629 combustio
811 569 1022 642 ignis.»
1043 569 1194 624 Dicit
1213 569 1421 624 beatus
1441 567 1826 642 Hieronymus
1841 568 2098 642 quodam

451 660 614 718 loco:
647 659 793 726 Quia
827 659 1062 730 quando
1091 657 1380 713 exercitus
1429 655 1590 712 illius
1621 657 1960 712 interfectus
1985 661 2096 725 est,

451 750 649 805 omnia
677 764 920 821 corpora
948 749 1154 803 exusta
1187 749 1327 802 sunt
1355 747 1429 800 al)
1463 745 1594 818 igne
1624 744 1841 800 cmlesti
1876 763 1890 801 :
1926 745 2099 802 vesti~

451 842 649 894 menta
677 841 870 892 autem
905 835 1086 891 illaesa
1105 838 1572 907 permanserunt.
1595 835 1666 889 Et
1687 834 1983 890 venientes
2003 835 2102 890 Ju-

449 925 556 982 daei
586 925 952 998 accipiebant
981 924 1385 980 summitatem
1417 923 1615 990 vestis,
1647 927 1704 978 et
1721 923 2102 978 excutiebant

447 1013 745 1089 pulverem
777 1029 1110 1087 corporum,
1141 1029 1270 1084 quae
1302 1011 1361 1066 in
1394 1011 1628 1084 pulvere
1659 1011 1893 1067 redacta
1937 1015 2095 1068 sunt.

447 1103 757 1176 Propterea
803 1117 940 1173 ergo
983 1101 1126 1156 dicit
1160 1117 1172 1156 :
1205 1099 1392 1172 gloria
1426 1100 1556 1172 ejus
1599 1115 1845 1156 accensa
1873 1099 2100 1156 ardebit

447 1191 618 1264 quasi
647 1189 978 1246 combustio
1017 1188 1172 1261 ignis
1196 1205 1210 1243 :
1233 1189 1302 1243 Et
1323 1205 1568 1244 accensa
1615 1188 1842 1244 ardebit
1861 1188 2094 1257 subtus,

443 1281 504 1336 id
526 1279 752 1346 est,suh
781 1277 1168 1333 vestimentis.
1184 1275 1440 1332 Gloriam
1461 1281 1660 1332 autem
1679 1277 1932 1350 appellat
1953 1277 2098 1332 mul-

443 1367 758 1424 titudinem
789 1364 1095 1422 exercitus.
1129 1364 1278 1432 Quia
1305 1365 1622 1422 multitudo
1669 1366 1870 1439 populi
1913 1365 2098 1440 gloria

445 1455 600 1530 regis
628 1456 736 1510 est.
773 1454 956 1526 (Prov.
987 1457 1128 1522 XIV).

516 1567 546 1595 «
577 1545 650 1600 Et
675 1543 784 1598 erit
813 1542 1014 1598 lumen
1048 1542 1224 1598 Israel
1258 1543 1316 1597 in
1348 1541 1551 1616 igne.»
1584 1544 1806 1599 Lumen
1841 1542 2098 1616 appellat

447 1632 744 1706 angelum,
773 1631 873 1704 qui
907 1631 1214 1686 succendit
1244 1631 1396 1686 illos.
1435 1633 1556 1687 «Et
1585 1637 1826 1688 sanctus
1875 1633 2006 1704 ejus
2036 1631 2096 1686 in

444 1723 702 1777 flamma.
735 1740 764 1770 »
801 1721 1022 1775 Lumen
1055 1723 1111 1774 et
1137 1723 1380 1775 sanctus
1410 1737 1596 1776 unum
1628 1725 1736 1789 est,
1771 1719 1872 1793 qui
1903 1720 2014 1776 fuit
2036 1721 2096 1776 in

2208 585 2442 626 servum
2492 584 2670 624 suum
2729 565 2930 623 David.
2977 567 3123 624 Cum
3179 570 3374 623 autem
3432 565 3531 623 ille
3589 569 3858 623 mortuus

2209 655 2437 725 fuisset,
2473 655 2748 728 filiusque
2772 655 2904 727 ejus
2933 654 3210 712 Ezechias
3251 653 3414 728 regni
3460 652 3856 726 gubernacula

2207 744 2477 817 cepisset,
2505 745 2705 800 omnia
2725 743 3043 800 simulacra
3070 761 3199 816 quin
3219 743 3464 799 erantin
3492 741 3855 799 Hierusalem

2207 833 2509 906 confregit,
2531 832 2932 906 populumque
2962 831 3062 888 Dei
3085 848 3258 904 quem
3291 835 3458 904 pater
3485 831 3617 903 ejus
3637 832 3714 886 ad
3735 831 3854 887 cul-

2205 925 2333 978 tum
2364 921 2630 994 gentium
2677 925 2949 988 verterat,
2963 921 3089 993 ipse
3119 921 3193 977 ad
3225 921 3326 976 Dei
3359 919 3585 976 cultum
3627 935 3856 978 revoca-

2205 1009 2306 1066 vit.
2321 1010 2468 1066 Nam
2499 1027 2604 1084 per
2621 1023 2827 1067 omnes
2847 1009 3098 1084 angulos
3113 1009 3463 1083 platearum,
3479 1013 3538 1065 et
3556 1025 3741 1082 super
3759 1010 3860 1066 do-

2207 1115 2336 1155 mos
2357 1104 2414 1155 ct
2441 1099 2502 1154 in
2535 1099 2874 1156 nemoribus
2893 1103 2950 1155 et
2971 1099 3030 1154 in
3054 1097 3222 1168 lucis,
3241 1099 3368 1172 ipse
3387 1098 3651 1172 perfidus
3670 1098 3860 1156 Acha:

2206 1187 2364 1244 idola
2393 1187 2757 1244 diversorum
2789 1203 3068 1261 generum
3101 1187 3518 1246 constituerat:
3542 1203 3678 1261 qum
3702 1187 3859 1246 filius

2205 1277 2336 1349 ejus
2357 1276 2634 1333 Ezechias
2653 1275 2852 1332 omnia
2881 1275 3220 1332 minutatim
3240 1276 3544 1350 confregit,
3557 1281 3616 1332 et
3645 1275 3708 1332 in
3741 1277 3858 1351 pul-

2203 1382 2394 1422 verem
2417 1365 2657 1438 redegit.
2675 1365 2793 1422 Hoc
2812 1364 3060 1421 audiens
3079 1364 3720 1439 Sennacherib,spiritu
3742 1383 3860 1423 ma-

2203 1453 2490 1528 lignitatis
2510 1457 3170 1527 succensus,postquam
3189 1453 3402 1512 habuit
3417 1453 3618 1528 Syrios
3645 1459 3709 1512 et
3728 1455 3860 1512 Phi-

2203 1542 2714 1610 listaaos,etdecem
2735 1541 2928 1598 tribus
2958 1541 3396 1616 depradationis
3415 1558 3592 1598 onere
3611 1542 3864 1616 captiva-

2205 1632 2298 1685 tas
2315 1628 2475 1685 venit
2495 1627 2568 1685 ab
2588 1629 2832 1702 [Egypto
2855 1645 2992 1685 cum
3013 1627 3435 1686 innumerabili
3455 1628 3862 1701 multitudine,

2205 1718 2452 1774 tendens
2473 1717 2583 1774 iter
2611 1717 2684 1773 ad
2721 1715 3084 1774 Hierusalem
3123 1717 3182 1772 in
3215 1716 3674 1776 directum.Jam
3705 1717 3864 1775 enim

442 1810 576 1884 igne
621 1812 679 1864 et
727 1809 966 1864 ﬂamma
1006 1807 1280 1881 Assyriis,
1314 1809 1469 1880 quod
1519 1825 1724 1864 omnes
1763 1809 2091 1864 combussit
2119 1856 2166 1884 η
2207 1804 2390 1862 altera
2417 1805 2541 1862 vice
2569 1809 2896 1863 vastaverat
2925 1804 3189 1862 civitates
3212 1805 3398 1875 Judaz,
3417 1810 3627 1880 praeter
3655 1806 3862 1864 Hieru-

439 1897 594 1972 igne.
629 1897 854 1953 Lumen
885 1901 1104 1966 autem,
1137 1897 1197 1952 id
1228 1901 1318 1952 est
1359 1897 1657 1970 angelum,
1696 1898 1870 1954 Israel
1899 1897 2042 1954 dicit
2071 1915 2086 1954 :

441 1987 580 2060 quia
607 1985 926 2057 unicuique
954 1985 1112 2058 genti
1145 2003 1180 2042 a
1207 1985 1322 2042 Deo
1347 1985 1575 2058 legatus
1604 1991 1694 2042 est
1725 1985 1992 2060 angelus.
2023 1975 2096 2042 Et

441 2075 646 2132 dicunt
666 2075 908 2142 Hebraei,
925 2074 1079 2146 quod
1105 2073 1349 2129 Michael
1372 2073 1761 2148 archangelus
1784 2074 1980 2144 fuerit,
1999 2075 2092 2130 cui

441 2163 758 2222 commissa
774 2167 901 2219 erat
922 2162 1019 2218 illa
1053 2179 1197 2235 gens
1233 2161 1739 2230 Israelitica,sicut
1768 2162 1827 2218 in
1859 2163 2096 2219 Daniele

439 2254 712 2326 legimus.
745 2276 776 2304 «
809 2252 1189 2308 Devorabitur
1215 2251 1387 2323 spina
1415 2253 1566 2323 ejus,
1599 2273 1628 2302 »
1655 2251 1716 2307 id
1763 2256 1875 2319 est,
1907 2251 2096 2324 gloria

439 2345 570 2416 ejus
599 2348 657 2398 et
684 2339 919 2408 divitiae,
955 2363 982 2390 «
1017 2343 1076 2396 et
1123 2357 1326 2412 vepres
1357 2361 1388 2389 ››
1419 2339 1596 2396 etiam
1647 2345 2090 2396 consumantur.

443 2433 504 2487 ld
533 2434 625 2487 est
648 2429 1012 2502 iniquitates,
1040 2433 1099 2484 et
1127 2433 1366 2500 peccata
1396 2428 1836 2500 apprehendent
1862 2445 2019 2485 eum.

513 2543 542 2572 «
564 2521 628 2576 In
661 2537 776 2576 una
805 2518 918 2574 die.
937 2517 1135 2574 Gloria
1165 2515 1352 2572 saltus
1383 2518 1510 2589 ejus
1540 2521 1598 2572 et
1625 2517 1862 2574 carmeli
1893 2519 2044 2590 ejus.
2063 2541 2092 2568 »

440 2608 697 2666 Gloriam
729 2606 985 2680 appellat
1007 2605 1448 2663 multitudinem
1471 2605 1842 2679 populorum.
1867 2607 2095 2663 Carme-

440 2698 535 2754 lus
563 2713 734 2754 mons
765 2713 1018 2769 magnus
1044 2699 1154 2762 est,
1174 2693 1398 2751 habens
1430 2695 1870 2752 multitudinem
1899 2695 2092 2768 ligno-

442 2789 684 2844 rum.Et
711 2791 801 2842 est
827 2802 1008 2842 sensu
1033 2802 1047 2841 :
1071 2783 1373 2842 Exercitus
1402 2788 1564 2853 tuus,
1596 2785 1696 2858 qui
1737 2789 1936 2842 tantus
1979 2789 2090 2854 est,

439 2877 614 2933 sicuti
635 2876 870 2932 arbores
890 2873 948 2929 in
973 2872 1149 2948 sylvis
1170 2877 1228 2930 et
1255 2873 1316 2929 in
1346 2879 1544 2930 monte
1591 2873 1862 2943 Carmeli,
1883 2873 2095 2946 peribit

441 2971 498 3022 et
523 2965 584 3022 in
609 2981 856 3038 corpore
885 2967 943 3020 et
969 2962 1031 3019 in
1075 2962 1294 3019 anima.
1325 2987 1352 3014 α
1379 2965 1451 3019 Et
1480 2963 1592 3019 erit
1634 2967 1851 3019 terrore
1901 2963 2095 3034 profu-

439 3071 608 3128 gus.»
630 3054 776 3110 Cum
803 3052 1150 3108 surrexisset
1167 3068 1338 3108 mane
1353 3051 1833 3120 Sennacherib,et
1851 3049 2095 3108 vidisset

439 3160 674 3200 omnem
717 3140 1033 3196 exercitum
1065 3156 1240 3194 suum
1272 3141 1648 3196 combustum
1697 3139 1818 3212 igni
1845 3156 1858 3194 :
1884 3141 2093 3196 timore

2119 1856 2167 1920 B

2207 1894 2412 1951 salem.
2441 1895 2751 1968 Propterea
2796 1893 3073 1968 dirigitur
3118 1911 3310 1952 sermo
3359 1895 3742 1970 propheticus
3795 1897 3866 1952 ad

2203 1983 2354 2040 duas
2383 1983 2572 2041 tribus
2591 2000 2720 2056 quae
2743 1987 2914 2040 antea
2934 1999 3100 2056 spem
3124 1989 3444 2058 posuerant
3487 2001 3670 2058 super
3684 1985 3864 2060 Egy-

2204 2071 2356 2144 ptios
2385 2076 2442 2128 et
2458 2071 2855 2145 Assyrios,qui
2878 2089 2978 2128 eos
3001 2088 3152 2144 saepe
3182 2071 3622 2146 percutiebant:
3649 2078 3721 2129 ut
3749 2090 3866 2130 non

2205 2159 2359 2216 ultra
2387 2161 2718 2217 innitantur
2737 2177 2916 2234 super
2936 2161 3166 2229 eos,sed
3189 2161 3250 2216 in
3273 2161 3520 2218 Domino
3540 2161 3661 2219 Deo
3683 2159 3864 2219 Israel

2203 2266 2367 2322 spem
2399 2253 2641 2322 ponant.
2674 2249 2801 2306 «.In
2832 2249 3092 2319 veritate,
3118 2272 3147 2300 ››
3179 2267 3294 2307 non
3325 2251 3482 2320 ﬁcta,
3506 2269 3617 2308 nec
3639 2251 3864 2326 duplici

2203 2338 2396 2407 corde,
2431 2339 2532 2394 sed
2563 2341 2683 2396 toto
2714 2339 2930 2395 mentis
2961 2339 3173 2396 affectu
3208 2361 3238 2392 κ
3267 2339 3525 2412 reliquias
3559 2363 3591 2390 υ
3619 2357 3754 2414 quae
3783 2356 3869 2397 rs-

2203 2431 2565 2494 manserunt,
2601 2432 2658 2484 et
2686 2444 2836 2500 quas
2866 2427 3152 2484 Dominus
3182 2427 3429 2484 sabaoth
3460 2427 3756 2486 liberavit.

2275 2538 2304 2567 α
2334 2516 2756 2574 Convertentur
2783 2517 2856 2572 ad
2889 2516 3077 2574 illum.
3114 2517 3175 2573 Si
3207 2517 3364 2574 enim
3397 2517 3571 2574 fuerit
3599 2518 3864 2592 populus

2202 2609 2342 2660 tuus
2375 2604 2572 2662 Israel.
2609 2628 2636 2655 »
2669 2605 2788 2661 Hoc
2835 2605 2909 2661 ad
2955 2606 3272 2662 adventum
3322 2605 3540 2662 Christi
3581 2609 3860 2680 pertinet.

2200 2693 2322 2750 Vox
2352 2693 2666 2766 prophetae.
2685 2694 2730 2750 Ο
2751 2695 2965 2752 domus
2988 2693 3328 2766 lsrael,licet
3348 2699 3513 2752 tanta
3539 2695 3862 2753 multitudo

2201 2783 2281 2839 sit
2299 2783 2359 2838 in
2381 2783 2574 2840 medio
2605 2783 2692 2840 tui
2713 2783 2887 2855 quasi
2917 2801 3098 2840 arena
3116 2784 3299 2840 maris
3327 2801 3342 2840 :
3369 2787 3569 2842 tamen
3589 2783 3664 2841 ad
3697 2802 3863 2842 com-

2201 2872 2565 2945 parationem
2597 2871 2854 2942 illorum,
2887 2872 3176 2946 quidquid
3209 2873 3270 2928 in
3303 2873 3522 2930 duritia
3549 2875 3755 2932 cordis
3786 2893 3868 2934 re-

2201 2961 2832 3030 maneblt,adveniente
2851 2961 3080 3019 Christo
3111 2961 3172 3018 in
3203 2961 3570 3036 carne,quasi
3594 2962 3862 3038 reliquias

2200 3053 2612 3107 convertentur
2639 3067 2707 3106 ex
2738 3049 2885 3123 ipsis
2933 3051 3005 3106 ad
3038 3049 3234 3124 ipsum
3274 3053 3450 3123 (Rom.
3486 3067 3563 3120 ix,
3589 3054 3692 3120 xi).
3727 3055 3864 3120 Qua:

2200 3139 2439 3195 fuerunt
2474 3137 2602 3196 ista;
2651 3138 2946 3212 reliquiae?
2975 3140 3258 3213 Apostoli,
3289 3144 3356 3195 nt
3403 3139 3500 3196 alii
3559 3141 3662 3214 qui
3728 3147 3866 3199 ante

439 3227 969 3305 perterritus,fugit
997 3228 1056 3282 in
1090 3231 1308 3282 terram
1335 3243 1526 3283 suam.
1560 3229 1630 3282 Et
1658 3244 1792 3283 cum
1824 3229 2092 3284 adoraret
2120 3224 2164 3292 C
2202 3228 2605 3284 ascensionem
2637 3227 2869 3284 Domini
2901 3229 3274 3286 crediderunt
3299 3246 3370 3286 ex
3397 3230 3638 3288 Judaeis.
3673 3231 3753 3287 Et
3783 3231 3862 3286 illi

440 3320 501 3374 in
550 3315 770 3388 templo
802 3315 1060 3371 Nesrach
1108 3315 1283 3370 deum
1313 3315 1630 3381 suum,lilii
1663 3317 1756 3372 sui
1785 3316 2088 3374 interfece-

441 3409 578 3462 runt
605 3421 741 3462 eum
766 3405 859 3474 (ιν
885 3405 1016 3474 Reg.
1051 3405 1186 3473 nx).

509 3516 540 3547 ιι
570 3494 642 3550 Et
667 3509 816 3567 puer
841 3491 1046 3550 scribit
1073 3509 1232 3561 eos,»
1262 3491 1322 3548 id
1353 3497 1461 3561 est,
1483 3510 1734 3566 quorum
1757 3497 1891 3550 ante
1911 3495 2092 3551 addu-

438 3588 600 3640 xerat
626 3586 852 3640 tantam
902 3580 1342 3638 multitudinem
1375 3583 1532 3638 sicut
1557 3600 1794 3640 arenam
1826 3601 1954 3657 quae
2001 3588 2091 3641 est

438 3673 499 3729 in
530 3672 721 3728 littore
751 3671 952 3739 maris,
987 3675 1045 3726 et
1095 3670 1248 3726 sicut
1279 3671 1516 3728 arbores
1549 3689 1674 3744 qua:
1703 3675 1842 3728 sunt
1875 3673 1930 3727 in
1964 3689 2087 3728 ma-

435 3762 594 3818 ximo
623 3760 800 3833 saltu,
834 3778 868 3818 a
917 3777 1098 3834 puero
1155 3760 1394 3833 parvulo
1443 3765 1720 3834 poterunt
1769 3763 2082 3818 numerari.

438 3851 598 3920 Quod
649 3850 732 3907 ita
773 3850 995 3906 factum
1051 3855 1161 3906 est.
1194 3851 1322 3906 Non
1374 3855 1785 3913 remanserunt
1833 3851 1990 3906 enim
2021 3869 2091 3906 ex

437 3939 597 3996 omni
627 3938 730 3995 illa
777 3927 1157 3995 multitudine
1207 3939 1318 3994 nisi
1349 3940 1550 3996 decem
1582 3939 1686 3994 viri
1729 3938 1830 4012 qui
1874 3939 2092 4012 pariter

439 4045 574 4084 cum
607 4027 706 4084 illo
737 4027 876 4099 fuga
900 4026 1048 4100 lapsi
1083 4031 1242 4083 sunt.

511 4138 539 4166 ‹‹
573 4116 646 4170 Et
673 4113 786 4170 erit
812 4114 873 4169 in
903 4113 998 4170 die
1027 4113 1149 4170 illa.
1182 4137 1210 4166 »
1239 4115 1403 4172 Diem
1435 4117 1631 4190 accipe
1661 4135 1766 4190 pro
1803 4121 2086 4190 tempore.

441 4229 468 4254 ‹‹
503 4204 629 4259 Non
659 4200 896 4273 adjiciat
935 4203 1236 4258 residuum
1270 4204 1465 4260 Israel.
1504 4227 1524 4254 ιι
1563 4206 1882 4262 Residuum
1915 4205 2092 4262 Israel

437 4295 606 4350 vocat
633 4290 768 4346 illos
797 4290 898 4361 qui
931 4295 1339 4347 remanserunt
1367 4309 1435 4347 ex
1461 4292 1581 4348 illis
1627 4294 1857 4350 duabus
1904 4295 2089 4350 tribu-

439 4379 688 4454 bus,qui
719 4396 836 4436 non
867 4383 1004 4436 snnt
1024 4379 1176 4452 capti
1209 4397 1243 4436 a
1262 4380 1912 4439 Sennacherib.0mnes
1931 4383 2088 4440 enim

439 4471 702 4527 civitates
729 4467 991 4525 munitas
1019 4469 1184 4526 Judaa
1210 4473 1268 4525 et
1288 4469 1592 4542 Benjamin
1611 4471 1846 4542 cepit,et
1864 4476 2088 4545 partem

438 4560 614 4616 etiam
669 4557 1003 4659 inferiorem
1059 4559 1132 4614 de
1175 4557 1558 4662 Iiierusalem,
1593 4560 1856 4660 tradente
1895 4560 2091 4616 Sobna
2121 4597 2166 4662 Β

440 4649 633 4705 scriba
652 4665 770 4720 prie
794 4647 1023 4704 timore.
1047 4648 1210 4714 Quod
1241 4652 1436 4704 autem
1468 4649 1611 4704 dicit
1642 4672 1670 4698 ‹‹
1701 4648 1801 4720 qui
1835 4649 2091 4722 fugerint

438 4736 620 4794 Jacob
653 4752 666 4790 :
705 4758 732 4784 υ
763 4736 834 4792 ad
867 4736 976 4792 hoc
1005 4735 1262 4809 respicit,
1297 4737 1436 4810 quia
1463 4754 1596 4792 cum
1627 4737 1740 4793 illae
1770 4754 1974 4794 omnes
1999 4738 2086 4794 ci-

436 4825 647 4882 vitates
665 4824 829 4880 Judze
859 4824 1582 4896 depopularentur,omnes
1597 4826 1696 4900 qui
1715 4827 1864 4899 fugae
1887 4827 2086 4900 praesi-

439 4915 604 4971 dium
634 4929 839 4986 capere
861 4917 1175 4986 potuerunt
1201 4913 1260 4968 in
1295 4913 1658 4971 Hierusalem
1686 4915 1756 4970 ad
1781 4915 2085 4972 Ezechiam

440 5003 734 5078 fugerunt.
766 5003 838 5058 Et
868 5001 1024 5074 quod
1055 5000 1198 5056 dicit
1229 5023 1258 5054 ‹‹
1289 5019 1404 5058 non
1453 5003 1690 5075 adjiciet
1735 5004 1926 5072 inniti,
1965 5027 1994 5054 ››
2027 5005 2086 5059 id

438 5098 528 5149 est
557 5091 868 5158 confidere,
893 5107 1122 5162 «super
1149 5108 1217 5146 eo
1249 5090 1348 5164 qui
1381 5092 1632 5164 percutit
1654 5109 1753 5150 eos
1786 5110 1798 5148 :
1835 5115 1862 5144 »
1888 5093 1972 5149 sic
1999 5096 2088 5150 est

441 5179 886 5252 intelligendum
909 5179 998 5248 (IV
1027 5180 1161 5253 Reg.
1179 5183 1470 5250 xv1,xvm)
1493 5197 1507 5235 :
1535 5181 1822 5254 Tempore
1843 5181 1942 5236 illo
1969 5198 2084 5252 quo

417 5259 660 5325 'Phacee
687 5272 746 5324 et
775 5267 954 5324 Rasin
983 5267 1293 5324 voluerunt
1319 5269 1533 5337 venire,
1566 5269 1625 5324 id
1675 5274 1765 5325 est
1795 5269 2086 5324 debellare

441 5357 588 5414 duas
637 5357 848 5424 tribus,
881 5357 1045 5412 misit
1089 5374 1188 5412 rex
1213 5357 1405 5413 Achaz
1433 5358 1686 5412 duarum
1717 5357 1979 5412 tribuum
2012 5357 2085 5414 ad

441 5461 635 5518 regem
684 5445 932 5518 Egypti,
965 5450 1032 5500 ut
1057 5445 1330 5502 liberaret
1357 5462 1492 5502 eum
1516 5441 1596 5502 'de
1627 5446 1904 5502 manibus
1943 5447 2086 5502 duo-

439 5549 572 5588 rum
587 5550 792 5606 regum
815 5533 1016 5590 dicens
1035 5550 1051 5590 :
1081 5557 1108 5584 υ
1131 5535 1343 5592 Servus
1359 5539 1498 5591 tuus
1515 5535 2090 5604 sum,tantummodo

438 5619 570 5682 veni
601 5624 658 5680 et
677 5622 840 5680 aufer
863 5623 1078 5698 jugum
1111 5621 1332 5682 Phanae
1359 5628 1416 5681 et
1443 5623 1624 5682 Rasin
1655 5623 1726 5681 de
1755 5622 1904 5682 collo
1934 5639 2090 5683 meo.

2199 3317 2270 3372 de
2300 3316 2516 3389 quibus
2546 3315 2762 3390 legitur
2788 3317 2849 3374 in
2877 3318 3120 3388 Actibus
3167 3317 3564 3391 apostolorum
3592 3335 3606 3376 :
3646 3342 3676 3369 κ
3713 3319 3866 3387 Quia

2199 3405 2550 3478 praedicante
2580 3406 2745 3462 Petro
2775 3406 3150 3464 crediderunt
3179 3424 3296 3463 una
3341 3407 3436 3464 die
3483 3406 3598 3464 tria
3642 3407 3860 3478 millia,

2198 3493 2380 3550 altera
2401 3493 2493 3550 die
2520 3493 2783 3567 quinque
2803 3495 2989 3551 millia
3008 3496 3143 3566 (Act.
3168 3513 3230 3566 ιι,
3259 3500 3396 3567 ιν).››
3416 3520 3445 3548 ‹‹
3468 3499 3862 3554 Consumma-

2199 3583 2301 3650 tio,
2338 3605 2364 3633 ι»
2397 3581 2455 3638 id
2495 3587 2586 3640 est
2626 3583 2900 3656 perfectio
2951 3585 3070 3641 sive
3123 3584 3437 3658 completio
3465 3586 3864 3644 «abbreviata

2197 3671 2528 3740 inundabit,
2557 3694 2583 3722 ››
2615 3671 2674 3728 id
2705 3676 2798 3729 est
2827 3673 3115 3730 inundare
3148 3673 3320 3730 faciet
3349 3697 3377 3725 ‹‹
3393 3673 3761 3746 justitiam.»
3785 3675 3866 3731 De

2197 3758 2451 3814 adventu
2482 3757 2714 3815 Domini
2745 3759 3121 3817 continentur
3149 3761 3283 3817 ista.
3318 3763 3620 3828 Quomodo
3651 3763 3867 3819 abbre-

2194 3847 2351 3904 viata
2369 3851 2460 3904 est
2488 3847 2801 3920 perfectio?
2822 3848 2970 3916 Quia
2989 3848 3188 3906 omnia
3224 3866 3352 3923 qua:
3383 3851 3442 3906 in
3473 3850 3602 3924 lege
3627 3855 3692 3908 et
3720 3869 3888 3924 pro--

2196 3935 2390 4008 phetis
2417 3936 2489 3992 de
2519 3935 2765 3994 Domino
2813 3938 3090 4010 praedicta
3135 3943 3303 3995 erant
3350 3956 3454 4012 per
3494 3938 3672 4013 longa
3726 3944 3862 3996 ante

2195 4029 2480 4098 tempora,
2508 4025 2618 4098 ipsi
2643 4026 2704 4082 in
2725 4025 2886 4084 brevi
2911 4031 3174 4101 tempore
3195 4027 3556 4102 adimplevit,
3580 4028 3642 4084 in
3662 4029 3862 4086 tribus

2195 4113 2464 4170 videlicet
2509 4113 2680 4172 annis
2724 4121 2783 4172 et
2831 4115 2999 4172 semi.
3032 4117 3102 4172 Et
3153 4118 3446 4190 quomodo
3495 4117 3632 4174 fecit
3677 4116 3860 4174 inun-

2201 4203 2359 4273 dare,
2392 4203 2452 4259 id
2478 4207 2568 4260 est
2618 4203 2918 4261 abundare
2956 4204 3298 4276 justitiam?
3327 4205 3475 4274 Quia
3518 4207 3860 4280 praedicatio

2203 4291 2600 4364 apostolorum
2652 4293 2712 4348 in
2763 4309 2999 4350 omnem
3047 4298 3265 4351 terram
3293 4295 3485 4364 exivit,
3517 4299 3576 4352 et
3613 4294 3676 4352 in
3709 4295 3862 4352 ﬁnes

2210 4383 2375 4436 terras
2403 4379 2580 4438 verba
2623 4397 2825 4438 eorum
2877 4388 3266 4454 pervenerunt
3293 4384 3466 4456 (ρωι.
3495 4386 3683 4454 xvm).
3719 4387 3864 4452 Qua

2197 4469 2310 4525 fuit
2338 4470 2452 4526 ista
2473 4467 2746 4542 justitia?
2775 4469 2923 4538 Quia
2953 4470 3281 4528 humanum
3313 4473 3698 4546 genus,quod
3730 4473 3862 4529 dia-

2199 4553 2369 4611 bolus
2398 4572 2502 4628 per
2529 4555 2820 4612 fallaciam
2859 4557 3219 4628 possidebat,
3253 4559 3378 4632 ipse
3426 4574 3531 4632 per
3561 4559 3862 4634 passionis

2195 4643 2521 4716 trophzeum
2554 4662 2589 4700 a
2618 4645 2825 4702 mortis
2853 4644 3086 4703 vinculo
3117 4646 3402 4704 liberavit.

2266 4758 2293 4784 «
2329 4733 2929 4807 Consummationem,
2962 4758 2990 4786 ››
3021 4735 3080 4792 id
3129 4741 3220 4793 est
3266 4737 3680 4811 perfectionem
3733 4739 3864 4795 sive

2193 4823 2662 4895 completionem,
2695 4846 2726 4874 ‹‹
2757 4827 2816 4879 et
2843 4824 3337 4882 abbreviationem
3365 4826 3537 4884 faciet
3563 4826 3864 4884 Dominus

2193 4911 2254 4966 in
2287 4911 2479 4968 medio
2509 4916 2695 4980 terrae,
2733 4935 2760 4962 »
2791 4911 2964 4969 sicuti
2987 4915 3114 4986 jam
3143 4913 3420 4971 diximus.

2263 5000 2364 5056 Vel
2380 5001 2556 5057 etiam
2569 5002 2723 5073 quod
2739 5001 2972 5058 brevius
2985 5019 3305 5076 possumus
3324 5005 3537 5073 dicere,
3553 5006 3864 5064 abbrevia-

2193 5089 2412 5145 tionem
2426 5088 2560 5145 fecit
2571 5089 2856 5146 Dominus
2871 5107 2884 5146 :
2901 5091 3136 5163 quando
3149 5091 3208 5147 in
3221 5092 3412 5150 tribus
3421 5093 3636 5151 diebus
3649 5112 3750 5151 om
3758 5094 3864 5152 nia

2193 5195 2320 5250 quae
2343 5178 2414 5234 de
2436 5193 2545 5234 sua
2564 5179 2836 5251 passione
2855 5184 2913 5236 et
2942 5181 3364 5238 resurrectione
3394 5181 3484 5238 vel
3503 5181 3858 5242 liberatione

2193 5266 2436 5323 humani
2449 5267 2680 5339 generis
2691 5269 2844 5341 praed
2854 5269 2968 5325 icta
2977 5269 3481 5344 erant,complevit
3499 5273 3654 5340 (Luc.
3666 5277 3856 5343 xxxv).

2197 5357 2261 5412 In
2281 5357 2476 5413 medio
2497 5361 2691 5413 autem
2715 5361 2878 5414 terrae
2898 5357 3208 5432 dicit,quia
3227 5359 3595 5418 Hierusalem
3614 5360 3712 5417 ubi
3733 5361 3858 5417 hoc

2196 5445 2542 5518 mysterium
2566 5445 2822 5502 salutare
2843 5451 3141 5520 patratum
3170 5451 3280 5516 est,
3296 5448 3614 5506 umbilicus
3631 5449 3862 5506 dicitur

2196 5551 2324 5590 esse
2353 5539 2518 5590 terra:
2568 5535 2780 5606 (Ezech.
2812 5536 2950 5608 xvx).
2981 5535 3086 5592 Vel
3128 5536 3306 5593 etiam
3351 5537 3861 5595 abbreviatiouem

2199 5622 2352 5694 fecit,
2367 5623 2603 5698 quando
2624 5639 2859 5683 omnem
2885 5623 3180 5682 inﬁnitam
3201 5623 3642 5686 multitudinem
3661 5627 3864 5706 Assy-
