4048 6190
190 324 306 382 777

1305 322 1706 385 COMMENT.
1744 321 1835 397 ,lN
1881 317 2175 382 ISAIAM.
2211 321 2360 385 LIB.
2405 322 2483 384 Il.

3482 335 3601 399 778

188 456 418 525 riorum
451 470 571 510 una
589 458 759 510 nocte
788 454 1055 526 peremit,
1079 460 1286 528 przeter
1305 457 1503 513 decem
1526 457 1699 511 viros.
1720 453 1841 510 Vox
1869 454 1925 520 Α
1956 454 2196 527 scriptio
2223 455 2472 529 viarum,
2494 473 2599 531 per
2628 473 2755 530 qua:
2802 442 2929 515 loca
2955 462 3179 519 venerit
3206 464 3603 523 Sennacherib

184 545 291 602 Dei
326 561 433 618 per
462 543 827 617 prophetam.

262 657 293 685 ‹‹
332 633 574 706 Propter
616 631 727 689 hoc
773 631 915 688 dicit
972 632 1271 703 Dominus,
1299 656 1327 683 ››
1352 637 1416 689 ut
1468 652 1583 690 non
1643 634 1846 690 timeat

186 720 470 779 Ezechias
500 724 557 778 et
583 720 838 793 populus
869 721 996 792 ejus
1027 721 1099 776 ab
1126 723 1329 800 Assur,
1364 721 1473 779 hoc
1502 727 1613 792 est,
1645 741 1679 779 a
1708 724 1844 779 Sen-

185 811 473 869 nacberib
492 814 551 867 et
572 809 789 883 populo
816 811 946 883 ejus
969 828 982 865 :
1008 809 1147 882 quia
1168 811 1292 883 ipse
1314 811 1371 867 in
1395 812 1553 868 brevi
1584 817 1842 884 tempore

182 906 247 959 et
289 904 592 958 momento
640 898 926 971 percutiet
972 916 1091 956 eos.
1119 901 1189 955 Et
1236 900 1371 957 licet
1417 900 1477 956 in
1526 902 1710 974 virga,
1733 901 1842 956 hoc

183 996 280 1046 est
304 991 367 1046 in
389 986 820 1062 depraedatione
839 986 1140 1043 civitatum
1160 1006 1387 1059 eorum,
1409 990 1701 1063 percutiat
1721 1007 1840 1059 eos,

187 1070 393 1137 tamen
425 1077 762 1135 nullatenus
783 1077 1116 1150 przevalebit
1136 1096 1340 1135 omnes
1371 1081 1606 1151 penitus
1628 1080 1840 1150 delere,

183 1171 333 1243 quia
364 1169 658 1225 civitatem
700 1166 1062 1223 Hierusalem
1092 1166 1353 1225 liberabo
1393 1171 1465 1226 d'e
1502 1185 1682 1226 manu
1714 1171 1843 1241 ejus

185 1263 432 1333 propter
448 1255 629 1325 David
652 1272 883 1313 servum
909 1273 1131 1328 meum,
1153 1262 1209 1313 et
1229 1258 1532 1325 Ezechiam
1555 1258 1841 1314 famulum

186 1364 395 1407 meum
416 1347 505 1416 (ιγ
528 1347 655 1418 Reg.
679 1348 814 1416 XIX).
839 1345 1003 1412 Quod
1041 1350 1239 1403 autem
1284 1346 1426 1404 dicit
1458 1365 1523 1404 :«
1560 1347 1841 1405 Baeulum

184 1453 371 1493 suum
416 1434 635 1492 levabit
680 1450 859 1506 super
886 1438 942 1490 te
970 1434 1030 1489 in
1060 1433 1154 1490 via
1189 1435 1438 1509 ngypti,
1462 1457 1490 1486 »
1520 1436 1606 1493 sic
1636 1439 1725 1493 est
1753 1435 1840 1491 in-

184 1525 625 1600 telligendum:
672 1523 989 1596 Postquam
1044 1524 1440 1580 Sennacherib
1487 1524 1697 1582 habuit
1741 1526 1842 1581 de-

184 1632 317 1671 cem
377 1613 570 1670 tribus
625 1612 1010 1686 depraedatas,
1042 1630 1309 1670 reversus
1338 1616 1396 1669 et
1433 1631 1537 1686 per
1581 1613 1843 1672 civitates

182 1704 358 1771 Judaa
384 1708 445 1760 et
474 1702 777 1774 Benjamin
810 1718 938 1773 quae
980 1706 1151 1758 orant
1190 1702 1249 1757 in
1288 1702 1381 1758 via
1411 1703 1658 1776 Egypti,
1692 1720 1841 1775 quas

1954 542 2026 597 ab
2055 544 2318 617 .Egyptio
2341 561 2526 617 usque
2556 545 2615 599 in
2648 546 2773 600 Nob
2797 564 2810 600 :
2839 547 2935 601 ubi
2969 553 3028 604 et
3056 551 3310 623 populus
3331 553 3460 626 ejus
3481 571 3606 627 per-

1952 629 2041 701 iit,
2074 631 2228 688 sicut
2273 632 2334 687 in
2364 634 2863 706 subsequentibus
2910 636 3262 696 videbimus.
3296 641 3342 697 0
3390 643 3605 716 popule

1952 736 2141 792 meus,
2174 722 2365 781 veniet
2394 723 2755 780 Schennarib
2812 725 2886 780 ab
2942 725 3186 799 IEgypto
3229 726 3287 784 in
3319 729 3514 801 Aiotb,
3547 736 3605 789 et

1953 827 2069 865 non
2102 812 2239 883 figet
2270 811 2327 867 in
2361 814 2633 880 tentoria,
2657 837 2686 862 ‹‹
2721 813 2820 868 sed
2869 814 3144 872 transibit
3172 817 3231 873 in
3272 817 3513 893 Magron
3546 824 3604 876 et

1954 900 2389 955 commendabit
2421 901 2477 955 in
2507 900 2737 958 civitate
2766 917 2982 975 magna
3000 921 3139 961 vasa
3168 923 3278 962 sua
3298 929 3327 956 »
3360 912 3417 963 et
3445 908 3605 982 sagi.

1955 1006 2083 1055 nas,
2118 989 2175 1043 id
2205 993 2295 1044 est
2323 988 2621 1070 sarcinas.

2028 1116 2055 1143 ‹‹
2087 1094 2473 1150 Transierunt
2501 1095 2776 1151 cursim»
2805 1097 2900 1153 Sic
2929 1097 3191 1170 loquitur
3217 1102 3501 1174 propheta
3528 1104 3601 1160 de

1954 1183 2152 1238 futuro
2182 1183 2350 1254 quasi
2380 1183 2453 1238 de
2482 1185 2774 1255 praeterito
2800 1202 2811 1240 :
2837 1185 2973 1257 quia
3002 1188 3364 1264 transieram
3380 1192 3600 1248 cursim

1952 1271 2156 1344 populi
2177 1271 2278 1343 qui
2301 1289 2437 1327 cum
2460 1272 2857 1330 Scnnacherib
2872 1280 3180 1348 venerunt,
3191 1280 3249 1335 et
3265 1278 3404 1349 quia
3419 1283 3605 1337 trans-

1952 1360 2147 1417 ierunt
2166 1359 2275 1415 has
2296 1360 2561 1417 civitates
2575 1361 2914 1419 Judaeorum
2937 1379 3089 1435 quas
3107 1366 3607 1435 enumeravimus.

1951 1448 2054 1505 Vel
2072 1447 2249 1505 etiam
2267 1448 2561 1505 civitatem
2579 1466 2881 1523 magnam,
2895 1452 2996 1509 ubi
3016 1452 3281 1513 sarcinas
3300 1471 3440 1511 suas
3455 1472 3609 1512 com-

1953 1537 2398 1605 mendaverunt,
2417 1538 2531 1593 cito
2554 1538 2915 1596 transierunt
2932 1545 2994 1597 et
3012 1547 3401 1613 pervenerunt
3418 1544 3480 1601 in
3503 1545 3610 1602 Ga-

1952 1628 2084 1685 baa.
2118 1628 2189 1683 Et
2235 1643 2370 1683 cum
2418 1626 2499 1681 ibi
2549 1629 2971 1701 pervenissent,
3000 1629 3277 1688 dixerunt
3306 1649 3321 1689 :
3349 1655 3378 1685 α
3409 1634 3608 1692 Gabaa

1950 1717 2062 1773 erit
2095 1716 2265 1772 sedes
2308 1720 2529 1772 nostra.
2557 1738 2585 1766 ››
2608 1716 2693 1772 Ibi
2722 1716 2880 1773 enim
2934 1717 3143 1776 habuit
3192 1720 3600 1792 diversorium,

184 1810 400 1850 omnes
429 1790 736 1849 subvertit.
768 1789 870 1847 Vel
903 1790 1078 1848 etiam
1124 1790 1401 1848 baculum
1432 1810 1631 1859 suum,
1665 1792 1723 1847 id
1754 1796 1843 1848 est

1965 1807 2105 1862 sicut
2123 1806 2266 1861 dicit
2286 1806 2350 1860 Β.
2373 1804 2779 1879 Hieronymus.
2806 1807 2875 1862 Et
2900 1806 3107 1863 territa
3119 1812 3210 1865 est
3241 1808 3384 1865 urbs
3410 1789 3603 1867 vicina

183 1880 455 1955 gladium
511 1894 710 1946 suum,
742 1877 956 1935 levabit
984 1896 1162 1951 super
1190 1896 1290 1936 eos
1328 1879 1388 1935 in
1444 1880 1539 1936 via
1588 1881 1838 1953 ngypti,

185 1969 329 2045 quia
357 1973 670 2042 postquam
700 1966 882 2029 semel
921 1966 1127 2025 habuit
1165 1985 1369 2025 omnes
1399 1967 1661 2026 civitates
1692 1970 1840 2025 dua—

185 2076 326 2116 rum
354 2058 620 2115 tribuum
651 2056 1187 2130 co‘mprehensas,et
1217 2075 1352 2131 pars
1383 2058 1556 2114 etiam
1589 2058 1841 2115 civitatis

187 2146 558 2205 Hierusalem
604 2146 821 2203 tradita
858 2144 917 2201 in
960 2163 1172 2203 manus
1230 2147 1510 2220 Rapsacis
1558 2147 1841 2220 principis

182 2238 417 2305 illiusa
443 2237 658 2303 Sobna,
686 2234 876 2292 scriba
907 2235 1018 2291 fuit
1038 2235 1234 2306 (sicuti
1260 2236 1531 2308 superius
1551 2238 1678 2309 jam
1701 2236 1842 2293 dixi-

188 2330 353 2395 mus)
382 2330 439 2383 et
469 2340 736 2381 reversus
773 2327 929 2380 esset
965 2324 1025 2379 in
1066 2324 1375 2397 [Egyptum
1412 2341 1425 2380 :
1460 2325 1673 2381 iterum
1706 2343 1859 2402 cunt

186 2416 408 2473 rediret
457 2413 531 2470 ad
582 2412 942 2477 Hierusalem
986 2413 1356 2485 capiendam,
1388 2430 1593 2469 omnes
1635 2413 1840 2469 civita-

186 2510 278 2562 tes
305 2504 546 2561 illorum
578 2520 706 2575 qua:
739 2507 1161 2570 remanserant,
1192 2520 1320 2575 quae
1350 2506 1519 2560 erant
1544 2502 1604 2559 in
1634 2502 1842 2559 itinere

184 2595 263 2650 ab
320 2595 568 2668 [Egypto
623 2591 995 2649 venientibus
1053 2591 1454 2659 Hierusalem,
1515 2593 1640 2665 ipse
1694 2592 1839 2649 sub-

182 2682 386 2740 vertit.

258 2796 287 2822 ‹‹
321 2771 531 2827 Adhuc
584 2769 893 2844 paululum
924 2791 953 2821 »
986 2768 1158 2843 longo
1217 2774 1841 2843 tempore'postquam

183 2862 312 2929 haec
333 2859 614 2933 praedicta
633 2864 790 2928 sunt,
806 2858 1095 2932 completa
1114 2864 1272 2919 sunt.
1288 2860 1399 2916 Sed
1419 2858 1617 2916 omnia
1630 2860 1844 2917 saecula

183 2948 505 3017 aeternitati
535 2948 636 3004 Dei
667 2952 1024 3021 comparata,
1056 2949 1252 3005 brevia
1285 2951 1668 3022 putabuntur.
1699 2950 1841 3006 Om-

184 3039 287 3095 nia
316 3037 480 3094 enim
509 3028 639 3109 qua:
687 3037 888 3094 futura
933 3040 1092 3106 sunt,
1125 3038 1183 3093 in
1217 3038 1527 3111 praesentia
1574 3038 1674 3094 Dei
1714 3039 1841 3110 jam

186 3129 350 3184 facta
377 3127 668 3183 videntur.

257 3216 388 3272 Vox
414 3214 516 3272 Dei
548 3215 621 3272 ad
652 3214 1047 3273 Sennacherib
1089 3220 1150 3273 et
1193 3215 1477 3289 populum
1520 3216 1694 3288 ejus:
1721 3241 1747 3267 ‹‹
1773 3218 1844 3272 Et
1869 3188 1913 3255 α

185 3304 709 3373 consummabitur
730 3305 889 3361 furor
908 3321 1077 3362 meus
1094 3320 1271 3377 super
1291 3305 1483 3362 scelus
1500 3322 1761 3376 eorum,»
1784 3306 1843 3362 id

184 3400 282 3452 est
312 3410 496 3468 super
522 3392 841 3467 Egyptios,
863 3397 921 3449 et
946 3392 1235 3466 Assyrios,
1267 3398 1327 3449 et
1356 3393 1770 3452 Sennacherib.

260 3508 290 3535 ι(
325 3484 400 3540 Et
417 3481 730 3540 suscitabit
758 3499 934 3555 super
955 3499 1090 3539 eum
1118 3506 1139 3532 ι
1164 3482 1275 3540 hoc
1303 3488 1412 3552 est,
1436 3501 1614 3556 super
1632 3485 1846 3542 Senna—

185 3572 398 3631 cberib
419 3595 447 3622 ‹‹
483 3570 800 3645 flagellum,
824 3594 846 3621 ι
876 3570 935 3627 id
964 3575 1055 3628 est
1088 3571 1429 3642 vindictam,
1457 3595 1485 3624 «
1516 3573 1688 3646 juxta
1716 3572 1846 3647 pla-

142 3676 145 3677 '
185 3679 331 3737 gam
366 3659 603 3717 Madian
634 3660 693 3716 in
724 3663 891 3733 petra
920 3652 1089 3717 Oreb.
1120 3683 1147 3710 ››
1167 3659 1290 3717 Vox
1320 3661 1614 3734 propheta:
1645 3666 1847 3719 contra

187 3748 594 3809 Sennacherib
612 3765 626 3805 :
645 3748 678 3805 J
683 3765 778 3804 am
794 3747 1066 3822 superius
1084 3748 1619 3823 diximus,qualiter
1634 3751 1848 3807 Madia-

192 3840 331 3898 uita:
364 3839 495 3895 sine
516 3836 797 3896 effusione
818 3837 1125 3911 sanguinis
1148 3838 1402 3894 filiorum
1425 3838 1600 3896 Israel
1627 3856 1849 3912 perem-

190 3931 276 4004 pti
322 3931 470 3987 sunt
505 3926 704 3998 (ludia.
727 3943 803 3996 vx,
837 3927 958 4000 vn).
984 3927 1116 3984 Ideo
1148 3931 1450 4002 comparat
1497 3927 1847 3984 occisionem

192 4016 656 4074 Madianitarum
686 4015 1074 4073 interfectioni
1102 4017 1496 4090 Assyriorum.
1524 4016 1670 4083 Quia
1697 4016 1851 4074 sicut

88 4130 95 4135 ί
191 4105 279 4177 illi
301 4106 436 4171 sine
456 4121 663 4175 cruore
679 4106 987 4180 sanguinis
1007 4105 1233 4163 sudaiei
1256 4106 1455 4179 populi
1472 4106 1666 4162 necasi
1689 4109 1847 4173 sunt,

189 4195 276 4251 ita
303 4198 365 4251 et
394 4194 516 4251 isti.
541 4217 571 4245 ‹‹
593 4194 665 4251 Et
693 4194 914 4269 virgam
947 4211 1117 4252 suam
1161 4211 1340 4268 super
1369 4210 1549 4264 mare,
1576 4217 1602 4245 υ
1626 4195 1850 4251 subau-

191 4284 310 4355 dis,
340 4282 583 4341 levabit.
619 4282 727 4340 Per
762 4282 988 4358 virgam
1037 4282 1299 4357 intellige
1328 4283 1751 4351 fortitudinem.
1782 4284 1855 4339 Et

191 4379 284 4430 est
312 4389 533 4430 sensus
558 4388 570 4428 :
598 4372 927 4446 Antequam
958 4389 1136 4446 super
1176 4376 1231 4429 te
1274 4373 1487 4439 veniat,
1512 4372 1622 4428 ibit
1651 4375 1854 4429 contra

192 4462 532 4519 Tharacam
576 4477 771 4535 regem
803 4460 1126 4534 Ethiopian,
1160 4466 1219 4517 et
1248 4462 1524 4518 transibit
1554 4478 1711 4518 mare
1744 4462 1855 4517 Ru-

1954 1897 2157 1952 Rama.
2176 1895 2424 1962 Quidam
2455 1894 2538 1951 ita
2565 1894 2768 1951 volunt
2786 1896 3169 1969 distinguere,
3193 1901 3260 1954 ut
3286 1898 3367 1955 ita
3389 1899 3602 1973 junga-

1950 1989 2047 2041 tur
2070 2003 2083 2042 :
2109 1985 2496 2041 Transierunt
2514 1985 2683 2042 sedes
2703 1985 2910 2042 Gabaaa
2933 1986 3048 2042 cito
3072 2002 3085 2041 :
3112 1991 3172 2042 et
3188 1986 3268 2043 sit
3287 1988 3456 2045 sedes
3477 1988 3601 2061 plu-

1950 2074 2092 2130 ralis
2123 2090 2426 2142 numerus,
2450 2078 2508 2129 et
2537 2077 2738 2145 postea
2760 2075 3019 2147 jungant
3046 2080 3249 2133 nostra
3278 2077 3464 2134 Rama
3493 2079 3601 2135 ob-

1950 2163 2183 2236 stupuit
2211 2179 2225 2219 :
2259 2162 2359 2219 sed
2393 2179 2509 2218 non
2543 2162 2626 2217 ita
2653 2166 2763 2218 est.
2794 2162 2947 2219 Dicit
2975 2163 3133 2220 enim
3163 2165 3369 2222 beatus
3398 2166 3602 2223 Hiero-

1951 2269 2183 2325 nymus,
2208 2251 2307 2323 qui
2353 2267 2488 2306 cum
2531 2250 2615 2306 illi
2663 2251 3012 2308 transissent
3038 2252 3311 2310 velociter
3337 2254 3604 2312 civitates

1952 2357 2219 2414 magnas,
2244 2344 2301 2395 et
2332 2340 2411 2394 ibi
2456 2341 2971 2397 commendassent
3007 2342 3245 2415 saginas
3274 2360 3437 2410 suas,
3468 2360 3605 2417 per-

1950 2429 2364 2501 venissentque
2408 2430 2481 2484 ad
2525 2429 2807 2497 Gabaam,
2839 2430 3179 2487 habuerunt
3219 2430 3302 2488 ibi
3350 2431 3606 2489 diverso-

1949 2519 2127 2584 rium,
2162 2518 2318 2574 sicut
2358 2519 2485 2589 jam
2535 2518 2813 2574 diximus.
2847 2507 3113 2575 Gabaath
3162 2523 3359 2577 autem
3411 2521 3606 2579 Saulis

1949 2625 2084 2665 cum
2116 2607 2225 2663 hoc
2251 2607 2535 2673 audisset,
2568 2607 2738 2679 fugit.
2768 2606 2963 2663 Altera
2992 2612 3083 2664 est
3111 2608 3270 2665 enim
3299 2610 3518 2682 Gabaa,
3547 2614 3606 2667 et

1949 2697 2132 2754 altera
2188 2694 2471 2750 Gabaath.
2506 2694 2703 2751 Gabaa
2758 2700 2959 2751 autem
3016 2697 3324 2754 Hebraeum
3386 2715 3603 2763 nomen

1948 2788 2058 2854 est,
2079 2787 2137 2841 et
2167 2784 2295 2839 ideo
2324 2787 2526 2838 utrum
2557 2782 2843 2840 dicamus.
2868 2784 3077 2841 Gabaaa
3106 2785 3228 2841 sive
3253 2785 3452 2843 Gabaa
3481 2804 3598 2843 non

1948 2874 2260 2946 discrepat,
2289 2871 2427 2944 quia
2457 2870 2699 2939 alterius
2728 2870 2941 2945 lingua:
2970 2874 3385 2945 proprietatem
3416 2878 3594 2932 tenet.

1949 2962 2211 3021 Gabaath
2244 2977 2377 3016 vero
2408 2959 2601 3017 Saulis
2638 2960 2877 3031 dicitur,
2901 2961 3040 3033 quia
3068 2961 3262 3019 Saulis
3292 2965 3591 3035 quondam

1949 3051 2117 3110 electi
2147 3050 2381 3107 Domini
2413 3048 2525 3105 fuit
2554 3050 2723 3106 sedes
2755 3049 2915 3123 regia
2944 3050 3046 3106 ibi.

2022 3183 2049 3210 ‹‹
2084 3159 2203 3215 Hoc
2231 3157 2406 3213 Hinni
2449 3173 2587 3213 voce
2632 3161 2755 3224 tua,
2784 3178 2813 3208 »
2847 3157 2904 3213 id
2955 3161 3046 3214 est
3096 3158 3275 3215 eleva.
3297 3159 3423 3215 Vox
3465 3177 3601 3233 pro-

1952 3249 2160 3323 phetas.
2193 3246 2406 3303 Gallim
2444 3251 2502 3302 et
2550 3245 2741 3313 Laisa,
2791 3251 2967 3319 atque
3013 3248 3290 3304 Anathoti
3338 3248 3605 3306 civitates

1954 3337 2283 3395 Israeliticae
2313 3340 2498 3403 erant,
2529 3352 2634 3408 per
2663 3340 2811 3408 quas
2841 3334 2927 3391 illi
2955 3337 3339 3394 transierunt.

2027 3467 2055 3495 ‹‹
2088 3441 2357 3516 Migravit
2405 3442 2765 3498 Medemena.
2790 3464 2820 3493 »
2845 3446 2922 3499 De
2968 3442 3095 3500 loco
3145 3460 3252 3499 suo
3282 3443 3355 3499 ad
3399 3443 3602 3501 alium.

1955 3535 2299 3591 Medemena
2328 3535 2387 3589 et
2415 3530 2610 3602 Jabin,
2639 3530 2901 3588 civitates
2931 3535 3073 3588 sunt
3097 3532 3283 3589 Judez.

2027 3639 2280 3695 «Adhuc
2324 3638 2448 3693 dies
2497 3641 2572 3704 et,
2615 3641 2682 3693 ut
2728 3636 2787 3693 in
2840 3637 2999 3694 Nobe
3032 3636 3308 3712 (civitate)
3337 3642 3602 3708 stetur,»

1956 3731 2014 3786 id
2046 3734 2136 3785 est
2168 3728 2464 3784 habitetur
2494 3744 2527 3782 a
2557 3725 2973 3782 Scnnacherib.
3009 3725 3166 3782 Nobe
3208 3725 3410 3784 civitas
3442 3732 3605 3783 terra;

1956 3816 2429 3892 repromissionis
2459 3819 2569 3882 est,
2604 3814 2674 3868 de
2705 3831 2822 3886 qua
2871 3812 2981 3869 fuit
3030 3813 3200 3871 Gesbi
3251 3813 3351 3887 qui
3395 3815 3506 3870 fuit
3534 3816 3607 3871 de

1955 3905 2197 3979 triginta
2243 3902 2610 3976 principibus
2641 3900 2843 3967 David,
2876 3899 3030 3957 sicut
3077 3901 3138 3957 in
3188 3900 3338 3958 libro
3389 3902 3605 3959 Parali-

1957 4009 2248 4068 pomenon
2291 3992 2339 4060 (I
2368 3989 2705 4063 Parxxxvn)
2755 3988 3026 4063 legimus.
3077 3990 3180 4046 Est
3235 3995 3433 4049 autem
3490 4010 3605 4049 non

1956 4084 2128 4155 longe
2160 4083 2230 4137 ab
2264 4075 2648 4136 Hierusalem.
2680 4081 2751 4135 Et
2789 4096 2970 4152 quare
3018 4079 3162 4136 dicit
3193 4098 3207 4138 :
3240 4081 3434 4138 adhuc
3483 4083 3609 4139 dies

1959 4177 2049 4228 est
2081 4176 2144 4227 ut
2173 4168 2233 4225 in
2273 4168 2433 4225 Nobe
2481 4172 2671 4224 stetur
2700 4168 2773 4225 ab
2805 4168 2944 4224 illo?
2985 4169 3127 4243 quia
3175 4171 3412 4245 quando
3463 4171 3610 4228 Sen-

1961 4261 2237 4318 nacherib
2271 4258 2409 4315 illuc
2440 4259 2722 4332 pervenit,
2755 4276 2965 4332 parum
2996 4262 3120 4318 erat
3149 4260 3340 4317 adhuc
3367 4260 3503 4317 diei.

2036 4392 2065 4423 «
2095 4368 2354 4442 Agitabit
2385 4388 2412 4417 »
2446 4382 2583 4440 ergo
2617 4389 2645 4417 ‹‹
2668 4382 2915 4437 manum
2942 4383 3136 4437 suam,
3160 4390 3189 4420 ››
3218 4366 3281 4437 id
3306 4371 3397 4426 est
3428 4383 3616 4426 move-

1963 4457 2069 4527 bit,
2102 4456 2337 4512 minans
2369 4452 2554 4509 multa
2585 4451 2742 4510 mala
2768 4453 3160 4524 Hierusalem;
3186 4457 3493 4527 propterea
3510 4472 3617 4511 .au-

191 4550 396 4620 brum,
430 4554 492 4606 et
519 4548 737 4606 levabit
767 4550 1033 4606 eamdem
1061 4549 1286 4623 virgam
1312 4567 1489 4623 super
1518 4550 1850 4623 1Egyptum.
1883 4562 1932 4629 D
1964 4552 2083 4603 tem
2116 4570 2143 4596 «
2178 4560 2357 4618 super
2385 4547 2644 4599 montem
2676 4542 2813 4598 Sion
2845 4546 2902 4599 et
2929 4541 3139 4599 collem
3170 4540 3558 4610 Hierusalem,
3585 4566 3614 4593 »

194 4641 263 4696 Et
289 4645 440 4695 tunc
474 4643 796 4695 revertetur
820 4655 955 4695 cum
977 4637 1162 4694 multo
1193 4639 1469 4708 exercitu,
1495 4639 1734 4695 veniens
1764 4656 1858 4695 su-

192 4747 299 4803 per
331 4727 724 4784 Hierusalem.

262 4842 291 4869 «ι
329 4818 406 4874 Et
436 4816 552 4874 erit
580 4817 641 4873 in
674 4817 767 4873 die
796 4817 917 4874 illa.
947 4840 975 4866 »
997 4817 1163 4873 Diem
1197 4818 1393 4890 accipe
1431 4835 1535 4891 pro
1575 4821 1853 4889 tempore.

191 4907 318 4963 Vox
350 4906 458 4963 Dei
492 4905 567 4962 ad
598 4906 820 4963 tribum
849 4906 1062 4963 Judam
1094 4911 1151 4963 et
1180 4908 1507 4979 Benjamin.
1533 4908 1593 4962 In
1618 4925 1736 4981 qua
1764 4908 1857 4963 die

192 4997 280 5053 vel
318 4997 384 5052 in
408 5012 528 5068 quo
561 4999 819 5068 tempore
849 4994 1047 5051 ablata
1075 5000 1165 5052 est
1195 4995 1515 5052 dominatio
1537 4996 1861 5053 Sennache—

194 5087 285 5141 rib
322 5086 403 5141 de
433 5082 584 5141 collo
607 5083 858 5139 duarum
890 5084 1193 5141 tribuum?
1223 5087 1464 5152 Quando
1485 5086 1772 5142 exercitus
1798 5085 1862 5140 il-

196 5174 318 5231 lius
348 5173 428 5229 ab
450 5170 659 5245 angelo
689 5172 1075 5248 interemptus
1099 5179 1209 5230 est.
1238 5197 1264 5225 «
1287 5175 1355 5229 Et
1375 5180 1857 5248 computrescet,»

198 5264 255 5320 id
288 5266 390 5319 est
419 5260 655 5316 deficiet
674 5285 701 5311 ι(
720 5261 956 5335 jugum,
982 5285 1007 5311 ι)
1030 5262 1140 5318 hoc
1169 5267 1276 5332 est,
1302 5263 1623 5319 dominatio
1655 5267 1711 5318 et
1737 5282 1861 5320 ser—

196 5353 361 5407 vitus
391 5350 465 5405 de
496 5348 744 5406 humero
776 5355 897 5417 tuo,
932 5369 966 5407 o
997 5350 1249 5424 populus
1280 5352 1531 5407 duarum
1579 5353 1861 5421 tribuum,

202 5462 230 5490 ‹‹
251 5458 289 5495 a
320 5439 476 5495 facie
506 5436 674 5510 olei,»
700 5438 758 5494 id
792 5442 882 5495 est
911 5457 946 5494 a
967 5440 1276 5512 praesentia
1307 5438 1716 5494 misericordim
1740 5439 1861 5494 Dei.

199 5528 311 5586 Per
340 5526 545 5584 oleum
576 5544 835 5600 namque
865 5528 1264 5584 misericordia
1294 5532 1551 5583 notatur.

277 5641 305 5669 ς(
340 5614 556 5695 Veniet
584 5614 644 5672 in
682 5615 876 5675 Aioth.
900 5640 930 5668 »
953 5616 1076 5675 Vox
1118 5617 1433 5694 propheta}.
1467 5616 1597 5675 Haec
1642 5622 1730 5677 est
1759 5618 1864 5677 de-

536 5741 802 5811 PATROL.
847 5744 1046 5811 CXVI.

1966 4637 2107 4710 quia
2135 4635 2274 4691 Sion
2307 4650 2477 4689 mons
2508 4636 2597 4689 est
2625 4635 2681 4686 et
2727 4630 3086 4687 Hierusalem
3119 4631 3275 4687 circa
3300 4629 3531 4700 collem,
3553 4630 3614 4688 id

1965 4730 2055 4782 est
2085 4724 2239 4781 circa
2266 4721 2473 4779 vallem
2506 4718 2665 4776 illius
2697 4718 2916 4777 montis
2946 4719 3060 4776 sita
3080 4723 3188 4775 est.
3211 4719 3453 4787 Quando
3473 4727 3615 4777 vero

1967 4812 2360 4871 Sennaeherib
2400 4810 2573 4866 exivit
2605 4809 2674 4865 de
2705 4808 2967 4881 lEgypto,
2999 4812 3175 4880 prout
3203 4807 3379 4865 citius
3407 4808 3614 4881 quivit,

1966 4902 2306 4963 acceleravit
2333 4917 2629 4973 gressum,
2652 4899 2896 4956 tendens
2926 4898 3037 4956 iter
3060 4901 3131 4956 ad
3163 4898 3526 4963 Hierusalem
3552 4902 3619 4969 ut

1968 5010 2146 5066 supra
2176 4991 2398 5047 dictum
2424 4992 2533 5045 est.

2037 5083 2184 5137 Cum
2215 5082 2411 5135 autem
2442 5078 2703 5134 venisset
2744 5077 2802 5132 in
2845 5077 3024 5146 Nobe,
3050 5077 3292 5135 tetendit
3321 5076 3401 5132 ibi
3431 5079 3618 5133 tento-

1970 5171 2145 5238 rium,
2198 5167 2397 5225 volens
2456 5165 2714 5222 diluculo
2772 5183 3056 5239 occupare
3111 5165 3521 5223 Hierusalem:
3564 5169 3623 5222 et

1972 5263 2282 5333 postquam
2329 5256 2470 5311 illuc
2501 5256 2679 5321 venit,
2704 5272 2817 5311 non
2850 5256 3101 5312 cessavit
3147 5273 3334 5329 usque
3364 5253 3623 5312 mediam

1973 5353 2201 5405 noctem
2226 5345 2433 5401 minari
2458 5343 2878 5400 desolationem
2907 5343 3262 5402 Hierusalem
3285 5344 3484 5402 dicens
3505 5362 3517 5401 :
3537 5345 3624 5401 En

1975 5440 2088 5495 ista
2117 5436 2243 5493 sola
2262 5434 2465 5490 civitas
2496 5432 2710 5505 poterit
2742 5432 2972 5489 liberari
2994 5435 3065 5492 de
3095 5452 3275 5491 manu
3306 5436 3476 5492 mea?
3498 5434 3626 5495 Non

1975 5529 2086 5585 erit
2115 5527 2223 5595 ita;
2249 5523 2348 5579 sed
2380 5521 2535 5577 sicut
2567 5522 2672 5578 feci
2706 5522 2982 5579 Samaria:
3014 5529 3073 5581 et
3102 5526 3221 5599 regi
3254 5526 3404 5597 ejus,
3428 5523 3627 5595 sicdfa-

1975 5618 2124 5678 ciam
2162 5609 2522 5692 Hierusalem
2554 5614 2610 5672 et
2640 5611 2761 5693 regi
2794 5611 2984 5692 ipsius
3014 5613 3290 5692 Ezechiae.
3325 5614 3438 5675 Sed
3468 5615 3629 5703 post;

3229 5744 3313 5812 25
