4090 6192
533 306 652 381 119'

944 317 1346 378 HAYMONIS
1379 313 1920 376 HALBERSTA'I‘.
1955 303 2196 377 EPISC.
2233 315 2406 377 OPP.
2443 318 2670 377 PARS.
2705 316 2752 376 Ι.
2789 350 2867 360 —
2897 316 3297 377 COMMENT.
3328 317 3512 380 BIBL.

3762 315 3862 386 790

533 470 713 528 quam
745 452 939 509 ierunt
984 449 1329 518 dormitum,
1359 465 1564 505 omnes
1615 448 1875 532 percussi
1926 452 2065 506 Sunt
2111 449 2184 504 ab
2216 449 2272 516 Α
2301 453 2357 504 et
2387 449 2791 505 confricabant
2837 449 3135 518 manibus,
3175 452 3230 504 et
3276 451 3861 526 manducabant(lauh.

533 542 742 616 angelo
773 538 1028 597 Domini.

608 631 803 686 «Ecce
833 629 1176 684 Dominator
1216 627 1526 692 Dominus,
1551 626 1878 699 confringet
1905 627 2193 698 laguncu-

534 720 650 776 lam
683 720 742 774 in
774 723 1051 774 terrore.»
1071 717 1193 772 Vox
1225 717 1518 790 propheta}
1544 718 1615 771 de
1642 717 1913 788 passione
1937 716 2190 772 Domini.

536 806 903 880 Laguncula,
925 807 1342 862 diminutivum
1392 825 1602 862 nomen
1637 811 1726 862 est
1754 825 1787 861 a
1816 806 2043 881 lagona.
2079 807 2189 860 La-

531 895 745 968 guncla
778 899 997 962 autem,
1032 912 1161 966 qum
1195 894 1350 949 lutea
1380 900 1490 951 est.
1523 893 1817 964 significat
1847 912 2059 965 corpus
2092 894 2195 947 Do-

533 984 842 1051 minicum,
867 985 1024 1056 quod
1057 983 1420 1038 confractum
1453 988 1542 1037 est
1584 989 1844 1055 tempore
1876 983 2188 1054 passionis.

534 1074 596 1130 In
629 1078 849 1130 terrore
907 1077 1104 1128 autem
1167 1072 1329 1137 dicit,
1353 1073 1493 1142 quia
1552 1077 1936 1127 monumenta
1993 1076 2194 1143 aperta

531 1166 696 1230 sunt,
729 1165 906 1233 atque
950 1163 1316 1216 terrmmotus
1365 1161 1555 1215 factus
1586 1166 1676 1216 est
1706 1176 1977 1232 magnus,
2000 1165 2055 1215 et
2085 1177 2190 1214 ca:-

533 1257 657 1307 tera
684 1267 814 1322 qua:
843 1249 904 1304 in
936 1247 1209 1320 passione
1259 1249 1389 1318 ejus
1436 1253 1674 1304 ostensa
1727 1254 1885 1304 sunt.
1910 1271 1937 1299 «
1969 1248 2189 1304 Excelsi

533 1339 748 1395 succisi
780 1342 976 1406 sunt,»
1005 1337 1062 1392 id
1094 1341 1183 1391 est
1207 1337 1392 1392 ,ιιιᾱωὶ
1426 1337 1716 1392 humiliati
1740 1343 1900 1409 sunt,
1925 1341 1980 1391 et
2003 1357 2036 1391 a
2067 1353 2192 1410 pro-

534 1428 661 1500 prio
694 1427 818 1484 solo
849 1425 1061 1483 succisi
1093 1430 1151 1482 et
1181 1426 1422 1498 projecti
1455 1430 1613 1482 sunt.

605 1541 634 1567 ιι
667 1518 736 1572 Et
766 1517 1182 1574 subvertentur
1225 1515 1593 1571 condensa.»
1632 1515 1692 1571 ld
1737 1519 1826 1571 est
1869 1517 2188 1572 densitates

532 1629 562 1658 α
595 1605 854 1663 saltuum
910 1607 1082 1662 ferro.
1124 1628 1154 1655 »
1199 1604 1426 1660 Saltum
1487 1604 1742 1678 appellat
1802 1605 2186 1674 Hierusalem,

533 1699 772 1769 propter
798 1693 1238 1751 multitudinem
1281 1695 1632 1768 populorum
1665 1711 1793 1766 quae
1842 1696 2072 1751 succisa
2100 1699 2189 1750 est

533 1784 686 1840 ferro
729 1784 1148 1840 Romanorum.
1173 1805 1202 1834 ι(
1224 1784 1294 1839 Et
1333 1784 1592 1840 Libauus
1631 1800 1763 1839 cum
1806 1783 2050 1840 excelsis
2091 1801 2186 1839 ca-
2217 1825 2265 1893 Β

540 1873 626 1893 Δ-Α
725 1870 782 1893 2.1
820 1873 901 1893 --ι
959 1872 1313 1893 ἵῖΞ------Α14Α-
1360 1889 1480 1893 -____-
1514 1872 1911 1893 -4__,,j-a2Le__
1953 1877 1999 1893 ,ι
2033 1873 2157 1893 ---ἀμ

531 1873 650 1945 det,
677 1895 705 1922 υ
725 1870 782 1928 ld
816 1873 924 1941 est,
959 1872 1319 1929 Hierusalem
1353 1889 1488 1928 cum
1511 1872 1913 1929 sacerdotibus
1947 1877 2004 1928 et
2033 1873 2188 1945 prin-

531 1960 764 2034 cipibus
822 1961 969 2018 suis.
1013 1962 1120 2017 Per
1175 1963 1464 2018 Libanum
1526 1963 1808 2018 debemus
1867 1961 2187 2034 intelligere

531 2050 818 2123 templum
847 2050 934 2106 vel
981 2051 1297 2117 civitatem,
1331 2052 1482 2107 sicut
1515 2052 1732 2107 dicitur
1780 2069 1884 2124 per
1931 2051 2185 2125 prophe-

533 2143 655 2195 tam
689 2155 704 2196 :
733 2138 928 2211 Aperi,
964 2138 1202 2204 Libane,
1244 2145 1442 2212 portas
1486 2145 1637 2206 tuas,
1671 2145 1728 2195 et
1768 2140 2000 2196 devoret
2031 2140 2184 2212 ignis

532 2228 736 2284 cedros
768 2231 922 2282 tuas.

1174 2315 1406 2371 CAPUT
1445 2317 1537 2372 ΧΙ.

603 2427 631 2454 κ
665 2404 1010 2475 Egredietur
1037 2404 1201 2475 virga
1245 2405 1314 2461 de
1365 2407 1558 2461 radice
1605 2407 1790 2462 Jesse.
1822 2408 1998 2480 »',‘Vox
2050 2425 2181 2480 pro-

531 2490 716 2566 phetae
751 2494 822 2548 de
852 2493 1154 2549 nativitate
1186 2493 1439 2549 Domini.
1476 2494 1771 2567 Prophetas
1803 2513 1918 2553 non
1951 2502 2184 2553 servant

531 2581 796 2638 ordinem
828 2581 1106 2637 historia.
1131 2583 1414 2654 Superius
1445 2584 1601 2638 enim
1635 2585 1780 2640 dixit
1809 2586 1879 2641 de
1911 2587 2183 2658 passione

529 2670 764 2726 Domini
802 2687 814 2726 :
849 2687 1006 2727 nunc
1033 2688 1167 2727 vero
1224 2671 1488 2745 loquitur
1527 2673 1599 2728 de
1642 2674 1942 2730 nativitate
1996 2675 2178 2731 illius.

528 2758 709 2832 Virga
737 2761 812 2816 de
842 2759 1034 2816 radice
1053 2761 1218 2817 Jesse
1249 2778 1483 2833 egressa
1513 2767 1621 2828 est,
1650 2763 1789 2835 quia
1816 2765 1976 2836 virgo
1999 2765 2182 2820 Maria

528 2864 598 2904 ex
627 2849 946 2923 propagine
977 2849 1159 2906 David
1211 2856 1340 2907 orta
1381 2856 1490 2908 est.
1514 2875 1540 2900 «
1568 2851 1699 2908 Flos
1729 2851 1798 2908 de
1829 2855 2022 2908 radice
2051 2855 2181 2924 ejus

529 2938 863 3007 ascendet,»
886 2938 943 2993 id
967 2940 1057 2995 est
1075 2940 1147 2995 de
1167 2941 1391 2997 semine
1412 2942 1580 2997 Jesse
1610 2942 1793 3013 patris
1825 2942 2003 2998 David
2026 2943 2184 2998 Chri-

529 3031 659 3083 stus
691 3029 866 3084 natus
888 3032 1001 3097 est,
1024 3028 1132 3084 ﬂos
1158 3029 1464 3098 virtutum,
1489 3035 1545 3086 et
1574 3048 1788 3087 corona
1816 3031 2177 3104 angelorum,

527 3118 586 3171 et
613 3119 838 3176 sertum
868 3117 1045 3173 etiam
1072 3117 1380 3174 hominum
1411 3119 1750 3175 electorum.

2305 556 2414 604 xn;
2447 537 2608 593 Marc.
2634 555 2768 606 νιιι;
2805 540 2929 593 Luc.
2962 541 3064 607 v1).
3107 538 3249 594 Nam
3305 555 3432 594 cum
3483 540 3733 598 vidissent
3778 545 3860 602 hoc

2302 626 2563 697 quidam,
2597 627 3098 698 reprehenderunt
3135 625 3437 700 apostolos.
3469 628 3570 684 Sed
3609 629 3726 701 quid
3759 633 3860 688 fecit

2303 715 2627 771 Dominus?
2655 716 2953 787 redarguit
2974 714 3361 787 apostolorum
3384 717 3801 784 contradictores,
3817 723 3860 776 et

2301 804 2448 870 dixit
2480 805 2595 859 illis
2619 823 2666 859 :u
2695 805 2774 859 Ite
2806 811 2863 859 ct
2902 805 3108 859 discite
3151 806 3288 876 quid
3340 809 3442 872 est,
3476 805 3854 863 misericordiam

2301 891 2449 959 volo,
2487 897 2543 947 et
2596 910 2711 947 non
2761 893 3116 948 sacrificium
3157 893 3341 963 (Mulli.
3366 910 3446 962 1v;
3486 894 3858 963 an.v1).»«Et

2303 982 2585 1054 percutiet
2614 988 2827 1038 terram
2849 983 3011 1055 virga
3031 983 3151 1038 oris
3181 984 3328 1038 sui.»
3352 984 3576 1039 Terram
3605 985 3858 1056 posuitpro

2300 1070 2730 1126 habitatoribus
2761 1077 2957 1140 terra);
2980 1070 3201 1143 virgam
3233 1089 3335 1144 pro
3362 1071 3609 1127 doctrina
3634 1072 3858 1145 evangeli-

2300 1176 2388 1214 ca.
2403 1161 2646 1226 Quando
2667 1161 2958 1233 percussit
2976 1159 3107 1216 illos
3123 1159 3302 1234 virga,
3317 1160 3372 1216 id
3387 1165 3472 1216 est
3493 1159 3724 1216 doctrina
3737 1173 3860 1216 evan-

2299 1248 2522 1319 gelica?
2553 1247 2697 1304 Cum
2732 1266 2834 1322 per
2865 1249 3334 1322 prmdicationem
3363 1249 3720 1322 apostolorum
3746 1249 3858 1322 prim

2299 1337 2446 1408 cipis
2470 1338 2644 1404 Petri,
2667 1343 2800 1411 post
2822 1339 3224 1396 ascensionem
3249 1339 3405 1395 illius
3427 1335 3752 1394 crediderunt
3774 1353 3858 1392 uno

2297 1427 2390 1481 die
2415 1426 2524 1481 tria
2545 1425 2748 1496 millia,
2773 1427 2955 1483 altera
2973 1428 3068 1483 die
3088 1428 3348 1500 quinque
3370 1427 3560 1498 millia,
3581 1431 3632 1482 et
3649 1426 3859 1500 deinceps

2297 1515 2485 1571 multa
2516 1515 2734 1572 millia:
2767 1517 3028 1573 dicentes
3057 1516 3159 1589 qui
3191 1517 3551 1573 crediderant
3576 1517 3748 1573 audita
3766 1517 3859 1586 ejus

2297 1603 2710 1676 praedicatione
2735 1621 2784 1660 ;‹‹
2810 1605 2959 1672 Quid
2983 1604 3288 1676 faciemus,
3310 1604 3414 1662 viri
3436 1595 3688 1661 fratres?»
3705 1596 3761 1661 Et
3783 1604 3859 1659 Pe-

2295 1697 2423 1748 trus
2444 1694 2516 1748 ad
2546 1693 2678 1750 illos
2703 1711 2754 1750 :«
2778 1694 3145 1750 Pmnitemini
3169 1699 3228 1752 et
3246 1693 3728 1762 convertemini,ut
3749 1692 3860 1749 dele-

2295 1786 2472 1838 antur
2489 1787 2682 1839 vestra
2710 1788 2965 1856 peccata.
2985 1807 3013 1833 »
3035 1783 3322 1841 Similiter
3347 1800 3447 1856 per
3473 1782 3858 1857 medicationem

2295 1871 2695 1944 apostolorum
2735 1873 2912 1929 corda
2947 1873 3300 1946 pepulerum
3343 1872 3654 1948 percussit:
3683 1865 3859 1944 quando

2295 1959 2694 2033 relinquentes
2724 1962 2990 2034 proprias
3022 1963 3377 2032 voluntates,
3405 1962 3798 2036 baptizabantur
3817 1959 3858 2015 in

2294 2049 2530 2105 nomine
2559 2051 2720 2108 Jesu.
2751 2051 2945 2107 Potest
2974 2056 3032 2108 et
3060 2067 3163 2125 per
3191 2052 3415 2125 virgam
3446 2051 3704 2109 sententia
3727 2047 3858 2106 divini

2293 2139 2579 2194 examinis
2609 2139 2876 2213 intelligi.
2901 2140 3153 2197 Veniens
3186 2141 3470 2199 Dominus
3500 2141 3554 2196 in
3586 2155 3747 2208 carae,
3773 2133 3858 2210 pri-

2293 2245 2458 2283 mum
2491 2229 2664 2301 ccepit
2700 2229 3017 2301 praedicare
3059 2230 3466 2303 paenitentiam
3496 2229 3747 2286 dicenszu
3773 2226 3860 2282 Ρω-

2282 2316 2600 2377 nitentiam
2625 2318 2798 2389 agite,
2819 2318 3324 2392 appropinquahit
3342 2319 3494 2376 enim
3514 2331 3728 2390 regnum
3741 2313 3863 2371 celo-

2291 2422 2421 2460 rum
2457 2405 2659 2479 (Matth.
2684 2408 2781 2479 ιν).
2801 2430 2829 2457 ››
2854 2409 2922 2463 Et
2959 2409 3346 2480 postmodum
3363 2403 3662 2466 .subintulit
3681 2422 3692 2461 :
3712 2429 3734 2455 «
3760 2404 3858 2460 0m-

2291 2494 2382 2549 nis
2414 2496 2586 2551 arbor
2613 2513 2742 2566 qua:
2774 2514 2888 2552 non
2924 2497 3062 2553 facit
3091 2499 3356 2554 fructum
3387 2498 3610 2566 bonum,
3634 2494 3860 2552 excidatur

2289 2591 2347 2640 et
2391 2585 2448 2639 in
2498 2585 2692 2656 ignem
2741 2585 3006 2642 mittetur
3033 2585 3239 2656 (Matth.
3273 2590 3393 2654 vn).
3418 2587 3576 2643 )iHac
3617 2581 3857 2646 sententia,

2289 2673 2386 2728 isti
2402 2674 2624 2745 judicis
2646 2673 3009 2731 advenientis
3029 2679 3262 2733 terreno
3273 2694 3403 2734 rum
3419 2675 3695 2732 hominum
3713 2671 3856 2734 corda.

2290 2762 2686 2835 relinquentes
2705 2764 2955 2835 pristina
2981 2764 3142 2832 vitia,
3166 2768 3471 2840 cmperunt
3488 2765 3557 2822 ab
3575 2761 3857 2837 baptismum

2290 2852 2450 2908 illius
2480 2853 2795 2922 conﬂuere,
2827 2853 2899 2908 de
2947 2854 3166 2926 quibus
3197 2854 3474 2928 discipuli
3519 2851 3730 2911 Joannis
3753 2848 3858 2904 invi-

2288 2941 2492 2996 dentes
2540 2939 2791 3008 Ghristo,
2826 2939 3098 2996 dixerunt
3144 2943 3436 3015 magistro
3483 2957 3582 2998 suo
3610 2957 3622 2996 :
3649 2960 3676 2990 (ι
3703 2933 3856 2998 Rabbl.

2287 3043 2420 3086 ecce
2449 3027 2647 3102 plures
2675 3029 2918 3085 veniunt
2956 3030 3028 3086 ad
3070 3030 3279 3087 Jesum
3314 3045 3486 3104 quem
3515 3034 3574 3086 tu
3600 3023 3858 3102 baptismi.

2287 3134 2464 3190 quam
2498 3119 2570 3173 ad
2601 3122 2656 3173 te
2677 3118 2852 3191 (Iona.
2877 3121 2984 3188 ιιι).
3012 3141 3039 3167 »
3061 3119 3132 3175 Et
3151 3120 3370 3192 spiritu
3391 3119 3656 3176 labiorum
3675 3125 3858 3171 suorum

600 3223 630 3254 α
662 3203 734 3260 Et
761 3205 1086 3278 requiescet
1114 3225 1292 3279 super
1319 3225 1477 3273 eum,
1507 3231 1534 3256 ››
1564 3207 1620 3262 id
1652 3212 1742 3263 est
1771 3226 1948 3281 super
1976 3209 2175 3267 Chris-
2208 3199 2251 3266 C
2285 3205 2594 3263 interficiet
2623 3205 2894 3280 impium.
2919 3230 2946 3258 »
2976 3208 3036 3264 1d
3068 3213 3159 3264 est
3185 3208 3627 3276 Antichristum,
3649 3204 3771 3262 sicut
3791 3200 3854 3256 di-

528 3295 656 3350 tum
683 3315 711 3344 «
732 3294 978 3367 spiritus
1004 3295 1297 3351 Domini.»
1321 3297 1439 3352 Hoc
1469 3295 1777 3368 impletum
1808 3303 1921 3366 est,"
1942 3300 2178 3371 quando

525 3381 857 3456 baptizatus
887 3387 977 3439 est
1005 3401 1040 3438 a
1065 3383 1288 3440 Joanne
1321 3383 1379 3439 in
1409 3385 1686 3441 Jordane.
1716 3386 2017 3458 Itequievit
2049 3389 2177 3460 Spi-

525 3469 679 3528 ritus
707 3475 949 3528 sanctus
973 3488 1152 3544 super
1179 3489 1316 3530 eum
1346 3473 1406 3528 in
1437 3473 1627 3545 specie
1659 3474 1959 3544 colombzn,
1984 3482 2044 3532 et
2071 3494 2178 3534 vox

526 3558 714 3616 Patris
753 3560 956 3616 audita
985 3565 1074 3616 est
1097 3562 1247 3633 (Luc.
1273 3565 1379 3631 in).
1400 3564 1672 3620 Attamen
1702 3581 1818 3621 non
1867 3570 1958 3622 est
2005 3565 2179 3622 intel-

523 3647 827 3721 ligendum
849 3649 1004 3720 quod
1028 3649 1101 3705 ab
1131 3649 1231 3706 illo
1254 3650 1623 3708 solummodo
1649 3657 1909 3726 tempore
1939 3656 2180 3727 coeperit

523 3734 791 3793 habitare
821 3736 1075 3810 Spiritus
1106 3744 1348 3795 sanctus
1379 3739 1438 3795 iu
1471 3739 1719 3797 Domino
1749 3741 1889 3797 Jesu
1921 3741 2174 3812 Christo,

521 3825 625 3898 qui
647 3826 973 3884 secundum
997 3827 1360 3885 divinitatem
1384 3834 1516 3886 ante
1538 3831 1735 3886 omnia
1758 3830 1971 3886 saecula
1991 3848 2179 3904 mqua-

521 3911 657 3970 liter
676 3925 811 3972 cum
843 3915 1011 3972 Patre
1042 3919 1303 3989 possedit
1335 3918 1530 3992 ipsum
1554 3919 1837 3992 Spiritum
1871 3927 2172 3991 sanctum;

521 4002 624 4058 Sed
647 4002 822 4058 sicuti
845 4020 914 4058 ex
931 4009 1191 4077 tempore
1209 4007 1606 4078 conceptionis
1624 4011 1951 4065 secundum
1973 4009 2178 4066 huma-

522 4089 792 4159 nitatem,
817 4093 982 4146 tanta
1005 4096 1094 4146 cst
1119 4094 1307 4165 gratia
1338 4095 1548 4150 collata
1577 4097 1628 4153 ei
1661 4098 1964 4154 Mediatori
1994 4099 2093 4154 Dei
2121 4103 2178 4155 et

521 4173 830 4236 hominum
863 4176 1084 4234 homini
1116 4179 1255 4236 Jcsu
1279 4180 1528 4250 Christo,
1555 4188 1618 4240 ut
1647 4202 1818 4242 verus
1840 4191 1993 4243 esset
2020 4188 2176 4244 Deus

520 4267 582 4322 et
611 4273 783 4322 verus
812 4263 988 4323 homo
1013 4283 1025 4322 :
1052 4266 1134 4323 ita
1172 4273 1230 4325 et
1273 4271 1600 4326 secundum
1634 4274 1787 4344 quod
1833 4273 2009 4331 homo
2042 4277 2172 4345 fuit,

519 4352 776 4426 Spiritus
801 4358 1044 4413 sanctus
1064 4371 1242 4428 super
1271 4355 1437 4412 illum
1461 4359 1766 4431 requievit,
1787 4363 2022 4433 quando
2046 4381 2175 4436 ope-

519 4440 743 4500 ratione
773 4442 1038 4516 ejusdem
1087 4443 1344 4518 Spiritus
1388 4448 1575 4502 sancti
1625 4448 1683 4503 in
1733 4453 1898 4506 utero
1929 4450 2173 4524 virginis

518 4537 753 4588 Carnem
786 4536 997 4589 nostris
1029 4533 1363 4608 fragilitatis
1395 4537 1720 4609 assumpsit
1747 4539 1898 4608 (Luc.
1926 4543 1989 4609 ι).

588 4621 720 4676 Hinc
750 4637 885 4677 vero
915 4627 1138 4695 septem
1181 4623 1334 4680 dona
1376 4624 1630 4697 Spiritus
1678 4628 1887 4697 sancti,
1913 4646 2042 4701 quae
2073 4629 2167 4686 hic

515 4715 1073 4778 commemorantur,
1106 4713 1164 4767 in
1214 4713 1443 4769 Christo
1496 4717 1892 4788 requiescunt,
1927 4719 2065 4791 quia
2107 4721 2164 4776 in

515 4797 644 4870 ipso
665 4797 893 4855 habitat
911 4802 1104 4857 omnis
1125 4802 1429 4874 plenitudo
1446 4805 1766 4862 divinitatis
1790 4809 2168 4881 corporaliter

512 4887 652 4956 (not.
676 4904 695 4943 ι
725 4890 784 4944 et
811 4888 895 4961 ιι).

587 4998 618 5028 ‹‹
647 4977 772 5033 Νοιι
804 4979 1130 5035 secundum
1158 4979 1443 5036 visionem
1475 4983 1778 5040 oculorum
1812 4985 2160 5056 judicabit.»

513 5065 575 5122 Id
608 5070 698 5122 est
725 5083 840 5123 non
872 5070 1134 5124 attendet
1166 5086 1476 5141 personam
1518 5073 1794 5141 hominis,
1827 5078 1968 5148 quia
1997 5078 2068 5134 de
2096 5096 2162 5134 eo

509 5153 796 5237 scriptum
827 5160 916 5214 est
941 5174 991 5213 :«
1016 5158 1140 5213 Non
1172 5164 1259 5215 est
1280 5178 1660 5232 personarum
1693 5171 1962 5236 acceptor
1982 5167 2156 5234 Deus,

508 5243 613 5299 sed
642 5242 703 5300 in
735 5245 895 5301 omni
926 5251 1098 5319 gente
1129 5249 1226 5320 qui
1273 5249 1441 5306 timet
1468 5268 1603 5307 eum
1642 5258 1913 5325 acceptus
1952 5261 2042 5310 est
2073 5256 2154 5310 illi

505 5330 645 5401 (Act.
677 5334 755 5404 κ).
786 5355 815 5384 ››

577 5441 612 5472 ·‹‹
631 5422 851 5495 Argnet
871 5423 932 5480 in
956 5425 1225 5498 aequitate
1248 5444 1350 5500 pro
1381 5429 1706 5488 mansuetis
1725 5436 1912 5487 terra).
1939 5455 1966 5481 »
1993 5435 2155 5489 Tunc

505 5507 829 5580 increpavit
856 5511 1142 5571 Dominus
1175 5516 1624 5588 reprehensores
1659 5519 1995 5588 humilium,
2019 5539 2152 5578 cum

502 5589 776 5668 discipuli
806 5600 936 5671 ejus
965 5602 1334 5661 ambulantes
1354 5623 1457 5677 per
1481 5611 1607 5664 sata
1627 5607 1908 5665 evellebat
1929 5610 2149 5682 Spicas,

2288 3294 2368 3351 cit
2395 3295 2666 3368 egregius
2687 3296 3032 3368 praedicator
3053 3313 3067 3352 :
3087 3319 3114 3346 α
3141 3299 3331 3364 Quem
3359 3298 3626 3356 Dominus
3641 3289 3856 3351 Jesusin-

2286 3384 2533 3440 terticiet
2588 3384 2799 3456 spiritu
2857 3386 2976 3442 oris
3033 3385 3126 3442 sui
3167 3385 3240 3457 (II
3274 3388 3456 3445 Thess.
3487 3379 3857 3458 11).»Etlioeta

2289 3471 2571 3529 Michaele
2590 3477 3013 3546 prosternatur,
3031 3475 3184 3531 sicut
3202 3477 3447 3548 quidam
3465 3475 3667 3544 dicunt,
3683 3466 3856 3529 Domini

2287 3565 2482 3617 tamen
2515 3567 2662 3618 nutu
2695 3561 2841 3618 illud
2874 3563 3320 3636 adimplebitur.

2359 3674 2386 3701 «
2411 3653 2481 3707 Et
2507 3651 2617 3708 erit
2638 3653 2874 3724 justitia
2892 3653 3194 3728 cingulum
3224 3655 3562 3713 lumborum
3581 3655 3740 3726 ejus.»
3757 3645 3858 3714 Οιιί⁵

2284 3739 2431 3795 vidit
2461 3757 2723 3813 unquam
2754 3741 3058 3815 cingulum
3084 3743 3156 3800 de
3177 3744 3443 3814 justitia,
3463 3750 3559 3802 aut
3583 3737 3856 3800 cinctorium

2287 3830 2358 3884 de
2388 3829 2539 3886 ﬁde?
2560 3831 2666 3886 Per
2681 3832 2977 3903 justitiam
2999 3837 3056 3888 et
3076 3833 3272 3902 ﬁdem,
3303 3835 3578 3892 debemus
3605 3827 3858 3897 intelligere

2285 3922 2542 3988 sanctos,
2565 3919 2664 3991 qui
2695 3937 2798 3992 per
2825 3922 2999 3978 fidem
3031 3927 3088 3977 et
3108 3922 3408 3994 justitiam
3439 3919 3706 3997 operando
3730 3915 3855 3973 bona.

2287 4007 2531 4063 Domino
2555 4007 2846 4064 cohaerent
2865 4010 3019 4066 sicut
3035 4011 3404 4070 vestimenta.
3420 4012 3575 4070 Unde
3592 4027 3654 4067 ex
3671 4014 3857 4081 perﬁci!n

2287 4095 2472 4154 Patris
2503 4096 2764 4169 loquitur
2812 4099 2992 4156 Isaias
3043 4099 3156 4156 alio
3186 4099 3408 4158 in'laco
3454 4103 3524 4158 de
3571 4090 3856 4156 Fi-iiozifivo

2283 4201 2412 4258 ego,
2434 4186 2573 4258 quia
2603 4185 2695 4242 his
2726 4188 3004 4246 omnibus
3032 4188 3194 4246 velut
3220 4192 3567 4248 vestimento
3591 4180 3822 4244 vestieris.

2355 4297 2382 4325 ‹‹
2419 4275 2713 4331 liabitabit
2755 4275 2931 4349 lupus
2962 4293 3097 4334 cum
3128 4295 3300 4352 agno.
3329 4303 3360 4333 υ
3389 4281 3517 4337 Haec
3553 4278 3706 4350 juxta
3729 4271 3858 4328 hiatu

2284 4363 2431 4419 riam
2474 4368 2674 4422 carent
2720 4382 2920 4423 sensu.
2950 4367 3272 4442 Allegorice
3321 4373 3539 4437 autem,
3570 4383 3663 4440 per
3700 4363 3858 4433 luimm

2281 4469 2599 4526 possumus
2621 4454 2944 4530 intelligere
2962 4473 3179 4514 sazvum
3200 4463 3257 4515 et
3277 4458 3570 4516 infidelem
3593 4452 3856 4512 hominem;

2199 4563 2248 4631 Β
2281 4557 2469 4614 agnus
2495 4560 2629 4600 vero
2659 4543 2891 4612 humili,
2913 4549 2971 4602 et
2989 4551 3318 4616 mansueto,
3344 4547 3611 4620 ﬁdelique
3633 4534 3860 4601 assimila-

2277 4635 2394 4686 tur.
2423 4633 2622 4705 Lupus
2652 4650 2788 4707 ergo
2811 4651 2946 4689 cum
2969 4651 3118 4708 agno
3147 4636 3432 4693 habitavit
3451 4639 3580 4710 post
3604 4631 3858 4690 adventum

2276 4720 2529 4790 Domini,
2560 4722 2775 4779 Paulus
2822 4723 3079 4780 crudelis
3137 4709 3477 4797 persecutor
3519 4739 3645 4780 cum
3684 4709 3862 4776 Anania

2275 4815 2604 4880 mansueto,
2622 4810 2709 4867 vel
2731 4829 2866 4867 cum
2895 4813 3081 4870 Petro.
3107 4813 3200 4869 Sic
3221 4818 3279 4869 et
3303 4815 3375 4870 de
3405 4813 3603 4870 multis
3633 4803 3863 4898 accipien:

2273 4898 2437 4966 dum,
2461 4900 2560 4971 qui
2591 4901 2662 4955 de
2693 4900 2909 4957 duritia
2937 4901 3365 4960 incredulitatis
3387 4903 3461 4960 ad
3486 4903 3651 4958 ﬁdem
3675 4890 3860 4953 Domini

2272 4993 2574 5043 venerunt.
2599 4989 2820 5046 Pardus
2852 4991 3147 5063 significat
3165 4991 3463 5048 hominem
3497 4981 3862 5059 multiplicibus

2272 5076 2620 5133 criminibus
2649 5083 2705 5133 et
2733 5080 3029 5136 erroribus
3070 5081 3454 5150 maculatum,
3478 5076 3772 5136 honoribus
3795 5072 3859 5123 ια’

2269 5182 2402 5220 men
2435 5166 2608 5224 istius
2639 5169 2835 5224 saeculi
2869 5169 3206 5241 pollentem.

2339 5255 2551 5312 Haedus
2574 5262 2950 5329 comparatur
2967 5257 3175 5314 humili
3196 5259 3504 5332 peccatori.
3523 5277 3550 5309 κ
3570 5253 3768 5312 Pardus
3789 5260 3855 5300 er-

2265 5361 2339 5417 go
2361 5362 2495 5400 cum
2522 5345 2686 5402 haado
2715 5347 3020 5420 habitavit,
3047 5371 3076 5398 ››
3100 5349 3158 5404 id
3189 5354 3298 5418 est,
3321 5349 3609 5422 superbus
3637 5340 3859 5416 peccator

2265 5451 2401 5491 cum
2454 5435 2664 5490 humili
2715 5442 3016 5508 peccatore
3072 5437 3224 5495 infra
3279 5443 3543 5495 sanctam
3589 5425 3857 5520 Ecclesia?!

2264 5524 2546 5591 manebit,
2571 5542 2686 5580 non
2723 5526 3052 5598 despiciens
3082 5525 3273 5596 illum,
3294 5527 3427 5583 licet
3455 5519 3689 5580 terrenis
3716 5516 3861 5572 lucris

2261 5612 2512 5685 polleat:
2538 5614 2678 5685 quia
2696 5615 3185 5675 verecundabitur
3217 5618 3288 5673 de
3321 5615 3442 5673 suis
3463 5611 3648 5671 malis.
3681 5601 3858 5663 Hadus
