4048 6190
210 346 342 404 ’781

1341 346 1752 408 COMMENT.
1799 345 1876 405 IN
1922 345 2212 408 ISAIAM.
2266 349 2410 409 LIB.
2461 350 2536 410 ll.

3518 365 3635 425 782

219 483 425 535 autem
443 494 562 534 non
581 478 708 534 ideo
727 482 1100 550 comparatur
1128 479 1518 536 mansuetudo
1549 478 1702 551 quod
1727 478 1784 533 in
1803 477 1875 534 si-
1899 483 1956 552 Α
1987 483 2182 536 autem
2199 479 2342 536 dicit
2359 481 2640 554 reliquias
2662 485 2914 543 duarum
2935 488 3373 564 tribuum,quas
3392 492 3638 565 relique-

211 569 429 624 nistris
459 567 568 623 sit:
588 567 690 622 sed
713 566 850 638 quia
873 567 1190 623 mortificat
1218 568 1601 639 semetipsum
1632 566 1880 621 Domino

210 658 365 730 (σοι.
397 657 622 726 m).Per
650 655 903 710 vitulum
936 660 994 711 et
1023 673 1208 724 ovem,
1243 656 1514 713 similiter
1543 654 1799 711 humiles
1823 654 1881 710 et

211 749 586 812 innocentes,
618 745 719 817 qui
752 761 814 801 se
846 745 1205 803 mortificant
1233 762 1367 802 cum
1400 745 1558 802 vitiis
1587 749 1644 800 et
1671 761 1880 800 concu-

206 836 540 912 piscentiis.
575 836 682 892 Per
717 833 946 891 leonem
995 840 1194 892 autem
1247 835 1501 908 aliquem
1552 834 1874 906 principem

213 929 392 984 istius
415 925 612 983 saeculi
647 941 966 998 possumus
999 925 1464 997 intelligere,qui
1496 925 1710 995 pariter
1741 939 1873 976 cum

208 1015 629 1072 innocentibus
659 1013 719 1069 in
749 1011 1012 1070 Ecclesia
1040 1019 1323 1076 moratur.
1358 1013 1641 1070 Similiter
1671 1031 1772 1084 per
1791 1012 1873 1067 vi-

207 1107 406 1170 tulum
439 1109 496 1161 et
527 1120 729 1160 ursum
760 1102 1212 1174 intelligendum
1245 1107 1354 1160 cst.

287 1220 316 1247 κ
354 1197 468 1252 Leo
499 1192 670 1266 quasi
699 1193 808 1247 bos
839 1193 1106 1248 comedet
1149 1192 1367 1266 paleas.
1409 1215 1429 1243 ιι
1467 1192 1573 1247 Per
1621 1190 1870 1256 leonem,

213 1286 467 1353 rex,sive
493 1281 802 1355 aliquis(ut
825 1281 1050 1338 dictum
1085 1283 1475 1355 est)princeps
1499 1279 1867 1352 intelligitur;

216 1394 323 1450 per
352 1377 557 1433 bovem
590 1375 809 1440 autem,
840 1370 1085 1442 quilibet
1113 1371 1502 1444 simplex.Leo
1531 1386 1668 1441 ergo
1699 1367 1867 1440 quasi

212 1469 323 1521 bos
345 1461 599 1520 comedit
615 1459 1163 1535 paleas,simplicem
1181 1459 1446 1517 videlicet
1463 1458 1827 1514 intellectum
1847 1473 1860 1510 :

209 1557 361 1629 quia
381 1552 678 1628 principes
705 1548 877 1606 istius
925 1549 1124 1605 seculi
1168 1548 1402 1604 litterali
1453 1546 1762 1620 superficie
1809 1548 1868 1600 et

209 1644 466 1702 historia
495 1638 753 1697 contenti
787 1643 950 1710 sunt,
981 1638 1134 1694 sicut
1181 1643 1240 1694 et
1287 1636 1585 1709 simplices
1624 1635 1860 1708 quique.

289 1753 320 1787 ι
348 1733 422 1788 Et
448 1727 836 1786 delectabitur
882 1727 1100 1783 infans.
1145 1751 1168 1780 ι
1209 1727 1496 1782 Infantem
1529 1725 1623 1780 hic
1654 1727 1864 1796 possa-

1991 573 2124 624 rant
2150 569 2233 624 illi
2270 569 2466 642 pepuli
2499 572 2598 642 qui
2629 580 3070 645 enumerantur,
3093 583 3153 634 et
3182 597 3297 636 non
3329 581 3636 639 interfece—
3753 647 3762 656 ,

1987 662 2167 713 rant:
2201 659 2304 714 sed
2335 676 2438 730 per
2483 677 2687 718 omnes
2729 663 2933 738 plagas
2982 667 3189 723 mundi
3234 668 3368 726 illos
3405 670 3636 728 exsules

1987 745 2260 803 fecerant.
2295 747 2396 803 Vel
2429 749 2604 806 etiam
2636 753 2890 810 secundo
2922 755 3158 826 adjiciat
3188 773 3430 815 manum
3462 775 3632 818 suam

1987 833 2046 888 in
2074 835 2168 890 die
2189 836 2396 907 judicii
2434 855 2447 893 :
2482 841 2742 910 quando,
2771 843 3121 914 praedicante
3150 845 3276 903 Elia
3317 850 3375 904 et
3412 849 3632 919 anch,

1985 925 2178 980 omnis
2211 926 2386 981 Israel
2417 928 2514 997 qui
2547 929 2820 988 inventus
2853 933 3026 988 fuerit
3055 935 3394 992 salvabitur.

2055 1037 2082 1062 «ι
2120 1015 2189 1068 Et
2217 1014 2431 1069 levabit
2459 1016 2695 1088 signum
2746 1042 2772 1068 ››
2823 1020 3094 1090 victoriae,
3127 1023 3238 1079 hoc
3273 1029 3364 1081 est
3390 1025 3626 1097 signum

1982 1101 2272 1158 crucis«in
2291 1104 2585 1160 nationes:
2596 1123 2698 1178 per
2718 1108 3187 1180 praedicationem
3204 1113 3624 1185 apostolorum,

1983 1196 2050 1246 ut
2072 1192 2262 1248 sciant
2288 1210 2492 1250 omnes
2521 1201 2726 1266 gentes
2752 1215 2855 1269 per
2874 1200 3028 1270 quod
3052 1205 3198 1257 sunt
3214 1203 3502 1274 redempti
3523 1205 3624 1262 dc-

1978 1280 2129 1337 victo
2155 1282 2410 1340 diabolo.
2449 1305 2477 1337 ι
2505 1285 2575 1340 Et
2603 1287 2978 1358 congregabit
3022 1290 3300 1363 profugos
3346 1292 3548 1361 Israel,
3595 1316 3623 1343 ››

1979 1369 2036 1425 id
2068 1374 2158 1426 est
2188 1370 2320 1425 illos
2350 1373 2451 1444 qui
2480 1389 2549 1428 ex
2581 1374 2836 1431 tribulus
2851 1376 3102 1448 dispersi
3125 1384 3265 1434 sunt
3280 1381 3627 1451 perdiversa

1977 1473 2176 1530 regna.
2209 1483 2238 1509 ‹‹
2273 1461 2342 1514 Et
2373 1461 2670 1533 dispersos
2717 1464 2873 1519 Juda
2920 1465 3173 1538 colliget,
3211 1490 3233 1518 ιο
3269 1469 3379 1525 hoc
3418 1475 3510 1526 est
3557 1485 3626 1527 ex

1974 1548 2133 1603 tribu
2163 1549 2318 1605 Juda
2345 1554 2404 1604 et
2434 1551 2885 1622 BenjaminJioc
2905 1555 2978 1609 ad
3001 1554 3144 1612 illud
3168 1558 3629 1631 pertinetque!!-

1973 1637 2046 1692 do
2076 1637 2344 1709 apostoli,
2377 1639 2470 1694 die
2502 1640 2872 1697 Pentecostes
2919 1643 3142 1717 linguis
3171 1645 3360 1718 igneis
3389 1647 3622 1706 inﬂam-

1975 1725 2137 1793 mati,
2171 1731 2473 1799 cceperunt
2500 1728 2676 1785 variis
2706 1729 2954 1803 loquelis
2978 1731 3140 1805 loqui
3179 1737 3316 1804 (Act.
3359 1737 3444 1806 ιι).
3478 1738 3620 1794 Τηρ-

209 1838 360 1880 mus
383 1817 711 1892 intelligere
733 1817 1058 1923 ‘D‘ominum
1078 1815 1281 1923 Jesum
1301 1815 1865 1923 Christu‘m,prop‘ter
1889 1857 1938 1923 Β
1971 1815 2120 1869 dunt
2148 1814 2304 1871 enim
2335 1815 2613 1883 historiae,
2648 1817 2787 1890 quia
2813 1837 2882 1874 ex
2912 1821 3188 1877 omnibus
3210 1823 3363 1893 locis
3391 1825 3492 1880 ubi
3513 1826 3618 1882 Ja-

200 1908 606 1968 innocentiam
627 1924 641 1975 ;
663 1905 752 1962 vel
773 1905 1140 1973 Petrum,aut
1158 1903 1305 1960 alios
1324 1902 1727 1976 apostolos,,et
1739 1900 1856 1956 ela-

195 2001 478 2058 ‘rissimoe
505 1996 770 2053 sanctos:
785 1993 886 2068 qui
907 1993 1132 2050 malitia
1152 1992 1377 2067 parvuli
1408 1994 1666 2060 fuerunt,
1680 2007 1857 2047 sensu

202 2093 407 2146 autem
436 2085 676 2160 perfecti
707 2085 754 2156 (ι
776 2083 900 2141 Cor.
930 2087 1084 2153 xiv);
1117 2083 1335 2156 quibus
1364 2082 1526 2137 dedit
1571 2081 1859 2136 Dominus

205 2180 559 2252 potestatem
587 2173 798 2246 ejicere
823 2174 1122 2230 daemones
1136 2172 1209 2228 de
1219 2170 1478 2227 obsessis
1493 2169 1855 2242 corporibus.

201 2267 417 2337 (Matth.
449 2283 516 2335 x;
549 2263 712 2320 Herc.
743 2280 831 2332 v1;
875 2262 1002 2318 Luc.
1035 2279 1092 2317 rx
1141 2265 1201 2318 et
1247 2264 1324 2330 x).
1356 2259 1528 2333 Aspis
1557 2257 1857 2315 diabolum

206 2355 526 2428 significat,
559 2353 662 2425 qui
694 2352 756 2408 in
783 2350 1046 2408 cavernis
1073 2354 1133 2406 et
1161 2349 1569 2417 foraminibus,
1595 2349 1651 2402 id
1677 2351 1768 2402 est
1798 2346 1857 2401 in

204 2444 494 2500 cordibus
509 2439 1260 2515 perversurumahominum
1275 2439 1520 2496 habitat.
1533 2438 1646 2494 nAb
1659 2437 1857 2502 ubere,

207 2539 410 2590 autem
431 2531 576 2588 dicit
605 2533 962 2603 separatum,
994 2528 1053 2584 id
1083 2533 1174 2585 est
1199 2545 1234 2584 a
1261 2526 1595 2584 carnalibus
1626 2525 1860 2582 deside-

204 2623 314 2679 riis
345 2619 796 2678 retractum.uEt
811 2617 914 2691 qui
945 2616 1121 2674 fuerit
1149 2616 1496 2684 ablactatus,
1530 2617 1723 2671 mittet
1744 2631 1862 2671 ma-

203 2728 356 2768 num
377 2725 548 2767 suam
564 2707 628 2765 in
643 2721 952 2765 cavernam
965 2705 1172 2780 reguli.
1182 2729 1204 2759 ι
1215 2705 1475 2778 Regulus
1486 2710 1576 2761 est
1595 2719 1856 2777 serpens,

199 2818 304 2858 rex
334 2798 611 2856 omnium
642 2795 1134 2870 serpentium,qui
1166 2813 1276 2851 suo
1309 2796 1450 2851 ﬂatu
1471 2794 1557 2851 vel
1588 2794 1718 2850 visu
1741 2809 1858 2848 non

193 2890 397 2947 solum
446 2887 686 2954 bestias,
717 2886 819 2942 sed
864 2885 1043 2941 etiam
1091 2901 1226 2941 aves
1284 2899 1389 2957 per
1429 2900 1564 2940 aera
1598 2882 1857 2938 volantes

195 2984 394 3048 necat,
422 2981 482 3034 et
508 2975 811 3050 significat
850 2973 1540 3041 diabolum.Ablactatus,
1571 2972 1788 3028 dicitur
1823 2988 1858 3027 a

197 3069 354 3124 lacte
383 3070 713 3140 separatus.
747 3063 948 3121 Sancti
999 3079 1136 3136 ergo
1167 3063 1268 3134 qui
1300 3063 1372 3118 ab
1401 3062 1597 3129 ubere,
1630 3061 1739 3116 hoc
1769 3063 1860 3116 est

199 3176 240 3214 a
268 3155 607 3213 carnalibus
637 3153 946 3211 desideriis
977 3152 1255 3209 abstracti
1303 3155 1464 3219 sunt,
1485 3155 1543 3206 et
1574 3150 1674 3222 qui
1705 3149 1860 3206 abla-

195 3246 343 3303 ctati
373 3245 597 3310 sunt,id
625 3248 718 3300 est
745 3260 781 3299 a
809 3242 959 3298 lacte
987 3241 1264 3315 separati,
1282 3240 1424 3312 quia
1442 3241 1569 3312 jam
1596 3239 1852 3296 solidum
1881 3225 1926 3292 α

195 3335 406 3392 cibum
436 3333 767 3407 percipiunt
792 3331 1068 3404 (πιθα),
1095 3328 1154 3386 id
1185 3333 1275 3386 est
1299 3331 1422 3401 jam
1454 3329 1693 3402 perfecti
1713 3333 1854 3385 sunt

197 3426 264 3480 in
296 3425 416 3480 fide
444 3423 517 3479 de
545 3421 882 3496 operatione
910 3437 927 3477 :
958 3419 1044 3476 illi
1070 3419 1435 3476 delectantur
1469 3419 1698 3474 mittere
1729 3435 1852 3474 ma-

199 3530 352 3570 num
377 3511 692 3582 suam,hoc
710 3513 801 3569 est
829 3510 1223 3583 Operationem
1254 3525 1374 3566 suae
1403 3506 1853 3581 praedicationis,

199 3604 266 3659 in
300 3599 590 3659 foramina
617 3599 843 3674 aspidis
871 3603 932 3656 et
957 3598 1018 3654 in
1048 3613 1294 3655 caverna
1323 3597 1532 3671 reguli,
1567 3597 1625 3651 id
1655 3600 1746 3652 est
1793 3596 1854 3650 in

193 3690 486 3747 cordibus
511 3687 892 3762 perﬁdorum,
923 3691 983 3744 et
1005 3687 1307 3744 extrahere
1335 3685 1471 3743 inde
1501 3689 1853 3759 serpentem,

195 3780 308 3853 qui
341 3783 588 3837 vocatur
615 3777 907 3835 diabolus.

274 3894 301 3920 «
337 3869 469 3926 Non
499 3865 954 3940 nocebuntnipsi
985 3869 1320 3938 serpentesu
1344 3866 1404 3921 in
1436 3868 1634 3921 monte
1657 3866 1857 3920 sancto

204 3975 362 4028 meo,
398 3980 428 4007 »ι
460 3955 520 4012 id
552 3955 729 4013 estin
759 3953 1020 4014 Ecclesia
1048 3971 1199 4010 mea.
1231 3953 1352 4009 Vox
1381 3954 1610 4009 Domini
1640 3959 1731 4010 est
1752 3970 1766 4008 :
1789 3955 1860 4009 Et

199 4063 386 4121 quare
415 4061 533 4103 non
565 4044 894 4103 nocebunt?
926 4044 1218 4118 Propheta
1248 4043 1584 4099 manifestat
1615 4061 1628 4098 :
1659 4066 1687 4094 «
1721 4042 1861 4114 quia

198 4137 428 4209 repleta
454 4140 544 4192 est
570 4139 725 4191 terra
753 4133 1024 4190 doctrina
1042 4131 1500 4206 nevangelicaJn
1535 4131 1681 4186 fines
1702 4130 1860 4187 enim

199 4225 368 4282 orbis
398 4229 593 4293 terrae,
625 4239 808 4280 sonus
835 4220 1266 4295 praedicationis
1298 4219 1474 4276 exivit
1501 4221 1858 4294 (Psalamu).

203 4315 277 4370 Et
305 4312 609 4386 quomodo
639 4310 860 4384 repleta
888 4309 1016 4366 est?
1050 4331 1072 4360 ι
1103 4307 1270 4366 Sicut
1299 4325 1464 4380 aqua:
1515 4307 1696 4363 maris
1726 4325 1864 4380 ope-

202 4384 722 4459 rientes»i'undum
751 4397 1066 4470 sui.Aliqui
1091 4396 1330 4454 codices
1361 4397 1582 4453 habent
1610 4397 1867 4470 aperien-

207 4491 454 4550 teszsed
489 4490 635 4548 falso
666 4488 955 4562 scriptum
985 4486 1403 4559 est.Discrepat
1430 4485 1586 4542 enim
1609 4503 1643 4542 a
1665 4504 1862 4543 sensu.

1967 1903 2074 1958 diei
2109 1909 2279 1960 antea
2307 1905 2556 1978 dispersi
2587 1906 2838 1974 fuerant,
2871 1908 2931 1964 in
2959 1907 3062 1966 illa
3091 1911 3404 1968 festivitate
3433 1911 3616 1986 aliqui

1967 1991 2203 2049 illorum
2235 1994 2527 2050 redissent
2557 1996 2630 2051 ad
2663 1997 2966 2068 proprium
2998 1997 3190 2054 solum
3215 2016 3230 2055 :
3253 2001 3408 2058 sicut
3429 2002 3616 2060 Lucas

1967 2081 2025 2136 in
2057 2083 2298 2139 Actibus
2328 2083 2730 2155 apostolorum
2762 2085 2905 2141 dicit
2938 2103 2951 2142 :
2989 2087 3166 2146 Erant
3185 2093 3382 2146 autem
3403 2089 3465 2146 in
3491 2091 3617 2149 Ηίθ-

1965 2171 2222 2227 rusalem
2253 2172 2590 2228 habitantes
2619 2174 2806 2230 Judaei
2827 2174 2936 2230 viri
2957 2175 3310 2249 religiosi,“
3336 2179 3506 2236 omni
3518 2193 3616 2239 na-

1966 2259 2124 2316 tione
2149 2278 2276 2332 quae
2307 2261 2417 2316 sub
2449 2261 2591 2316 οωιο
2623 2267 2732 2317 est.
2755 2263 2838 2318 Ex
2858 2263 3076 2335 quibus
3104 2264 3480 2324 crediderunt
3498 2283 3618 2326 una

1965 2349 2060 2404 die
2092 2350 2180 2422 (ut
2209 2351 2434 2406 dictum
2474 2356 2566 2407 est
2606 2352 2733 2423 jam
2783 2353 3099 2424 superius),
3133 2354 3483 2425 praedicante
3514 2357 3615 2414 Pe-

1967 2442 2076 2506 tro,
2098 2439 2209 2494 tria
2240 2438 2446 2507 millia,
2479 2439 2664 2495 altera
2693 2440 2787 2495 die
2817 2439 3077 2514 quinque
3107 2441 3295 2499 millia
3322 2443 3613 2517 (Act.u,4).

1965 2532 2024 2584 et
2049 2528 2326 2600 deinceps
2359 2527 2546 2583 multa
2577 2527 2781 2583 millia.

2040 2619 2142 2673 «Et
2170 2617 2466 2672 auferetur
2492 2616 2652 2672 zelus
2675 2618 2974 2688 Ephraim,
3000 2623 3058 2673 et
3084 2602 3471 2679 hostcs'Juida
3491 2641 3616 2696 per-

1965 2705 2154 2760 ibunt.
2195 2728 2217 2754 ι
2253 2705 2496 2770 Quando
2527 2705 2716 2760 Isaias
2739 2705 2848 2760 hoc
2879 2707 3256 2776 przedicabat,
3305 2711 3612 2768 contrariae

1964 2793 2118 2850 inter
2147 2811 2210 2849 se
2240 2794 2441 2849 decem
2463 2792 2653 2849 tribus
2672 2793 2703 2848 J
2712 2793 2828 2848 uda
2845 2810 2911 2848 ac
2931 2795 3235 2865 Beniamin
3257 2799 3617 2857 erant.Tem-

1966 2884 2208 2956 poribus
2228 2887 2425 2938 autem
2442 2881 2956 2954 apostolorum,illi
2976 2881 3077 2954 qui
3106 2883 3474 2942 crediderant
3491 2890 3614 2944 tam

1964 2991 2035 3030 ex
2057 2973 2212 3029 Juda
2240 2988 2418 3043 quam
2449 2988 2519 3028 ex
2550 2971 2878 3042 Benjamin,
2912 2988 3028 3027 non
3071 2973 3412 3045 pugnabant
3462 2975 3616 3033 inte

1965 3079 2027 3118 se
2057 3061 2228 3118 sicuti
2257 3061 2441 3134 prius,
2475 3060 2569 3116 his
2599 3060 2697 3132 qui
2729 3059 3031 3132 conjuncti
3069 3067 3237 3120 erant
3280 3062 3342 3118 in
3390 3064 3614 3124 unitate

1967 3150 2100 3207 fidei
2130 3156 2189 3207 et
2217 3150 2566 3206 dilectionis.
3578 3199 3584 3208 ,

2039 3264 2067 3290 η
2101 3242 2172 3296 Et
2197 3239 2478 3295 volabunt
2505 3239 2566 3294 in
2595 3238 2876 3296 humeros
2896 3239 3210 3296 Pbilistiim
3241 3258 3554 3314 per-mare.
3585 3266 3615 3294 »

1961 3330 2070 3399 Qui
2101 3333 2277 3386 erunt
2322 3328 2420 3383 isti
2469 3327 2568 3399 qui
2621 3327 2944 3385 volabunt?
2973 3329 3260 3402 Apostoli,
3293 3332 3364 3388 de
3392 3332 3612 3404 quibus

1963 3419 2101 3476 alibi
2131 3419 2417 3491 scriptum
2448 3420 2574 3474 est:
2608 3417 2718 3484 Qui
2765 3421 2906 3475 sunt
2945 3418 3041 3475 isti
3072 3420 3173 3492 qui
3207 3424 3273 3477 ut
3301 3421 3489 3484 nubes
3515 3433 3616 3480 mv-

1963 3508 2124 3565 lant?
2152 3508 2360 3563 Volare
2392 3511 2589 3562 autem
2621 3507 2919 3576 dicuntur,
2944 3513 3181 3582 propter
3207 3510 3454 3568 celerem
3483 3528 3618 3568 cun-

1965 3613 2127 3655 sum:
2145 3597 2286 3670 quia
2299 3595 2550 3670 apostoli
2572 3611 2676 3668 per
2696 3613 2858 3652 mare
2879 3613 3160 3670 magnum
3179 3597 3413 3670 navigio
3431 3603 3619 3660 transs-

1967 3689 2162 3744 ierunt
2191 3687 2262 3742 ad
2291 3685 2516 3741 insulas
2529 3684 3386 3744 Philistinorum:sicutbcatus
3400 3687 3617 3744 Paulus

1965 3773 2398 3850 apostolus,qui
2421 3773 2691 3829 Rhodum
2714 3773 2971 3829 insulam
2993 3779 3050 3829 et
3073 3774 3462 3846 Pamphiliam
3486 3793 3614 3832 ver-

1967 3868 2110 3923 bum
2139 3865 2269 3921 vitze
2293 3861 3145 3934 docuit(Act.xxvu).Propterea
3175 3865 3374 3918 autem
3408 3863 3615 3920 dicun-

1967 3961 2064 4012 tur
2091 3954 2283 4011 volare
2314 3968 2491 4024 super
2519 3950 2796 4008 humeros
2828 3949 3442 4023 Philistinorum,quia
3460 3952 3618 4009 sicut

1969 4045 2090 4101 avis
2120 4043 2308 4100 evolat
2335 4059 2516 4114 supra
2545 4056 2776 4096 ramum
2807 4041 3022 4108 subito,
3047 4041 3129 4096 ita
3157 4040 3617 4114 apo’stoli,inspi-

1969 4139 2133 4190 rante
2162 4131 2409 4187 Domino
2438 4131 2710 4187 adierunt
2756 4130 2911 4198 illos,
2940 4133 2998 4186 et
3050 4128 3328 4186 similiter
3375 4131 3622 4203 praedati

1970 4227 2112 4280 sunt
2140 4221 2292 4278 ﬁlios
2321 4220 2574 4277 Orientis
2605 4237 2715 4276 sua
2745 4219 3174 4293 pradicatione.
3205 4242 3236 4272 ε(
3267 4220 3526 4277 Idumam
3564 4225 3628 4277 et

1974 4313 2143 4370 Moab
2194 4313 2549 4383 praeceptum
2600 4325 2812 4364 manus
2857 4324 3082 4376 eorum,
3129 4329 3160 4364 ι
3193 4308 3484 4366 subaudis
3526 4323 3619 4367 sa-

1973 4404 2248 4473 quentur.
2284 4396 2523 4454 Idumaei
2554 4399 2612 4452 et
2640 4412 2894 4468 namque
2939 4400 2998 4452 et
3040 4396 3304 4453 Moabitae
3336 4400 3627 4470 precepto

1977 4485 2308 4559 evangelico
2340 4500 2402 4541 se
2434 4488 2890 4556 supposuerunt,
2904 4484 3204 4540 credentes
3234 4483 3294 4538 in
3326 4483 3626 4542 Christum

209 4581 386 4637 Sicut
413 4594 555 4652 ergo
581 4595 748 4652 aqua:
775 4577 1106 4650 aperientes
1136 4576 1492 4648 profundum
1525 4575 1704 4632 maris
1739 4594 1751 4632 :
1784 4576 1868 4633 sic
1901 4600 1948 4664 υ
1979 4577 2191 4634 Filium
2212 4574 2368 4631 Dei.a
2404 4575 2474 4630 Et
2505 4572 2612 4664 ﬁlii
2630 4574 2880 4664 Ammon
2913 4587 2964 4626 ε»
2998 4570 3268 4628 similiter
3292 4593 3316 4625 ι
3349 4571 3624 4630 obedien-

209 4667 418 4724 omnis
445 4671 606 4724 terra
631 4666 878 4723 scientia
905 4665 1008 4722 Dei
1026 4665 1199 4738 plena
1228 4668 1336 4720 est.

285 4757 401 4813 «Et
430 4756 545 4812 erit
573 4756 632 4811 in
662 4755 754 4812 die
785 4755 890 4811 illa
918 4771 935 4810 :
966 4753 1217 4827 Adjiciet
1246 4754 1531 4810 Dominus
1555 4757 1867 4810 secundo.-

212 4847 340 4902 Vox
371 4845 670 4919 propheta
697 4845 774 4900 de
797 4843 1022 4901 Iudaeis
1049 4843 1152 4916 qui
1182 4844 1242 4898 in
1275 4843 1589 4898 Dominum
1621 4845 1876 4900 credide-

213 4935 528 4992 runt.Dies
559 4934 936 5006 accipiendas
967 4937 1058 4988 est
1088 4949 1192 5004 pro
1223 4933 1572 5004 tempore.ln
1597 4950 1716 5006 quo
1734 4939 1876 4989 tem-

215 5041 364 5099 pore
391 5023 508 5080 erit
535 5023 731 5079 istud?
761 5023 996 5095 quando
1019 5044 1047 5074 (ι
1071 5021 1407 5094 sepulcrum
1440 5022 1671 5078 Domini
1704 5022 1878 5080 fuerit

214 5115 552 5188 gloriosum
586 5128 599 5168 :
630 5112 770 5169 nhoc
797 5117 886 5168 est
913 5113 1048 5184 post
1075 5111 1560 5168 resurrectionem
1592 5113 1881 5170 ascensio-

216 5218 484 5275 namque
505 5202 653 5273 ejus.
668 5203 856 5268 Quare
888 5200 1031 5257 dicit
1059 5199 1356 5257 secundo?
1386 5201 1523 5272 quia
1571 5202 1695 5273 ipse
1747 5207 1879 5258 ante

217 5292 566 5365 passionem
598 5306 767 5346 suam
796 5289 1057 5362 primum
1090 5289 1446 5362 praedicavit,
1480 5290 1680 5347 dicens
1708 5292 1884 5347 :«Paa-

219 5379 542 5437 nitentiam
590 5378 744 5451 agite
773 5377 974 5448 (Matth.
1009 5381 1106 5447 ιν).
1143 5401 1170 5428 ››
1217 5379 1352 5434 Post
1398 5381 1882 5436 resurrectionem

218 5485 397 5525 suam
424 5470 486 5524 et
515 5466 1207 5534 ascensionem,secundo
1235 5467 1482 5537 adjecit:
1514 5469 1881 5538 manum,»id

218 5563 310 5615 est
324 5555 806 5630 praedicationem
818 5571 922 5629 per
944 5555 1480 5627 apostolos,docens
1503 5555 1633 5611 illos
1659 5557 1883 5614 fructus

221 5647 448 5724 dignos
485 5643 842 5721 pauitantia:
887 5645 1074 5703 facere
1103 5646 1257 5715 (Lac.
1289 5643 1397 5716 ni).
1431 5668 1460 5695 ‹‹
1495 5645 1819 5703 Residuum
1851 5670 1881 5698 ››

1982 4672 2072 4724 tes
2107 4689 2133 4715 »
2167 4666 2403 4720 luerunt
2432 4661 2708 4718 doctrina:
2740 4659 2996 4716 illorum.

2055 4779 2082 4806 ‹‹
2116 4756 2184 4810 Et
2213 4751 2500 4808 desolabit
2528 4749 2812 4804 Dominus
2844 4747 3110 4822 linguam
3129 4748 3313 4806 maris
3343 4751 3631 4825 {Egypthn

1983 4841 2487 4910 Quemadmodum
2514 4837 2753 4894 Idumaei
2782 4843 2842 4894 et
2868 4838 3158 4909 Mos-bitas,
3192 4844 3251 4896 et
3284 4841 3632 4898 Ammonitm

1984 4930 2320 4988 obedientes
2364 4929 2715 4984 exstiterunt
2764 4928 3070 5002 przeceptis
3125 4929 3476 5003 evangelicis
3529 4945 3632 5001 per

1985 5018 2454 5094 przsdicationem
2488 5016 2886 5090 apostolorum
2922 5034 2935 5074 :
2969 5017 3052 5072 sic
3082 5018 3208 5091 ipse
3237 5017 3521 5074 Dominus
3541 5017 3634 5073 de-

1986 5109 2202 5167 solabit
2254 5123 2356 5180 per
2409 5107 2791 5180 semetipsum
2842 5106 3107 5179 linguam
3155 5106 3338 5163 maris
3377 5105 3630 5179 Egypti.

1988 5201 2150 5256 Mara
2159 5197 2385 5270 {Egypti
2400 5196 2730 5269 appellatur
2741 5200 2976 5268 propter
2991 5195 3429 5254 multitudinem
3451 5209 3636 5267 papu-

1990 5289 2279 5346 lorum.Et
2311 5285 2803 5357 notandum,quia
2825 5301 2984 5340 mare
3006 5301 3120 5340 non
3151 5284 3328 5341 habet
3346 5284 3634 5356 linguam,

1991 5380 2093 5436 sed
2127 5375 2521 5450 metaphorice
2553 5372 2834 5445 loquitur.
2859 5372 3144 5446 Linguam
3173 5390 3314 5448 ergo
3341 5372 3550 5442 maris,
3569 5372 3638 5432 id

1991 5472 2082 5524 est
2103 5464 2384 5539 populum
2407 5461 2634 5536 ΜΡιὶ
2647 5459 3488 5535 desolavitDomiaus,quandn
3507 5459 3640 5522 iliis

1992 5557 2092 5630 qui
2126 5559 2259 5612 ante
2292 5552 2448 5610 soliti
2480 5555 2647 5609 erant
2682 5548 2855 5606 labiis
2893 5549 3019 5608 suis
3058 5550 3299 5609 laudare
3319 5555 3378 5608 et
3397 5551 3644 5609 adorare

1991 5645 2149 5704 idola
2205 5643 2558 5715 manufacta,
2610 5639 2946 5701 immutavit
2999 5655 3102 5716 per
3167 5641 3641 5718 medicationem
