  <div class='ocr_page' id='page_1' title='image "/cluster/home/n/w/nwhite01/storage/ocr_20150623/116/hvd.32044054759808/397.png"; bbox 0 0 4090 6192; ppageno 0'>
   <div class='ocr_carea' id='block_1_1' title="bbox 516 317 636 380">
    <p class='ocr_par' dir='ltr' id='par_1_1' title="bbox 516 317 636 380">
     <span class='ocr_line' id='line_1_1' title="bbox 516 317 636 380; baseline -0.008 0"><span class='ocrx_word' id='word_1_1' title='bbox 516 317 636 380; x_wconf 85' lang='lat'><strong>783</strong></span> 
     </span>
    </p>
   </div>
   <div class='ocr_carea' id='block_1_2' title="bbox 887 311 2176 381">
    <p class='ocr_par' dir='ltr' id='par_1_2' title="bbox 887 311 2176 381">
     <span class='ocr_line' id='line_1_2' title="bbox 887 311 2176 381; baseline -0.003 -3"><span class='ocrx_word' id='word_1_2' title='bbox 887 314 1295 380; x_wconf 71' lang='lat' dir='ltr'><strong>HAYMONIS</strong></span> <span class='ocrx_word' id='word_1_3' title='bbox 1341 314 1880 381; x_wconf 76' lang='lat' dir='ltr'><strong>HALBERS&#39;I‘A’I‘.</strong></span> <span class='ocrx_word' id='word_1_4' title='bbox 1929 311 2176 376; x_wconf 75' lang='lat' dir='ltr'><strong>EPISG.</strong></span> 
     </span>
    </p>
   </div>
   <div class='ocr_carea' id='block_1_3' title="bbox 2223 303 3807 383">
    <p class='ocr_par' dir='ltr' id='par_1_3' title="bbox 2223 303 3807 383">
     <span class='ocr_line' id='line_1_3' title="bbox 2223 303 3807 383; baseline 0.004 -7"><span class='ocrx_word' id='word_1_5' title='bbox 2223 312 2395 376; x_wconf 81' lang='lat' dir='ltr'><strong>OPP.</strong></span> <span class='ocrx_word' id='word_1_6' title='bbox 2441 313 2641 375; x_wconf 82' lang='lat' dir='ltr'><strong>PARS</strong></span> <span class='ocrx_word' id='word_1_7' title='bbox 2687 312 2734 374; x_wconf 85' lang='grc' dir='ltr'><strong>Ι.</strong></span> <span class='ocrx_word' id='word_1_8' title='bbox 2786 346 2862 359; x_wconf 90' lang='lat'><strong>--</strong></span> <span class='ocrx_word' id='word_1_9' title='bbox 2905 303 3296 375; x_wconf 80' lang='lat' dir='ltr'><strong>COMMENT.</strong></span> <span class='ocrx_word' id='word_1_10' title='bbox 3337 313 3512 377; x_wconf 86' lang='lat' dir='ltr'><strong>BIBL.</strong></span> <span class='ocrx_word' id='word_1_11' title='bbox 3711 323 3807 383; x_wconf 65' lang='lat'><strong>784</strong></span> 
     </span>
    </p>
   </div>
   <div class='ocr_carea' id='block_1_4' title="bbox 517 447 3808 524">
    <p class='ocr_par' dir='ltr' id='par_1_4' title="bbox 517 447 3808 524">
     <span class='ocr_line' id='line_1_4' title="bbox 517 447 3808 524; baseline -0 -14"><span class='ocrx_word' id='word_1_12' title='bbox 517 451 936 524; x_wconf 78' lang='lat' dir='ltr'><strong>apostolorum,</strong></span> <span class='ocrx_word' id='word_1_13' title='bbox 961 455 1026 505; x_wconf 91' lang='lat' dir='ltr'><strong>ut</strong></span> <span class='ocrx_word' id='word_1_14' title='bbox 1056 453 1294 522; x_wconf 79' lang='lat' dir='ltr'><strong>possent</strong></span> <span class='ocrx_word' id='word_1_15' title='bbox 1321 455 1378 505; x_wconf 91' lang='lat' dir='ltr'><strong>et</strong></span> <span class='ocrx_word' id='word_1_16' title='bbox 1405 450 1622 504; x_wconf 83' lang='lat' dir='ltr'><strong>scirent</strong></span> <span class='ocrx_word' id='word_1_17' title='bbox 1653 449 1890 505; x_wconf 85' lang='lat' dir='ltr'><strong>laudare</strong></span> <span class='ocrx_word' id='word_1_18' title='bbox 1929 449 2159 503; x_wconf 82' lang='lat' dir='ltr'><strong>Creato-</strong></span> <span class='ocrx_word' id='word_1_19' title='bbox 2189 449 2243 514; x_wconf 85' lang='grc' dir='ltr'><strong>Α</strong></span> <span class='ocrx_word' id='word_1_20' title='bbox 2273 449 2429 502; x_wconf 90' lang='lat' dir='ltr'><strong>enim</strong></span> <span class='ocrx_word' id='word_1_21' title='bbox 2462 449 2874 520; x_wconf 81' lang='lat' dir='ltr'><strong>magniﬁcatus</strong></span> <span class='ocrx_word' id='word_1_22' title='bbox 2903 452 2989 502; x_wconf 89' lang='lat' dir='ltr'><strong>est</strong></span> <span class='ocrx_word' id='word_1_23' title='bbox 3025 464 3036 501; x_wconf 90' lang='lat'>:</span> <span class='ocrx_word' id='word_1_24' title='bbox 3071 447 3155 502; x_wconf 90' lang='lat' dir='ltr'><strong>sic</strong></span> <span class='ocrx_word' id='word_1_25' title='bbox 3185 453 3384 520; x_wconf 86' lang='lat' dir='ltr'><strong>pangat</strong></span> <span class='ocrx_word' id='word_1_26' title='bbox 3410 448 3592 504; x_wconf 80' lang='lat' dir='ltr'><strong>iterum</strong></span> <span class='ocrx_word' id='word_1_27' title='bbox 3611 468 3721 507; x_wconf 91' lang='lat' dir='ltr'><strong>cum</strong></span> <span class='ocrx_word' id='word_1_28' title='bbox 3738 471 3808 509; x_wconf 87' lang='lat' dir='ltr'><strong>so-</strong></span> 
     </span>
    </p>
   </div>
   <div class='ocr_carea' id='block_1_5' title="bbox 518 538 2164 611">
    <p class='ocr_par' dir='ltr' id='par_1_5' title="bbox 518 538 2164 611">
     <span class='ocr_line' id='line_1_5' title="bbox 518 538 2164 611; baseline -0.004 -13"><span class='ocrx_word' id='word_1_29' title='bbox 518 558 642 598; x_wconf 88' lang='lat' dir='ltr'><strong>rem</strong></span> <span class='ocrx_word' id='word_1_30' title='bbox 671 557 846 596; x_wconf 90' lang='lat' dir='ltr'><strong>suum</strong></span> <span class='ocrx_word' id='word_1_31' title='bbox 879 545 937 595; x_wconf 89' lang='lat' dir='ltr'><strong>et</strong></span> <span class='ocrx_word' id='word_1_32' title='bbox 966 538 1358 596; x_wconf 78' lang='lat' dir='ltr'><strong>liberatorem.</strong></span> <span class='ocrx_word' id='word_1_33' title='bbox 1395 539 1549 595; x_wconf 91' lang='lat' dir='ltr'><strong>Gens</strong></span> <span class='ocrx_word' id='word_1_34' title='bbox 1577 538 1734 594; x_wconf 88' lang='lat' dir='ltr'><strong>enim</strong></span> <span class='ocrx_word' id='word_1_35' title='bbox 1766 539 2164 611; x_wconf 59' lang='lat' dir='ltr'><strong>.rEgyptiorum</strong></span> 
     </span>
    </p>
   </div>
   <div class='ocr_carea' id='block_1_6' title="bbox 522 625 2166 702">
    <p class='ocr_par' dir='ltr' id='par_1_6' title="bbox 522 625 2166 702">
     <span class='ocr_line' id='line_1_6' title="bbox 522 625 2166 702; baseline -0.002 -18"><span class='ocrx_word' id='word_1_36' title='bbox 522 629 654 702; x_wconf 82' lang='lat' dir='ltr'><strong>plus</strong></span> <span class='ocrx_word' id='word_1_37' title='bbox 685 628 960 685; x_wconf 89' lang='lat' dir='ltr'><strong>omnibus</strong></span> <span class='ocrx_word' id='word_1_38' title='bbox 989 627 1264 700; x_wconf 80' lang='lat' dir='ltr'><strong>gentibus</strong></span> <span class='ocrx_word' id='word_1_39' title='bbox 1285 627 1479 683; x_wconf 87' lang='lat' dir='ltr'><strong>dedita</strong></span> <span class='ocrx_word' id='word_1_40' title='bbox 1501 628 1613 686; x_wconf 86' lang='lat' dir='ltr'><strong>fuit</strong></span> <span class='ocrx_word' id='word_1_41' title='bbox 1635 625 1975 681; x_wconf 73' lang='lat' dir='ltr'><strong>idololatria:</strong></span> <span class='ocrx_word' id='word_1_42' title='bbox 1999 630 2055 680; x_wconf 90' lang='lat' dir='ltr'><strong>et</strong></span> <span class='ocrx_word' id='word_1_43' title='bbox 2075 643 2166 681; x_wconf 91' lang='lat' dir='ltr'><strong>va-</strong></span> 
     </span>
    </p>
   </div>
   <div class='ocr_carea' id='block_1_7' title="bbox 515 715 2168 790">
    <p class='ocr_par' dir='ltr' id='par_1_7' title="bbox 515 715 2168 790">
     <span class='ocr_line' id='line_1_7' title="bbox 515 715 2168 790; baseline -0.004 -14"><span class='ocrx_word' id='word_1_44' title='bbox 515 720 774 776; x_wconf 61' lang='lat' dir='ltr'><strong>nissima:</strong></span> <span class='ocrx_word' id='word_1_45' title='bbox 797 716 1197 790; x_wconf 80' lang='lat' dir='ltr'><strong>superstitioni</strong></span> <span class='ocrx_word' id='word_1_46' title='bbox 1215 719 1546 772; x_wconf 71' lang='lat' dir='ltr'><strong>daemonum</strong></span> <span class='ocrx_word' id='word_1_47' title='bbox 1575 717 1662 772; x_wconf 88' lang='lat' dir='ltr'><strong>:in</strong></span> <span class='ocrx_word' id='word_1_48' title='bbox 1683 720 1910 770; x_wconf 86' lang='lat' dir='ltr'><strong>tantum</strong></span> <span class='ocrx_word' id='word_1_49' title='bbox 1938 720 2002 769; x_wconf 87' lang='lat' dir='ltr'><strong>ut</strong></span> <span class='ocrx_word' id='word_1_50' title='bbox 2023 715 2168 771; x_wconf 89' lang='lat' dir='ltr'><strong>acci-</strong></span> 
     </span>
    </p>
   </div>
   <div class='ocr_carea' id='block_1_8' title="bbox 523 805 2164 881">
    <p class='ocr_par' dir='ltr' id='par_1_8' title="bbox 523 805 2164 881">
     <span class='ocr_line' id='line_1_8' title="bbox 523 805 2164 881; baseline -0.002 -19"><span class='ocrx_word' id='word_1_51' title='bbox 523 809 824 881; x_wconf 86' lang='lat' dir='ltr'><strong>pitrem,et</strong></span> <span class='ocrx_word' id='word_1_52' title='bbox 849 823 1075 875; x_wconf 88' lang='lat' dir='ltr'><strong>canem,</strong></span> <span class='ocrx_word' id='word_1_53' title='bbox 1108 811 1164 862; x_wconf 91' lang='lat' dir='ltr'><strong>et</strong></span> <span class='ocrx_word' id='word_1_54' title='bbox 1185 806 1438 874; x_wconf 88' lang='lat' dir='ltr'><strong>asinum,</strong></span> <span class='ocrx_word' id='word_1_55' title='bbox 1460 825 1563 879; x_wconf 90' lang='lat' dir='ltr'><strong>pro</strong></span> <span class='ocrx_word' id='word_1_56' title='bbox 1587 807 1694 860; x_wconf 85' lang='lat' dir='ltr'><strong>deo</strong></span> <span class='ocrx_word' id='word_1_57' title='bbox 1719 805 2164 860; x_wconf 88' lang='lat' dir='ltr'><strong>colerent.Tunc</strong></span> 
     </span>
    </p>
   </div>
   <div class='ocr_carea' id='block_1_9' title="bbox 512 895 2164 968">
    <p class='ocr_par' dir='ltr' id='par_1_9' title="bbox 512 895 2164 968">
     <span class='ocr_line' id='line_1_9' title="bbox 512 895 2164 968; baseline -0.004 -14"><span class='ocrx_word' id='word_1_58' title='bbox 512 914 646 954; x_wconf 88' lang='lat' dir='ltr'><strong>vero</strong></span> <span class='ocrx_word' id='word_1_59' title='bbox 678 896 926 952; x_wconf 84' lang='lat' dir='ltr'><strong>mutavit</strong></span> <span class='ocrx_word' id='word_1_60' title='bbox 971 895 1257 953; x_wconf 87' lang='lat' dir='ltr'><strong>Dominus</strong></span> <span class='ocrx_word' id='word_1_61' title='bbox 1299 895 1561 968; x_wconf 83' lang='lat' dir='ltr'><strong>linguam</strong></span> <span class='ocrx_word' id='word_1_62' title='bbox 1609 895 1759 965; x_wconf 86' lang='lat' dir='ltr'><strong>ejus,</strong></span> <span class='ocrx_word' id='word_1_63' title='bbox 1797 895 2029 966; x_wconf 78' lang='lat' dir='ltr'><strong>quando</strong></span> <span class='ocrx_word' id='word_1_64' title='bbox 2061 895 2164 949; x_wconf 80' lang='lat' dir='ltr'><strong>(lc—</strong></span> 
     </span>
    </p>
   </div>
   <div class='ocr_carea' id='block_1_10' title="bbox 515 981 2166 1056">
    <p class='ocr_par' dir='ltr' id='par_1_10' title="bbox 515 981 2166 1056">
     <span class='ocr_line' id='line_1_10' title="bbox 515 981 2166 1056; baseline -0.004 -14"><span class='ocrx_word' id='word_1_65' title='bbox 515 984 730 1042; x_wconf 77' lang='lat' dir='ltr'><strong>struxit</strong></span> <span class='ocrx_word' id='word_1_66' title='bbox 757 983 1074 1040; x_wconf 88' lang='lat' dir='ltr'><strong>simulacra</strong></span> <span class='ocrx_word' id='word_1_67' title='bbox 1104 1001 1228 1056; x_wconf 73' lang='lat' dir='ltr'><strong>qua:</strong></span> <span class='ocrx_word' id='word_1_68' title='bbox 1261 987 1394 1039; x_wconf 91' lang='lat' dir='ltr'><strong>ante</strong></span> <span class='ocrx_word' id='word_1_69' title='bbox 1426 983 1706 1039; x_wconf 81' lang='lat' dir='ltr'><strong>adorabat</strong></span> <span class='ocrx_word' id='word_1_70' title='bbox 1725 987 1782 1038; x_wconf 89' lang='lat' dir='ltr'><strong>et</strong></span> <span class='ocrx_word' id='word_1_71' title='bbox 1803 981 2166 1049; x_wconf 84' lang='lat' dir='ltr'><strong>laudabat,et</strong></span> 
     </span>
    </p>
   </div>
   <div class='ocr_carea' id='block_1_11' title="bbox 515 1071 2166 1148">
    <p class='ocr_par' dir='ltr' id='par_1_11' title="bbox 515 1071 2166 1148">
     <span class='ocr_line' id='line_1_11' title="bbox 515 1071 2166 1148; baseline -0.005 -16"><span class='ocrx_word' id='word_1_72' title='bbox 515 1075 692 1148; x_wconf 64' lang='lat' dir='ltr'><strong>erepit</strong></span> <span class='ocrx_word' id='word_1_73' title='bbox 723 1072 986 1130; x_wconf 83' lang='lat' dir='ltr'><strong>conﬁteri</strong></span> <span class='ocrx_word' id='word_1_74' title='bbox 1017 1071 1272 1128; x_wconf 87' lang='lat' dir='ltr'><strong>Creatori</strong></span> <span class='ocrx_word' id='word_1_75' title='bbox 1304 1089 1410 1127; x_wconf 92' lang='lat' dir='ltr'><strong>suo</strong></span> <span class='ocrx_word' id='word_1_76' title='bbox 1444 1071 1814 1143; x_wconf 88' lang='lat' dir='ltr'><strong>iniquitatem</strong></span> <span class='ocrx_word' id='word_1_77' title='bbox 1837 1087 2166 1137; x_wconf 84' lang='lat' dir='ltr'><strong>suam,eon-</strong></span> 
     </span>
    </p>
   </div>
   <div class='ocr_carea' id='block_1_12' title="bbox 513 1158 2163 1235">
    <p class='ocr_par' dir='ltr' id='par_1_12' title="bbox 513 1158 2163 1235">
     <span class='ocr_line' id='line_1_12' title="bbox 513 1158 2163 1235; baseline -0.007 -12"><span class='ocrx_word' id='word_1_78' title='bbox 513 1181 683 1224; x_wconf 85' lang='lat' dir='ltr'><strong>versa</strong></span> <span class='ocrx_word' id='word_1_79' title='bbox 703 1165 774 1222; x_wconf 85' lang='lat' dir='ltr'><strong>ad</strong></span> <span class='ocrx_word' id='word_1_80' title='bbox 804 1160 1342 1235; x_wconf 74' lang='lat' dir='ltr'><strong>pmnitentiam.«Et</strong></span> <span class='ocrx_word' id='word_1_81' title='bbox 1363 1160 1576 1215; x_wconf 87' lang='lat' dir='ltr'><strong>levabit</strong></span> <span class='ocrx_word' id='word_1_82' title='bbox 1606 1158 1889 1215; x_wconf 86' lang='lat' dir='ltr'><strong>Dominus</strong></span> <span class='ocrx_word' id='word_1_83' title='bbox 1921 1176 2163 1213; x_wconf 89' lang='lat' dir='ltr'><strong>manum</strong></span> 
     </span>
    </p>
   </div>
   <div class='ocr_carea' id='block_1_13' title="bbox 516 1247 2162 1324">
    <p class='ocr_par' dir='ltr' id='par_1_13' title="bbox 516 1247 2162 1324">
     <span class='ocr_line' id='line_1_13' title="bbox 516 1247 2162 1324; baseline -0.007 -12"><span class='ocrx_word' id='word_1_84' title='bbox 516 1269 689 1312; x_wconf 86' lang='lat' dir='ltr'><strong>suam</strong></span> <span class='ocrx_word' id='word_1_85' title='bbox 717 1267 896 1324; x_wconf 83' lang='lat' dir='ltr'><strong>super</strong></span> <span class='ocrx_word' id='word_1_86' title='bbox 922 1249 1316 1317; x_wconf 51' lang='lat' dir='ltr'><strong>ﬂumenphoc</strong></span> <span class='ocrx_word' id='word_1_87' title='bbox 1339 1252 1427 1304; x_wconf 88' lang='lat' dir='ltr'><strong>est</strong></span> <span class='ocrx_word' id='word_1_88' title='bbox 1447 1265 1623 1320; x_wconf 83' lang='lat' dir='ltr'><strong>super</strong></span> <span class='ocrx_word' id='word_1_89' title='bbox 1643 1251 1890 1320; x_wconf 84' lang='lat' dir='ltr'><strong>regnum</strong></span> <span class='ocrx_word' id='word_1_90' title='bbox 1911 1247 2162 1319; x_wconf 66' lang='lat' dir='ltr'><strong>Egypti,</strong></span> 
     </span>
    </p>
   </div>
   <div class='ocr_carea' id='block_1_14' title="bbox 517 1335 2166 1409">
    <p class='ocr_par' dir='ltr' id='par_1_14' title="bbox 517 1335 2166 1409">
     <span class='ocr_line' id='line_1_14' title="bbox 517 1335 2166 1409; baseline -0.001 -17"><span class='ocrx_word' id='word_1_91' title='bbox 517 1364 548 1392; x_wconf 75' lang='grc' dir='ltr'><strong><em>α</em></strong></span> <span class='ocrx_word' id='word_1_92' title='bbox 577 1340 640 1396; x_wconf 88' lang='lat' dir='ltr'><strong>in</strong></span> <span class='ocrx_word' id='word_1_93' title='bbox 671 1337 1011 1395; x_wconf 81' lang='lat' dir='ltr'><strong>fortitudine</strong></span> <span class='ocrx_word' id='word_1_94' title='bbox 1046 1337 1290 1409; x_wconf 84' lang='lat' dir='ltr'><strong>spiritus</strong></span> <span class='ocrx_word' id='word_1_95' title='bbox 1320 1336 1434 1403; x_wconf 89' lang='lat' dir='ltr'><strong>sui,</strong></span> <span class='ocrx_word' id='word_1_96' title='bbox 1470 1359 1497 1385; x_wconf 83' lang='lat'>»</span> <span class='ocrx_word' id='word_1_97' title='bbox 1531 1337 1589 1392; x_wconf 91' lang='lat' dir='ltr'><strong>id</strong></span> <span class='ocrx_word' id='word_1_98' title='bbox 1619 1341 1707 1393; x_wconf 89' lang='lat' dir='ltr'><strong>est</strong></span> <span class='ocrx_word' id='word_1_99' title='bbox 1736 1337 1796 1391; x_wconf 92' lang='lat' dir='ltr'><strong>in</strong></span> <span class='ocrx_word' id='word_1_100' title='bbox 1828 1335 2166 1392; x_wconf 87' lang='lat' dir='ltr'><strong>fortitudine</strong></span> 
     </span>
    </p>
   </div>
   <div class='ocr_carea' id='block_1_15' title="bbox 517 1424 2162 1498">
    <p class='ocr_par' dir='ltr' id='par_1_15' title="bbox 517 1424 2162 1498">
     <span class='ocr_line' id='line_1_15' title="bbox 517 1424 2162 1498; baseline -0.004 -12"><span class='ocrx_word' id='word_1_101' title='bbox 517 1429 938 1487; x_wconf 80' lang='lat' dir='ltr'><strong>Romanorum.</strong></span> <span class='ocrx_word' id='word_1_102' title='bbox 974 1450 1001 1477; x_wconf 85' lang='lat'><strong>«</strong></span> <span class='ocrx_word' id='word_1_103' title='bbox 1036 1427 1105 1483; x_wconf 87' lang='lat' dir='ltr'><strong>Et</strong></span> <span class='ocrx_word' id='word_1_104' title='bbox 1133 1426 1425 1498; x_wconf 84' lang='lat' dir='ltr'><strong>percutiet</strong></span> <span class='ocrx_word' id='word_1_105' title='bbox 1457 1442 1590 1482; x_wconf 88' lang='lat' dir='ltr'><strong>eum</strong></span> <span class='ocrx_word' id='word_1_106' title='bbox 1639 1426 1698 1481; x_wconf 91' lang='lat' dir='ltr'><strong>in</strong></span> <span class='ocrx_word' id='word_1_107' title='bbox 1748 1431 1972 1498; x_wconf 86' lang='lat' dir='ltr'><strong>septem</strong></span> <span class='ocrx_word' id='word_1_108' title='bbox 2003 1424 2162 1497; x_wconf 88' lang='lat' dir='ltr'><strong>rivis,</strong></span> 
     </span>
    </p>
   </div>
   <div class='ocr_carea' id='block_1_16' title="bbox 516 1513 2165 1588">
    <p class='ocr_par' dir='ltr' id='par_1_16' title="bbox 516 1513 2165 1588">
     <span class='ocr_line' id='line_1_16' title="bbox 516 1513 2165 1588; baseline -0.003 -13"><span class='ocrx_word' id='word_1_109' title='bbox 516 1519 599 1575; x_wconf 86' lang='lat' dir='ltr'><strong>ita</strong></span> <span class='ocrx_word' id='word_1_110' title='bbox 626 1520 692 1575; x_wconf 89' lang='lat' dir='ltr'><strong>ut</strong></span> <span class='ocrx_word' id='word_1_111' title='bbox 719 1520 1023 1574; x_wconf 81' lang='lat' dir='ltr'><strong>transeant</strong></span> <span class='ocrx_word' id='word_1_112' title='bbox 1051 1531 1155 1588; x_wconf 88' lang='lat' dir='ltr'><strong>per</strong></span> <span class='ocrx_word' id='word_1_113' title='bbox 1185 1531 1318 1570; x_wconf 89' lang='lat' dir='ltr'><strong>eum</strong></span> <span class='ocrx_word' id='word_1_114' title='bbox 1351 1513 1613 1573; x_wconf 89' lang='lat' dir='ltr'><strong>calceati.</strong></span> <span class='ocrx_word' id='word_1_115' title='bbox 1651 1537 1678 1564; x_wconf 86' lang='lat'>»</span> <span class='ocrx_word' id='word_1_116' title='bbox 1711 1515 1952 1582; x_wconf 88' lang='lat' dir='ltr'><strong>Quando</strong></span> <span class='ocrx_word' id='word_1_117' title='bbox 1985 1513 2165 1570; x_wconf 85' lang='lat' dir='ltr'><strong>Isaias</strong></span> 
     </span>
    </p>
   </div>
   <div class='ocr_carea' id='block_1_17' title="bbox 515 1603 2164 1679">
    <p class='ocr_par' dir='ltr' id='par_1_17' title="bbox 515 1603 2164 1679">
     <span class='ocr_line' id='line_1_17' title="bbox 515 1603 2164 1679; baseline -0.003 -16"><span class='ocrx_word' id='word_1_118' title='bbox 515 1604 1030 1679; x_wconf 35' lang='lat' dir='ltr'><strong>hoolpraedicabat,</strong></span> <span class='ocrx_word' id='word_1_119' title='bbox 1055 1603 1314 1660; x_wconf 89' lang='lat' dir='ltr'><strong>nondum</strong></span> <span class='ocrx_word' id='word_1_120' title='bbox 1337 1608 1459 1660; x_wconf 90' lang='lat' dir='ltr'><strong>erat</strong></span> <span class='ocrx_word' id='word_1_121' title='bbox 1489 1603 1654 1660; x_wconf 89' lang='lat' dir='ltr'><strong>Nilus</strong></span> <span class='ocrx_word' id='word_1_122' title='bbox 1679 1620 1930 1676; x_wconf 90' lang='lat' dir='ltr'><strong>magnus</strong></span> <span class='ocrx_word' id='word_1_123' title='bbox 1952 1603 2164 1659; x_wconf 91' lang='lat' dir='ltr'><strong>ﬂuvius</strong></span> 
     </span>
    </p>
   </div>
   <div class='ocr_carea' id='block_1_18' title="bbox 517 1692 2166 1764">
    <p class='ocr_par' dir='ltr' id='par_1_18' title="bbox 517 1692 2166 1764">
     <span class='ocr_line' id='line_1_18' title="bbox 517 1692 2166 1764; baseline -0.002 -13"><span class='ocrx_word' id='word_1_124' title='bbox 517 1692 1102 1754; x_wconf 76' lang='lat' dir='ltr'><strong>divisus.Alexander</strong></span> <span class='ocrx_word' id='word_1_125' title='bbox 1125 1709 1263 1750; x_wconf 86' lang='lat' dir='ltr'><strong>vero</strong></span> <span class='ocrx_word' id='word_1_126' title='bbox 1295 1693 1532 1750; x_wconf 86' lang='lat' dir='ltr'><strong>Macedo</strong></span> <span class='ocrx_word' id='word_1_127' title='bbox 1559 1692 1756 1748; x_wconf 86' lang='lat' dir='ltr'><strong>divisit</strong></span> <span class='ocrx_word' id='word_1_128' title='bbox 1775 1692 1942 1747; x_wconf 90' lang='lat' dir='ltr'><strong>illum</strong></span> <span class='ocrx_word' id='word_1_129' title='bbox 1965 1697 2166 1764; x_wconf 88' lang='lat' dir='ltr'><strong>postea</strong></span> 
     </span>
    </p>
   </div>
   <div class='ocr_carea' id='block_1_19' title="bbox 517 1781 2161 1856">
    <p class='ocr_par' dir='ltr' id='par_1_19' title="bbox 517 1781 2161 1856">
     <span class='ocr_line' id='line_1_19' title="bbox 517 1781 2161 1856; baseline -0.002 -16"><span class='ocrx_word' id='word_1_130' title='bbox 517 1784 578 1840; x_wconf 88' lang='lat' dir='ltr'><strong>in</strong></span> <span class='ocrx_word' id='word_1_131' title='bbox 609 1785 833 1856; x_wconf 87' lang='lat' dir='ltr'><strong>septem</strong></span> <span class='ocrx_word' id='word_1_132' title='bbox 863 1782 1038 1839; x_wconf 88' lang='lat' dir='ltr'><strong>rivos.</strong></span> <span class='ocrx_word' id='word_1_133' title='bbox 1067 1781 1368 1856; x_wconf 77' lang='lat' dir='ltr'><strong>Regnante</strong></span> <span class='ocrx_word' id='word_1_134' title='bbox 1399 1786 1594 1838; x_wconf 89' lang='lat' dir='ltr'><strong>autem</strong></span> <span class='ocrx_word' id='word_1_135' title='bbox 1627 1781 1849 1837; x_wconf 78' lang='lat' dir='ltr'><strong>Caesare</strong></span> <span class='ocrx_word' id='word_1_136' title='bbox 1878 1783 2161 1854; x_wconf 87' lang='lat' dir='ltr'><strong>Augusto,</strong></span> 
     </span>
    </p>
   </div>
   <div class='ocr_carea' id='block_1_20' title="bbox 517 1871 2168 1946">
    <p class='ocr_par' dir='ltr' id='par_1_20' title="bbox 517 1871 2168 1946">
     <span class='ocr_line' id='line_1_20' title="bbox 517 1871 2168 1946; baseline -0.004 -16"><span class='ocrx_word' id='word_1_137' title='bbox 517 1873 754 1946; x_wconf 81' lang='lat' dir='ltr'><strong>quando</strong></span> <span class='ocrx_word' id='word_1_138' title='bbox 784 1871 891 1929; x_wconf 80' lang='lat' dir='ltr'><strong>ﬂos</strong></span> <span class='ocrx_word' id='word_1_139' title='bbox 923 1871 994 1927; x_wconf 89' lang='lat' dir='ltr'><strong>de</strong></span> <span class='ocrx_word' id='word_1_140' title='bbox 1023 1871 1215 1927; x_wconf 89' lang='lat' dir='ltr'><strong>radice</strong></span> <span class='ocrx_word' id='word_1_141' title='bbox 1245 1871 1408 1929; x_wconf 86' lang='lat' dir='ltr'><strong>Jesse</strong></span> <span class='ocrx_word' id='word_1_142' title='bbox 1437 1874 1673 1928; x_wconf 81' lang='lat' dir='ltr'><strong>exortus</strong></span> <span class='ocrx_word' id='word_1_143' title='bbox 1704 1875 1814 1938; x_wconf 91' lang='lat' dir='ltr'><strong>est,</strong></span> <span class='ocrx_word' id='word_1_144' title='bbox 1846 1875 1904 1926; x_wconf 91' lang='lat' dir='ltr'><strong>et</strong></span> <span class='ocrx_word' id='word_1_145' title='bbox 1934 1871 1992 1924; x_wconf 90' lang='lat' dir='ltr'><strong>in</strong></span> <span class='ocrx_word' id='word_1_146' title='bbox 2027 1871 2168 1925; x_wconf 88' lang='lat' dir='ltr'><strong>urbe</strong></span> 
     </span>
    </p>
   </div>
   <div class='ocr_carea' id='block_1_21' title="bbox 520 1959 2170 2035">
    <p class='ocr_par' dir='ltr' id='par_1_21' title="bbox 520 1959 2170 2035">
     <span class='ocr_line' id='line_1_21' title="bbox 520 1959 2170 2035; baseline -0.004 -15"><span class='ocrx_word' id='word_1_147' title='bbox 520 1964 783 2020; x_wconf 79' lang='lat' dir='ltr'><strong>Romana</strong></span> <span class='ocrx_word' id='word_1_148' title='bbox 807 1960 1002 2035; x_wconf 86' lang='lat' dir='ltr'><strong>prima</strong></span> <span class='ocrx_word' id='word_1_149' title='bbox 1027 1960 1178 2016; x_wconf 83' lang='lat' dir='ltr'><strong>facta</strong></span> <span class='ocrx_word' id='word_1_150' title='bbox 1211 1965 1300 2016; x_wconf 90' lang='lat' dir='ltr'><strong>est</strong></span> <span class='ocrx_word' id='word_1_151' title='bbox 1331 1959 1644 2033; x_wconf 81' lang='lat' dir='ltr'><strong>descriptio</strong></span> <span class='ocrx_word' id='word_1_152' title='bbox 1675 1961 1896 2034; x_wconf 65' lang='lat' dir='ltr'><strong>(Luam)</strong></span> <span class='ocrx_word' id='word_1_153' title='bbox 1930 1977 1942 2014; x_wconf 92' lang='lat'>:</span> <span class='ocrx_word' id='word_1_154' title='bbox 1973 1963 2170 2031; x_wconf 82' lang='lat' dir='ltr'><strong>poten-</strong></span> 
     </span>
    </p>
   </div>
   <div class='ocr_carea' id='block_1_22' title="bbox 517 2049 2170 2124">
    <p class='ocr_par' dir='ltr' id='par_1_22' title="bbox 517 2049 2170 2124">
     <span class='ocr_line' id='line_1_22' title="bbox 517 2049 2170 2124; baseline -0.002 -16"><span class='ocrx_word' id='word_1_155' title='bbox 517 2051 826 2109; x_wconf 35' lang='lat' dir='ltr'><strong>tissimum&#39;</strong></span> <span class='ocrx_word' id='word_1_156' title='bbox 848 2066 1097 2124; x_wconf 84' lang='lat' dir='ltr'><strong>regnum</strong></span> <span class='ocrx_word' id='word_1_157' title='bbox 1125 2049 1526 2122; x_wconf 66' lang='lat' dir='ltr'><strong>Egyptiorum</strong></span> <span class='ocrx_word' id='word_1_158' title='bbox 1565 2051 1720 2122; x_wconf 90' lang='lat' dir='ltr'><strong>quod</strong></span> <span class='ocrx_word' id='word_1_159' title='bbox 1757 2050 1957 2105; x_wconf 89' lang='lat' dir='ltr'><strong>multis</strong></span> <span class='ocrx_word' id='word_1_160' title='bbox 1999 2049 2170 2104; x_wconf 90' lang='lat' dir='ltr'><strong>annis</strong></span> 
     </span>
    </p>
   </div>
   <div class='ocr_carea' id='block_1_23' title="bbox 516 2138 2168 2211">
    <p class='ocr_par' dir='ltr' id='par_1_23' title="bbox 516 2138 2168 2211">
     <span class='ocr_line' id='line_1_23' title="bbox 516 2138 2168 2211; baseline -0.004 -13"><span class='ocrx_word' id='word_1_161' title='bbox 516 2139 775 2198; x_wconf 85' lang='lat' dir='ltr'><strong>solidum</strong></span> <span class='ocrx_word' id='word_1_162' title='bbox 805 2142 1122 2206; x_wconf 85' lang='lat' dir='ltr'><strong>manserat,</strong></span> <span class='ocrx_word' id='word_1_163' title='bbox 1155 2138 1215 2192; x_wconf 90' lang='lat' dir='ltr'><strong>in</strong></span> <span class='ocrx_word' id='word_1_164' title='bbox 1246 2143 1433 2194; x_wconf 90' lang='lat' dir='ltr'><strong>morte</strong></span> <span class='ocrx_word' id='word_1_165' title='bbox 1461 2138 1774 2211; x_wconf 65' lang='lat' dir='ltr'><strong>CleOpatra:</strong></span> <span class='ocrx_word' id='word_1_166' title='bbox 1803 2141 2168 2194; x_wconf 87' lang='lat' dir='ltr'><strong>destructum</strong></span> 
     </span>
    </p>
   </div>
   <div class='ocr_carea' id='block_1_24' title="bbox 515 2227 2165 2300">
    <p class='ocr_par' dir='ltr' id='par_1_24' title="bbox 515 2227 2165 2300">
     <span class='ocr_line' id='line_1_24' title="bbox 515 2227 2165 2300; baseline -0.003 -13"><span class='ocrx_word' id='word_1_167' title='bbox 515 2235 610 2287; x_wconf 85' lang='lat' dir='ltr'><strong>est</strong></span> <span class='ocrx_word' id='word_1_168' title='bbox 637 2246 652 2286; x_wconf 91' lang='lat'><strong>:</strong></span> <span class='ocrx_word' id='word_1_169' title='bbox 683 2233 748 2286; x_wconf 89' lang='lat' dir='ltr'><strong>et</strong></span> <span class='ocrx_word' id='word_1_170' title='bbox 772 2228 959 2285; x_wconf 86' lang='lat' dir='ltr'><strong>divisa</strong></span> <span class='ocrx_word' id='word_1_171' title='bbox 987 2234 1078 2284; x_wconf 87' lang='lat' dir='ltr'><strong>est</strong></span> <span class='ocrx_word' id='word_1_172' title='bbox 1105 2228 1299 2284; x_wconf 90' lang='lat' dir='ltr'><strong>omnis</strong></span> <span class='ocrx_word' id='word_1_173' title='bbox 1329 2229 1612 2300; x_wconf 65' lang='lat' dir='ltr'><strong>Egyptus</strong></span> <span class='ocrx_word' id='word_1_174' title='bbox 1643 2227 1701 2282; x_wconf 91' lang='lat' dir='ltr'><strong>in</strong></span> <span class='ocrx_word' id='word_1_175' title='bbox 1737 2232 1959 2300; x_wconf 88' lang='lat' dir='ltr'><strong>septem</strong></span> <span class='ocrx_word' id='word_1_176' title='bbox 1993 2227 2165 2294; x_wconf 89' lang='lat' dir='ltr'><strong>rivos,</strong></span> 
     </span>
    </p>
   </div>
   <div class='ocr_carea' id='block_1_25' title="bbox 516 2317 2167 2391">
    <p class='ocr_par' dir='ltr' id='par_1_25' title="bbox 516 2317 2167 2391">
     <span class='ocr_line' id='line_1_25' title="bbox 516 2317 2167 2391; baseline -0.003 -15"><span class='ocrx_word' id='word_1_177' title='bbox 516 2319 628 2376; x_wconf 86' lang='lat' dir='ltr'><strong>hoc</strong></span> <span class='ocrx_word' id='word_1_178' title='bbox 653 2317 834 2376; x_wconf 86' lang='lat' dir='ltr'><strong>estin</strong></span> <span class='ocrx_word' id='word_1_179' title='bbox 861 2323 1088 2391; x_wconf 84' lang='lat' dir='ltr'><strong>septem</strong></span> <span class='ocrx_word' id='word_1_180' title='bbox 1116 2318 1432 2390; x_wconf 87' lang='lat' dir='ltr'><strong>principes,</strong></span> <span class='ocrx_word' id='word_1_181' title='bbox 1463 2334 1591 2389; x_wconf 83' lang='lat' dir='ltr'><strong>quae</strong></span> <span class='ocrx_word' id='word_1_182' title='bbox 1641 2321 1812 2372; x_wconf 82' lang='lat' dir='ltr'><strong>antea</strong></span> <span class='ocrx_word' id='word_1_183' title='bbox 1842 2319 1950 2372; x_wconf 85' lang='lat' dir='ltr'><strong>sub</strong></span> <span class='ocrx_word' id='word_1_184' title='bbox 1993 2317 2167 2371; x_wconf 90' lang='lat' dir='ltr'><strong>unius</strong></span> 
     </span>
    </p>
   </div>
   <div class='ocr_carea' id='block_1_26' title="bbox 515 2405 2169 2480">
    <p class='ocr_par' dir='ltr' id='par_1_26' title="bbox 515 2405 2169 2480">
     <span class='ocr_line' id='line_1_26' title="bbox 515 2405 2169 2480; baseline -0.003 -15"><span class='ocrx_word' id='word_1_185' title='bbox 515 2408 776 2465; x_wconf 89' lang='lat' dir='ltr'><strong>hominis</strong></span> <span class='ocrx_word' id='word_1_186' title='bbox 805 2407 1089 2480; x_wconf 86' lang='lat' dir='ltr'><strong>regimine</strong></span> <span class='ocrx_word' id='word_1_187' title='bbox 1131 2407 1456 2462; x_wconf 82' lang='lat' dir='ltr'><strong>constabat.</strong></span> <span class='ocrx_word' id='word_1_188' title='bbox 1507 2405 1675 2462; x_wconf 89' lang='lat' dir='ltr'><strong>Nilus</strong></span> <span class='ocrx_word' id='word_1_189' title='bbox 1724 2406 1900 2461; x_wconf 88' lang='lat' dir='ltr'><strong>etiam</strong></span> <span class='ocrx_word' id='word_1_190' title='bbox 1957 2406 2169 2461; x_wconf 84' lang='lat' dir='ltr'><strong>ﬂuvius</strong></span> 
     </span>
    </p>
   </div>
   <div class='ocr_carea' id='block_1_27' title="bbox 519 2494 2172 2572">
    <p class='ocr_par' dir='ltr' id='par_1_27' title="bbox 519 2494 2172 2572">
     <span class='ocr_line' id='line_1_27' title="bbox 519 2494 2172 2572; baseline -0.003 -19"><span class='ocrx_word' id='word_1_191' title='bbox 519 2512 825 2572; x_wconf 40' lang='lat' dir='ltr'><strong>aquarum.</strong></span> <span class='ocrx_word' id='word_1_192' title='bbox 840 2495 1291 2565; x_wconf 88' lang='lat' dir='ltr'><strong>multarum,qui</strong></span> <span class='ocrx_word' id='word_1_193' title='bbox 1325 2501 1639 2567; x_wconf 86' lang='lat' dir='ltr'><strong>antequam</strong></span> <span class='ocrx_word' id='word_1_194' title='bbox 1659 2495 1730 2549; x_wconf 89' lang='lat' dir='ltr'><strong>ab</strong></span> <span class='ocrx_word' id='word_1_195' title='bbox 1748 2495 2072 2549; x_wconf 86' lang='lat' dir='ltr'><strong>Alexandro</strong></span> <span class='ocrx_word' id='word_1_196' title='bbox 2091 2494 2172 2548; x_wconf 90' lang='lat' dir='ltr'><strong>di-</strong></span> 
     </span>
    </p>
   </div>
   <div class='ocr_carea' id='block_1_28' title="bbox 521 2582 2170 2655">
    <p class='ocr_par' dir='ltr' id='par_1_28' title="bbox 521 2582 2170 2655">
     <span class='ocr_line' id='line_1_28' title="bbox 521 2582 2170 2655; baseline -0.002 -14"><span class='ocrx_word' id='word_1_197' title='bbox 521 2584 818 2641; x_wconf 71' lang='lat' dir='ltr'><strong>videretur</strong></span> <span class='ocrx_word' id='word_1_198' title='bbox 845 2582 1349 2641; x_wconf 86' lang='lat' dir='ltr'><strong>intransmeabilis</strong></span> <span class='ocrx_word' id='word_1_199' title='bbox 1379 2590 1521 2651; x_wconf 89' lang='lat' dir='ltr'><strong>erat,</strong></span> <span class='ocrx_word' id='word_1_200' title='bbox 1556 2585 1698 2639; x_wconf 90' lang='lat' dir='ltr'><strong>dum</strong></span> <span class='ocrx_word' id='word_1_201' title='bbox 1732 2585 1976 2640; x_wconf 83' lang='lat' dir='ltr'><strong>Romani</strong></span> <span class='ocrx_word' id='word_1_202' title='bbox 2011 2584 2170 2655; x_wconf 90' lang='lat' dir='ltr'><strong>ipsos</strong></span> 
     </span>
    </p>
   </div>
   <div class='ocr_carea' id='block_1_29' title="bbox 523 2672 2173 2748">
    <p class='ocr_par' dir='ltr' id='par_1_29' title="bbox 523 2672 2173 2748">
     <span class='ocr_line' id='line_1_29' title="bbox 523 2672 2173 2748; baseline -0.002 -18"><span class='ocrx_word' id='word_1_203' title='bbox 523 2673 679 2730; x_wconf 86' lang='lat' dir='ltr'><strong>rivos</strong></span> <span class='ocrx_word' id='word_1_204' title='bbox 701 2672 1248 2748; x_wconf 84' lang='lat' dir='ltr'><strong>ampliﬁcassent,in</strong></span> <span class='ocrx_word' id='word_1_205' title='bbox 1267 2677 1496 2728; x_wconf 88' lang='lat' dir='ltr'><strong>tantum</strong></span> <span class='ocrx_word' id='word_1_206' title='bbox 1518 2672 1843 2729; x_wconf 86' lang='lat' dir='ltr'><strong>exsiccatus</strong></span> <span class='ocrx_word' id='word_1_207' title='bbox 1863 2677 1951 2744; x_wconf 89' lang='lat' dir='ltr'><strong>est</strong></span> <span class='ocrx_word' id='word_1_208' title='bbox 1973 2674 2173 2728; x_wconf 83' lang='lat' dir='ltr'><strong>decur-</strong></span> 
     </span>
    </p>
   </div>
   <div class='ocr_carea' id='block_1_30' title="bbox 524 2761 2169 2837">
    <p class='ocr_par' dir='ltr' id='par_1_30' title="bbox 524 2761 2169 2837">
     <span class='ocr_line' id='line_1_30' title="bbox 524 2761 2169 2837; baseline -0.002 -17"><span class='ocrx_word' id='word_1_209' title='bbox 524 2778 659 2822; x_wconf 86' lang='lat' dir='ltr'><strong>rens</strong></span> <span class='ocrx_word' id='word_1_210' title='bbox 690 2778 794 2837; x_wconf 90' lang='lat' dir='ltr'><strong>per</strong></span> <span class='ocrx_word' id='word_1_211' title='bbox 823 2762 1189 2819; x_wconf 86' lang='lat' dir='ltr'><strong>humillimas</strong></span> <span class='ocrx_word' id='word_1_212' title='bbox 1221 2761 1492 2832; x_wconf 87' lang='lat' dir='ltr'><strong>valles,ut</strong></span> <span class='ocrx_word' id='word_1_213' title='bbox 1508 2763 1680 2818; x_wconf 90' lang='lat' dir='ltr'><strong>siccis</strong></span> <span class='ocrx_word' id='word_1_214' title='bbox 1709 2762 1957 2834; x_wconf 85' lang='lat' dir='ltr'><strong>pedibus</strong></span> <span class='ocrx_word' id='word_1_215' title='bbox 1979 2767 2169 2818; x_wconf 89' lang='lat' dir='ltr'><strong>trans-</strong></span> 
     </span>
    </p>
   </div>
   <div class='ocr_carea' id='block_1_31' title="bbox 523 2850 2170 2924">
    <p class='ocr_par' dir='ltr' id='par_1_31' title="bbox 523 2850 2170 2924">
     <span class='ocr_line' id='line_1_31' title="bbox 523 2850 2170 2924; baseline -0.002 -15"><span class='ocrx_word' id='word_1_216' title='bbox 523 2853 730 2909; x_wconf 88' lang='lat' dir='ltr'><strong>iretur.</strong></span> <span class='ocrx_word' id='word_1_217' title='bbox 765 2851 898 2908; x_wconf 86' lang='lat' dir='ltr'><strong>ideo</strong></span> <span class='ocrx_word' id='word_1_218' title='bbox 930 2857 1126 2908; x_wconf 89' lang='lat' dir='ltr'><strong>autem</strong></span> <span class='ocrx_word' id='word_1_219' title='bbox 1156 2851 1372 2908; x_wconf 88' lang='lat' dir='ltr'><strong>dicitur</strong></span> <span class='ocrx_word' id='word_1_220' title='bbox 1399 2851 1652 2907; x_wconf 81' lang='lat' dir='ltr'><strong>maxime</strong></span> <span class='ocrx_word' id='word_1_221' title='bbox 1683 2852 1742 2906; x_wconf 89' lang='lat' dir='ltr'><strong>in</strong></span> <span class='ocrx_word' id='word_1_222' title='bbox 1774 2856 1997 2924; x_wconf 83' lang='lat' dir='ltr'><strong>septem</strong></span> <span class='ocrx_word' id='word_1_223' title='bbox 2031 2850 2170 2907; x_wconf 89' lang='lat' dir='ltr'><strong>rivis</strong></span> 
     </span>
    </p>
   </div>
   <div class='ocr_carea' id='block_1_32' title="bbox 523 2942 2169 3016">
    <p class='ocr_par' dir='ltr' id='par_1_32' title="bbox 523 2942 2169 3016">
     <span class='ocr_line' id='line_1_32' title="bbox 523 2942 2169 3016; baseline 0 -17"><span class='ocrx_word' id='word_1_224' title='bbox 523 2958 654 2999; x_wconf 87' lang='lat' dir='ltr'><strong>esse</strong></span> <span class='ocrx_word' id='word_1_225' title='bbox 683 2957 1028 3016; x_wconf 85' lang='lat' dir='ltr'><strong>percussum</strong></span> <span class='ocrx_word' id='word_1_226' title='bbox 1045 2942 1190 2998; x_wconf 92' lang='lat' dir='ltr'><strong>illud</strong></span> <span class='ocrx_word' id='word_1_227' title='bbox 1208 2943 1620 3016; x_wconf 87' lang='lat' dir='ltr'><strong>regnum,quia</strong></span> <span class='ocrx_word' id='word_1_228' title='bbox 1632 2947 1858 3015; x_wconf 85' lang='lat' dir='ltr'><strong>septem</strong></span> <span class='ocrx_word' id='word_1_229' title='bbox 1877 2942 2169 3014; x_wconf 88' lang='lat' dir='ltr'><strong>principes</strong></span> 
     </span>
    </p>
   </div>
   <div class='ocr_carea' id='block_1_33' title="bbox 509 3030 2166 3105">
    <p class='ocr_par' dir='ltr' id='par_1_33' title="bbox 509 3030 2166 3105">
     <span class='ocr_line' id='line_1_33' title="bbox 509 3030 2166 3105; baseline -0.001 -17"><span class='ocrx_word' id='word_1_230' title='bbox 509 3048 631 3105; x_wconf 77' lang='lat' dir='ltr'><strong>pro</strong></span> <span class='ocrx_word' id='word_1_231' title='bbox 661 3048 778 3088; x_wconf 89' lang='lat' dir='ltr'><strong>uno</strong></span> <span class='ocrx_word' id='word_1_232' title='bbox 809 3030 1053 3097; x_wconf 84' lang='lat' dir='ltr'><strong>habens,</strong></span> <span class='ocrx_word' id='word_1_233' title='bbox 1077 3030 1266 3104; x_wconf 82' lang='lat' dir='ltr'><strong>gloria</strong></span> <span class='ocrx_word' id='word_1_234' title='bbox 1294 3033 1561 3104; x_wconf 69' lang='lat' dir='ltr'><strong>potentiae</strong></span> <span class='ocrx_word' id='word_1_235' title='bbox 1590 3033 1719 3102; x_wconf 88' lang='lat' dir='ltr'><strong>ejus</strong></span> <span class='ocrx_word' id='word_1_236' title='bbox 1748 3032 2038 3086; x_wconf 89' lang='lat' dir='ltr'><strong>minorata</strong></span> <span class='ocrx_word' id='word_1_237' title='bbox 2057 3035 2166 3087; x_wconf 91' lang='lat' dir='ltr'><strong>est.</strong></span> 
     </span>
    </p>
   </div>
   <div class='ocr_carea' id='block_1_34' title="bbox 523 3118 2166 3192">
    <p class='ocr_par' dir='ltr' id='par_1_34' title="bbox 523 3118 2166 3192">
     <span class='ocr_line' id='line_1_34' title="bbox 523 3118 2166 3192; baseline -0.001 -14"><span class='ocrx_word' id='word_1_238' title='bbox 523 3121 672 3178; x_wconf 80' lang='lat' dir='ltr'><strong>Nam</strong></span> <span class='ocrx_word' id='word_1_239' title='bbox 693 3118 876 3174; x_wconf 87' lang='lat' dir='ltr'><strong>alium</strong></span> <span class='ocrx_word' id='word_1_240' title='bbox 905 3136 1097 3191; x_wconf 86' lang='lat' dir='ltr'><strong>regem</strong></span> <span class='ocrx_word' id='word_1_241' title='bbox 1130 3119 1384 3174; x_wconf 89' lang='lat' dir='ltr'><strong>habebat</strong></span> <span class='ocrx_word' id='word_1_242' title='bbox 1406 3118 1792 3190; x_wconf 89' lang='lat' dir='ltr'><strong>Libya,alium</strong></span> <span class='ocrx_word' id='word_1_243' title='bbox 1818 3119 2166 3192; x_wconf 87' lang='lat' dir='ltr'><strong>Pentapolis,</strong></span> 
     </span>
    </p>
   </div>
   <div class='ocr_carea' id='block_1_35' title="bbox 522 3205 2170 3280">
    <p class='ocr_par' dir='ltr' id='par_1_35' title="bbox 522 3205 2170 3280">
     <span class='ocr_line' id='line_1_35' title="bbox 522 3205 2170 3280; baseline 0.002 -18"><span class='ocrx_word' id='word_1_244' title='bbox 522 3206 706 3264; x_wconf 86' lang='lat' dir='ltr'><strong>alium</strong></span> <span class='ocrx_word' id='word_1_245' title='bbox 737 3205 1104 3274; x_wconf 78' lang='lat' dir='ltr'><strong>Alexandria,</strong></span> <span class='ocrx_word' id='word_1_246' title='bbox 1137 3211 1312 3278; x_wconf 89' lang='lat' dir='ltr'><strong>atque</strong></span> <span class='ocrx_word' id='word_1_247' title='bbox 1344 3205 1526 3262; x_wconf 89' lang='lat' dir='ltr'><strong>alium</strong></span> <span class='ocrx_word' id='word_1_248' title='bbox 1556 3206 1830 3263; x_wconf 88' lang='lat' dir='ltr'><strong>Thebais.</strong></span> <span class='ocrx_word' id='word_1_249' title='bbox 1864 3207 2170 3280; x_wconf 87' lang='lat' dir='ltr'><strong>Propterea</strong></span> 
     </span>
    </p>
   </div>
   <div class='ocr_carea' id='block_1_36' title="bbox 518 3293 2173 3370">
    <p class='ocr_par' dir='ltr' id='par_1_36' title="bbox 518 3293 2173 3370">
     <span class='ocr_line' id='line_1_36' title="bbox 518 3293 2173 3370; baseline 0.001 -19"><span class='ocrx_word' id='word_1_250' title='bbox 518 3309 655 3351; x_wconf 80' lang='lat' dir='ltr'><strong>vero</strong></span> <span class='ocrx_word' id='word_1_251' title='bbox 684 3293 798 3351; x_wconf 88' lang='lat' dir='ltr'><strong>sub</strong></span> <span class='ocrx_word' id='word_1_252' title='bbox 828 3294 1174 3366; x_wconf 86' lang='lat' dir='ltr'><strong>metaphora</strong></span> <span class='ocrx_word' id='word_1_253' title='bbox 1193 3293 1360 3350; x_wconf 87' lang='lat' dir='ltr'><strong>Nilus</strong></span> <span class='ocrx_word' id='word_1_254' title='bbox 1383 3295 1595 3351; x_wconf 88' lang='lat' dir='ltr'><strong>ﬂuvius</strong></span> <span class='ocrx_word' id='word_1_255' title='bbox 1616 3294 1840 3352; x_wconf 87' lang='lat' dir='ltr'><strong>divisus</strong></span> <span class='ocrx_word' id='word_1_256' title='bbox 1857 3300 1946 3352; x_wconf 90' lang='lat' dir='ltr'><strong>est</strong></span> <span class='ocrx_word' id='word_1_257' title='bbox 1964 3297 2024 3352; x_wconf 92' lang='lat' dir='ltr'><strong>in</strong></span> <span class='ocrx_word' id='word_1_258' title='bbox 2047 3315 2173 3370; x_wconf 87' lang='lat' dir='ltr'><strong>par-</strong></span> 
     </span>
    </p>
   </div>
   <div class='ocr_carea' id='block_1_37' title="bbox 518 3381 2173 3456">
    <p class='ocr_par' dir='ltr' id='par_1_37' title="bbox 518 3381 2173 3456">
     <span class='ocr_line' id='line_1_37' title="bbox 518 3381 2173 3456; baseline 0.002 -17"><span class='ocrx_word' id='word_1_259' title='bbox 518 3384 628 3452; x_wconf 82' lang='lat' dir='ltr'><strong>tes,</strong></span> <span class='ocrx_word' id='word_1_260' title='bbox 657 3386 719 3438; x_wconf 89' lang='lat' dir='ltr'><strong>et</strong></span> <span class='ocrx_word' id='word_1_261' title='bbox 745 3397 932 3438; x_wconf 66' lang='lat' dir='ltr'><strong>casus</strong></span> <span class='ocrx_word' id='word_1_262' title='bbox 960 3382 1022 3438; x_wconf 91' lang='lat' dir='ltr'><strong>in</strong></span> <span class='ocrx_word' id='word_1_263' title='bbox 1050 3381 1202 3438; x_wconf 87' lang='lat' dir='ltr'><strong>rivos</strong></span> <span class='ocrx_word' id='word_1_264' title='bbox 1236 3400 1248 3438; x_wconf 93' lang='lat'><strong>:</strong></span> <span class='ocrx_word' id='word_1_265' title='bbox 1283 3388 1350 3438; x_wconf 91' lang='lat' dir='ltr'><strong>ut</strong></span> <span class='ocrx_word' id='word_1_266' title='bbox 1380 3383 1626 3456; x_wconf 87' lang='lat' dir='ltr'><strong>apostoli</strong></span> <span class='ocrx_word' id='word_1_267' title='bbox 1653 3383 1913 3454; x_wconf 83' lang='lat' dir='ltr'><strong>calceati,</strong></span> <span class='ocrx_word' id='word_1_268' title='bbox 1947 3387 2054 3442; x_wconf 92' lang='lat' dir='ltr'><strong>hoc</strong></span> <span class='ocrx_word' id='word_1_269' title='bbox 2083 3393 2173 3443; x_wconf 89' lang='lat' dir='ltr'><strong>est</strong></span> 
     </span>
    </p>
   </div>
   <div class='ocr_carea' id='block_1_38' title="bbox 506 3469 2168 3546">
    <p class='ocr_par' dir='ltr' id='par_1_38' title="bbox 506 3469 2168 3546">
     <span class='ocr_line' id='line_1_38' title="bbox 506 3469 2168 3546; baseline 0.004 -19"><span class='ocrx_word' id='word_1_270' title='bbox 506 3469 650 3527; x_wconf 69' lang='lat' dir='ltr'><strong>sine</strong></span> <span class='ocrx_word' id='word_1_271' title='bbox 677 3470 1122 3544; x_wconf 84' lang='lat' dir='ltr'><strong>impedimento,</strong></span> <span class='ocrx_word' id='word_1_272' title='bbox 1154 3473 1396 3529; x_wconf 89' lang='lat' dir='ltr'><strong>verbum</strong></span> <span class='ocrx_word' id='word_1_273' title='bbox 1427 3473 1720 3546; x_wconf 88' lang='lat' dir='ltr'><strong>Evangelii</strong></span> <span class='ocrx_word' id='word_1_274' title='bbox 1767 3475 2168 3546; x_wconf 66' lang='lat' dir='ltr'><strong>praedicantes,</strong></span> 
     </span>
    </p>
   </div>
   <div class='ocr_carea' id='block_1_39' title="bbox 503 3559 2172 3638">
    <p class='ocr_par' dir='ltr' id='par_1_39' title="bbox 503 3559 2172 3638">
     <span class='ocr_line' id='line_1_39' title="bbox 503 3559 2172 3638; baseline 0.002 -20"><span class='ocrx_word' id='word_1_275' title='bbox 503 3562 763 3633; x_wconf 78' lang='lat' dir='ltr'><strong>possent</strong></span> <span class='ocrx_word' id='word_1_276' title='bbox 789 3559 1116 3618; x_wconf 86' lang='lat' dir='ltr'><strong>discurrere</strong></span> <span class='ocrx_word' id='word_1_277' title='bbox 1158 3560 1358 3630; x_wconf 90' lang='lat' dir='ltr'><strong>libere,</strong></span> <span class='ocrx_word' id='word_1_278' title='bbox 1412 3568 1468 3619; x_wconf 90' lang='lat' dir='ltr'><strong>et</strong></span> <span class='ocrx_word' id='word_1_279' title='bbox 1518 3563 1587 3618; x_wconf 89' lang='lat' dir='ltr'><strong>ad</strong></span> <span class='ocrx_word' id='word_1_280' title='bbox 1639 3562 1878 3620; x_wconf 90' lang='lat' dir='ltr'><strong>ultimos</strong></span> <span class='ocrx_word' id='word_1_281' title='bbox 1927 3565 2172 3638; x_wconf 89' lang='lat' dir='ltr'><strong>populos</strong></span> 
     </span>
    </p>
   </div>
   <div class='ocr_carea' id='block_1_40' title="bbox 521 3650 1096 3724">
    <p class='ocr_par' dir='ltr' id='par_1_40' title="bbox 521 3650 1096 3724">
     <span class='ocr_line' id='line_1_40' title="bbox 521 3650 1096 3724; baseline 0.007 -21"><span class='ocrx_word' id='word_1_282' title='bbox 521 3650 749 3724; x_wconf 60' lang='grc' dir='ltr'><strong>Βαγριὶ</strong></span> <span class='ocrx_word' id='word_1_283' title='bbox 777 3650 1096 3723; x_wconf 88' lang='lat' dir='ltr'><strong>pervenire.</strong></span> 
     </span>
    </p>
   </div>
   <div class='ocr_carea' id='block_1_41' title="bbox 595 3739 2172 3817">
    <p class='ocr_par' dir='ltr' id='par_1_41' title="bbox 595 3739 2172 3817">
     <span class='ocr_line' id='line_1_41' title="bbox 595 3739 2172 3817; baseline 0.001 -19"><span class='ocrx_word' id='word_1_284' title='bbox 595 3761 625 3791; x_wconf 70' lang='grc' dir='ltr'><strong>σε</strong></span> <span class='ocrx_word' id='word_1_285' title='bbox 655 3740 728 3798; x_wconf 81' lang='lat' dir='ltr'><strong>Et</strong></span> <span class='ocrx_word' id='word_1_286' title='bbox 755 3739 868 3796; x_wconf 85' lang='lat' dir='ltr'><strong>erit</strong></span> <span class='ocrx_word' id='word_1_287' title='bbox 894 3740 987 3798; x_wconf 86' lang='lat' dir='ltr'><strong>via</strong></span> <span class='ocrx_word' id='word_1_288' title='bbox 1019 3764 1046 3791; x_wconf 79' lang='lat'><em>»</em></span> <span class='ocrx_word' id='word_1_289' title='bbox 1087 3757 1190 3813; x_wconf 91' lang='lat' dir='ltr'><strong>per</strong></span> <span class='ocrx_word' id='word_1_290' title='bbox 1237 3742 1548 3814; x_wconf 69' lang='lat' dir='ltr'><strong>[Egyptum</strong></span> <span class='ocrx_word' id='word_1_291' title='bbox 1597 3766 1624 3792; x_wconf 86' lang='lat'><strong><em>«</em></strong></span> <span class='ocrx_word' id='word_1_292' title='bbox 1680 3743 1912 3799; x_wconf 90' lang='lat' dir='ltr'><strong>residuo</strong></span> <span class='ocrx_word' id='word_1_293' title='bbox 1958 3744 2172 3817; x_wconf 81' lang='lat' dir='ltr'><strong>populo</strong></span> 
     </span>
    </p>
   </div>
   <div class='ocr_carea' id='block_1_42' title="bbox 524 3828 2170 3904">
    <p class='ocr_par' dir='ltr' id='par_1_42' title="bbox 524 3828 2170 3904">
     <span class='ocr_line' id='line_1_42' title="bbox 524 3828 2170 3904; baseline 0.002 -18"><span class='ocrx_word' id='word_1_294' title='bbox 524 3844 656 3886; x_wconf 90' lang='lat' dir='ltr'><strong>meo</strong></span> <span class='ocrx_word' id='word_1_295' title='bbox 683 3828 786 3902; x_wconf 88' lang='lat' dir='ltr'><strong>qui</strong></span> <span class='ocrx_word' id='word_1_296' title='bbox 813 3828 1180 3902; x_wconf 85' lang='lat' dir='ltr'><strong>relinquetur</strong></span> <span class='ocrx_word' id='word_1_297' title='bbox 1205 3831 1277 3886; x_wconf 91' lang='lat' dir='ltr'><strong>ab</strong></span> <span class='ocrx_word' id='word_1_298' title='bbox 1306 3832 1744 3904; x_wconf 79' lang='lat' dir='ltr'><strong>Assyriis,sieut</strong></span> <span class='ocrx_word' id='word_1_299' title='bbox 1764 3832 1872 3887; x_wconf 78' lang='lat' dir='ltr'><strong>fuit</strong></span> <span class='ocrx_word' id='word_1_300' title='bbox 1894 3834 2088 3889; x_wconf 86' lang='lat' dir='ltr'><strong>Israeli</strong></span> <span class='ocrx_word' id='word_1_301' title='bbox 2112 3835 2170 3889; x_wconf 92' lang='lat' dir='ltr'><strong>in</strong></span> 
     </span>
    </p>
   </div>
   <div class='ocr_carea' id='block_1_43' title="bbox 525 3917 2172 3994">
    <p class='ocr_par' dir='ltr' id='par_1_43' title="bbox 525 3917 2172 3994">
     <span class='ocr_line' id='line_1_43' title="bbox 525 3917 2172 3994; baseline 0.004 -23"><span class='ocrx_word' id='word_1_302' title='bbox 525 3917 618 3973; x_wconf 87' lang='lat' dir='ltr'><strong>die</strong></span> <span class='ocrx_word' id='word_1_303' title='bbox 647 3933 766 3991; x_wconf 86' lang='lat' dir='ltr'><strong>qua</strong></span> <span class='ocrx_word' id='word_1_304' title='bbox 795 3918 1058 3975; x_wconf 87' lang='lat' dir='ltr'><strong>ascendit</strong></span> <span class='ocrx_word' id='word_1_305' title='bbox 1085 3919 1157 3974; x_wconf 91' lang='lat' dir='ltr'><strong>de</strong></span> <span class='ocrx_word' id='word_1_306' title='bbox 1187 3923 1343 3975; x_wconf 90' lang='lat' dir='ltr'><strong>terra</strong></span> <span class='ocrx_word' id='word_1_307' title='bbox 1371 3919 1620 3994; x_wconf 65' lang='lat' dir='ltr'><strong>{EgyptL</strong></span> <span class='ocrx_word' id='word_1_308' title='bbox 1656 3943 1684 3971; x_wconf 85' lang='lat'><em>»</em></span> <span class='ocrx_word' id='word_1_309' title='bbox 1714 3923 1862 3977; x_wconf 90' lang='lat' dir='ltr'><strong>Ante</strong></span> <span class='ocrx_word' id='word_1_310' title='bbox 1901 3922 2172 3978; x_wconf 90' lang='lat' dir='ltr'><strong>nativita-</strong></span> 
     </span>
    </p>
   </div>
   <div class='ocr_carea' id='block_1_44' title="bbox 522 4005 2172 4084">
    <p class='ocr_par' dir='ltr' id='par_1_44' title="bbox 522 4005 2172 4084">
     <span class='ocr_line' id='line_1_44' title="bbox 522 4005 2172 4084; baseline 0.004 -23"><span class='ocrx_word' id='word_1_311' title='bbox 522 4009 643 4061; x_wconf 88' lang='lat' dir='ltr'><strong>tem</strong></span> <span class='ocrx_word' id='word_1_312' title='bbox 673 4005 928 4073; x_wconf 84' lang='lat' dir='ltr'><strong>Domini,</strong></span> <span class='ocrx_word' id='word_1_313' title='bbox 959 4024 1073 4062; x_wconf 90' lang='lat' dir='ltr'><strong>non</strong></span> <span class='ocrx_word' id='word_1_314' title='bbox 1107 4012 1232 4064; x_wconf 89' lang='lat' dir='ltr'><strong>erat</strong></span> <span class='ocrx_word' id='word_1_315' title='bbox 1262 4007 1485 4064; x_wconf 89' lang='lat' dir='ltr'><strong>licitum</strong></span> <span class='ocrx_word' id='word_1_316' title='bbox 1518 4010 1800 4082; x_wconf 90' lang='lat' dir='ltr'><strong>populum</strong></span> <span class='ocrx_word' id='word_1_317' title='bbox 1823 4010 2079 4084; x_wconf 88' lang='lat' dir='ltr'><strong>aliquem</strong></span> <span class='ocrx_word' id='word_1_318' title='bbox 2101 4013 2172 4067; x_wconf 91' lang='lat' dir='ltr'><strong>de</strong></span> 
     </span>
    </p>
   </div>
   <div class='ocr_carea' id='block_1_45' title="bbox 523 4093 2168 4170">
    <p class='ocr_par' dir='ltr' id='par_1_45' title="bbox 523 4093 2168 4170">
     <span class='ocr_line' id='line_1_45' title="bbox 523 4093 2168 4170; baseline 0.005 -21"><span class='ocrx_word' id='word_1_319' title='bbox 523 4096 696 4166; x_wconf 85' lang='lat' dir='ltr'><strong>gente</strong></span> <span class='ocrx_word' id='word_1_320' title='bbox 713 4093 772 4151; x_wconf 90' lang='lat' dir='ltr'><strong>in</strong></span> <span class='ocrx_word' id='word_1_321' title='bbox 790 4097 1024 4169; x_wconf 81' lang='lat' dir='ltr'><strong>gentem</strong></span> <span class='ocrx_word' id='word_1_322' title='bbox 1056 4096 1812 4169; x_wconf 87' lang='lat' dir='ltr'><strong>transire;postpassionem</strong></span> <span class='ocrx_word' id='word_1_323' title='bbox 1833 4116 1965 4156; x_wconf 90' lang='lat' dir='ltr'><strong>vero</strong></span> <span class='ocrx_word' id='word_1_324' title='bbox 1989 4099 2168 4170; x_wconf 88' lang='lat' dir='ltr'><strong>illius,</strong></span> 
     </span>
    </p>
   </div>
   <div class='ocr_carea' id='block_1_46' title="bbox 524 4179 2168 4260">
    <p class='ocr_par' dir='ltr' id='par_1_46' title="bbox 524 4179 2168 4260">
     <span class='ocr_line' id='line_1_46' title="bbox 524 4179 2168 4260; baseline 0.007 -26"><span class='ocrx_word' id='word_1_325' title='bbox 524 4179 760 4238; x_wconf 81' lang='lat' dir='ltr'><strong>libitum</strong></span> <span class='ocrx_word' id='word_1_326' title='bbox 790 4181 997 4241; x_wconf 82' lang='lat' dir='ltr'><strong>habuit</strong></span> <span class='ocrx_word' id='word_1_327' title='bbox 1021 4183 1121 4254; x_wconf 88' lang='lat' dir='ltr'><strong>qui</strong></span> <span class='ocrx_word' id='word_1_328' title='bbox 1139 4182 1320 4240; x_wconf 90' lang='lat' dir='ltr'><strong>voluit</strong></span> <span class='ocrx_word' id='word_1_329' title='bbox 1342 4185 1413 4240; x_wconf 90' lang='lat' dir='ltr'><strong>de</strong></span> <span class='ocrx_word' id='word_1_330' title='bbox 1425 4185 1658 4258; x_wconf 89' lang='lat' dir='ltr'><strong>regione</strong></span> <span class='ocrx_word' id='word_1_331' title='bbox 1674 4186 1732 4242; x_wconf 93' lang='lat' dir='ltr'><strong>in</strong></span> <span class='ocrx_word' id='word_1_332' title='bbox 1752 4188 2046 4260; x_wconf 86' lang='lat' dir='ltr'><strong>regionem</strong></span> <span class='ocrx_word' id='word_1_333' title='bbox 2064 4189 2168 4246; x_wconf 90' lang='lat' dir='ltr'><strong>ire.</strong></span> 
     </span>
    </p>
   </div>
   <div class='ocr_carea' id='block_1_47' title="bbox 523 4267 2169 4347">
    <p class='ocr_par' dir='ltr' id='par_1_47' title="bbox 523 4267 2169 4347">
     <span class='ocr_line' id='line_1_47' title="bbox 523 4267 2169 4347; baseline 0.006 -22"><span class='ocrx_word' id='word_1_334' title='bbox 523 4267 684 4326; x_wconf 78' lang='lat' dir='ltr'><strong>Dicit</strong></span> <span class='ocrx_word' id='word_1_335' title='bbox 701 4284 836 4329; x_wconf 83' lang='lat' dir='ltr'><strong>vero</strong></span> <span class='ocrx_word' id='word_1_336' title='bbox 863 4269 1148 4330; x_wconf 86' lang='lat' dir='ltr'><strong>Dominus</strong></span> <span class='ocrx_word' id='word_1_337' title='bbox 1180 4273 1252 4331; x_wconf 88' lang='lat' dir='ltr'><strong>de</strong></span> <span class='ocrx_word' id='word_1_338' title='bbox 1281 4272 1586 4345; x_wconf 85' lang='lat' dir='ltr'><strong>apostolis,</strong></span> <span class='ocrx_word' id='word_1_339' title='bbox 1641 4280 1698 4332; x_wconf 91' lang='lat' dir='ltr'><strong>et</strong></span> <span class='ocrx_word' id='word_1_340' title='bbox 1745 4276 2038 4347; x_wconf 86' lang='lat' dir='ltr'><strong>primitiva</strong></span> <span class='ocrx_word' id='word_1_341' title='bbox 2065 4279 2169 4334; x_wconf 85' lang='lat' dir='ltr'><strong>Ee-</strong></span> 
     </span>
    </p>
   </div>
   <div class='ocr_carea' id='block_1_48' title="bbox 521 4355 2169 4438">
    <p class='ocr_par' dir='ltr' id='par_1_48' title="bbox 521 4355 2169 4438">
     <span class='ocr_line' id='line_1_48' title="bbox 521 4355 2169 4438; baseline 0.003 -21"><span class='ocrx_word' id='word_1_342' title='bbox 521 4355 722 4430; x_wconf 79' lang='lat' dir='ltr'><strong>cleaia,</strong></span> <span class='ocrx_word' id='word_1_343' title='bbox 750 4362 808 4421; x_wconf 81' lang='lat' dir='ltr'><strong>et</strong></span> <span class='ocrx_word' id='word_1_344' title='bbox 839 4359 909 4419; x_wconf 85' lang='lat' dir='ltr'><strong>de</strong></span> <span class='ocrx_word' id='word_1_345' title='bbox 939 4359 1159 4419; x_wconf 66' lang='lat' dir='ltr'><strong>Judaais</strong></span> <span class='ocrx_word' id='word_1_346' title='bbox 1191 4361 1290 4434; x_wconf 88' lang='lat' dir='ltr'><strong>qui</strong></span> <span class='ocrx_word' id='word_1_347' title='bbox 1322 4360 1380 4417; x_wconf 90' lang='lat' dir='ltr'><strong>in</strong></span> <span class='ocrx_word' id='word_1_348' title='bbox 1415 4377 1550 4416; x_wconf 90' lang='lat' dir='ltr'><strong>eum</strong></span> <span class='ocrx_word' id='word_1_349' title='bbox 1581 4363 2169 4438; x_wconf 88' lang='lat' dir='ltr'><strong>crediderunt,aqui-</strong></span> 
     </span>
    </p>
   </div>
   <div class='ocr_carea' id='block_1_49' title="bbox 522 4446 2170 4525">
    <p class='ocr_par' dir='ltr' id='par_1_49' title="bbox 522 4446 2170 4525">
     <span class='ocr_line' id='line_1_49' title="bbox 522 4446 2170 4525; baseline 0.005 -23"><span class='ocrx_word' id='word_1_350' title='bbox 522 4446 634 4502; x_wconf 86' lang='lat' dir='ltr'><strong>bus</strong></span> <span class='ocrx_word' id='word_1_351' title='bbox 665 4446 1116 4508; x_wconf 81' lang='lat' dir='ltr'><strong>disseminatum</strong></span> <span class='ocrx_word' id='word_1_352' title='bbox 1149 4453 1237 4507; x_wconf 88' lang='lat' dir='ltr'><strong>est</strong></span> <span class='ocrx_word' id='word_1_353' title='bbox 1261 4449 1638 4523; x_wconf 86' lang='lat' dir='ltr'><strong>Evangelium</strong></span> <span class='ocrx_word' id='word_1_354' title='bbox 1669 4469 1773 4525; x_wconf 89' lang='lat' dir='ltr'><strong>per</strong></span> <span class='ocrx_word' id='word_1_355' title='bbox 1793 4457 2044 4524; x_wconf 88' lang='lat' dir='ltr'><strong>quatuor</strong></span> <span class='ocrx_word' id='word_1_356' title='bbox 2063 4455 2170 4511; x_wconf 87' lang='lat' dir='ltr'><strong>cli-</strong></span> 
     </span>
    </p>
   </div>
   <div class='ocr_carea' id='block_1_50' title="bbox 522 4537 2170 4604">
    <p class='ocr_par' dir='ltr' id='par_1_50' title="bbox 522 4537 2170 4604">
     <span class='ocr_line' id='line_1_50' title="bbox 522 4537 2170 4604; baseline 0.006 -13"><span class='ocrx_word' id='word_1_357' title='bbox 522 4539 684 4592; x_wconf 84' lang='lat' dir='ltr'><strong>mata</strong></span> <span class='ocrx_word' id='word_1_358' title='bbox 721 4537 928 4593; x_wconf 85' lang='lat' dir='ltr'><strong>mundi</strong></span> <span class='ocrx_word' id='word_1_359' title='bbox 963 4554 975 4593; x_wconf 90' lang='lat'>:</span> <span class='ocrx_word' id='word_1_360' title='bbox 1010 4539 1173 4604; x_wconf 89' lang='lat' dir='ltr'><strong>Quod</strong></span> <span class='ocrx_word' id='word_1_361' title='bbox 1224 4538 1376 4595; x_wconf 89' lang='lat' dir='ltr'><strong>sicut</strong></span> <span class='ocrx_word' id='word_1_362' title='bbox 1425 4538 1600 4595; x_wconf 88' lang='lat' dir='ltr'><strong>Israel</strong></span> <span class='ocrx_word' id='word_1_363' title='bbox 1652 4540 1812 4596; x_wconf 92' lang='lat' dir='ltr'><strong>nullo</strong></span> <span class='ocrx_word' id='word_1_364' title='bbox 1865 4541 2170 4601; x_wconf 88' lang='lat' dir='ltr'><strong>resistente</strong></span> 
     </span>
    </p>
   </div>
   <div class='ocr_carea' id='block_1_51' title="bbox 521 4624 2166 4706">
    <p class='ocr_par' dir='ltr' id='par_1_51' title="bbox 521 4624 2166 4706">
     <span class='ocr_line' id='line_1_51' title="bbox 521 4624 2166 4706; baseline 0.005 -26"><span class='ocrx_word' id='word_1_365' title='bbox 521 4624 758 4682; x_wconf 83' lang='lat' dir='ltr'><strong>transiit</strong></span> <span class='ocrx_word' id='word_1_366' title='bbox 786 4643 946 4682; x_wconf 89' lang='lat' dir='ltr'><strong>mare</strong></span> <span class='ocrx_word' id='word_1_367' title='bbox 979 4627 1356 4695; x_wconf 81' lang='lat' dir='ltr'><strong>Rubrum,sic</strong></span> <span class='ocrx_word' id='word_1_368' title='bbox 1386 4627 1469 4682; x_wconf 89' lang='lat' dir='ltr'><strong>illi</strong></span> <span class='ocrx_word' id='word_1_369' title='bbox 1503 4645 1616 4684; x_wconf 91' lang='lat' dir='ltr'><strong>non</strong></span> <span class='ocrx_word' id='word_1_370' title='bbox 1650 4629 1839 4685; x_wconf 90' lang='lat' dir='ltr'><strong>solum</strong></span> <span class='ocrx_word' id='word_1_371' title='bbox 1872 4648 1976 4702; x_wconf 90' lang='lat' dir='ltr'><strong>per</strong></span> <span class='ocrx_word' id='word_1_372' title='bbox 1996 4634 2166 4706; x_wconf 72' lang='lat' dir='ltr'><strong>.IEgy-</strong></span> 
     </span>
    </p>
   </div>
   <div class='ocr_carea' id='block_1_52' title="bbox 521 4715 2164 4795">
    <p class='ocr_par' dir='ltr' id='par_1_52' title="bbox 521 4715 2164 4795">
     <span class='ocr_line' id='line_1_52' title="bbox 521 4715 2164 4795; baseline 0.007 -28"><span class='ocrx_word' id='word_1_373' title='bbox 521 4715 710 4784; x_wconf 85' lang='lat' dir='ltr'><strong>ptum,</strong></span> <span class='ocrx_word' id='word_1_374' title='bbox 741 4731 944 4770; x_wconf 88' lang='lat' dir='ltr'><strong>verum</strong></span> <span class='ocrx_word' id='word_1_375' title='bbox 975 4715 1151 4770; x_wconf 90' lang='lat' dir='ltr'><strong>etiam</strong></span> <span class='ocrx_word' id='word_1_376' title='bbox 1182 4733 1284 4787; x_wconf 90' lang='lat' dir='ltr'><strong>per</strong></span> <span class='ocrx_word' id='word_1_377' title='bbox 1315 4716 1460 4772; x_wconf 83' lang='lat' dir='ltr'><strong>ﬂues</strong></span> <span class='ocrx_word' id='word_1_378' title='bbox 1491 4722 1779 4774; x_wconf 77' lang='lat' dir='ltr'><strong>temarum</strong></span> <span class='ocrx_word' id='word_1_379' title='bbox 1811 4721 2164 4795; x_wconf 69' lang='lat' dir='ltr'><strong>(Psal.xvn.i),</strong></span> 
     </span>
    </p>
   </div>
   <div class='ocr_carea' id='block_1_53' title="bbox 519 4797 1791 4873">
    <p class='ocr_par' dir='ltr' id='par_1_53' title="bbox 519 4797 1791 4873">
     <span class='ocr_line' id='line_1_53' title="bbox 519 4797 1791 4873; baseline 0.004 -16"><span class='ocrx_word' id='word_1_380' title='bbox 519 4797 648 4857; x_wconf 88' lang='lat' dir='ltr'><strong>sine</strong></span> <span class='ocrx_word' id='word_1_381' title='bbox 675 4799 871 4873; x_wconf 91' lang='lat' dir='ltr'><strong>aliquo</strong></span> <span class='ocrx_word' id='word_1_382' title='bbox 903 4803 1204 4860; x_wconf 90' lang='lat' dir='ltr'><strong>obstaculo</strong></span> <span class='ocrx_word' id='word_1_383' title='bbox 1236 4805 1542 4861; x_wconf 89' lang='lat' dir='ltr'><strong>transituri</strong></span> <span class='ocrx_word' id='word_1_384' title='bbox 1576 4813 1791 4864; x_wconf 88' lang='lat' dir='ltr'><strong>essent.</strong></span> 
     </span>
    </p>
   </div>
   <div class='ocr_carea' id='block_1_54' title="bbox 1151 4945 1534 5004">
    <p class='ocr_par' dir='ltr' id='par_1_54' title="bbox 1151 4945 1534 5004">
     <span class='ocr_line' id='line_1_54' title="bbox 1151 4945 1534 5004; baseline 0.005 -4"><span class='ocrx_word' id='word_1_385' title='bbox 1151 4945 1384 5004; x_wconf 85' lang='lat' dir='ltr'><strong>CAPUT</strong></span> <span class='ocrx_word' id='word_1_386' title='bbox 1415 4948 1534 5004; x_wconf 82' lang='lat' dir='ltr'><strong>XII.</strong></span> 
     </span>
    </p>
   </div>
   <div class='ocr_carea' id='block_1_55' title="bbox 588 5071 2160 5149">
    <p class='ocr_par' dir='ltr' id='par_1_55' title="bbox 588 5071 2160 5149">
     <span class='ocr_line' id='line_1_55' title="bbox 588 5071 2160 5149; baseline 0.008 -27"><span class='ocrx_word' id='word_1_387' title='bbox 588 5094 617 5122; x_wconf 83' lang='lat'><strong><em>«</em></strong></span> <span class='ocrx_word' id='word_1_388' title='bbox 651 5071 720 5128; x_wconf 90' lang='lat' dir='ltr'><strong>Et</strong></span> <span class='ocrx_word' id='word_1_389' title='bbox 750 5072 910 5130; x_wconf 88' lang='lat' dir='ltr'><strong>dices</strong></span> <span class='ocrx_word' id='word_1_390' title='bbox 960 5073 1020 5128; x_wconf 92' lang='lat' dir='ltr'><strong>in</strong></span> <span class='ocrx_word' id='word_1_391' title='bbox 1072 5074 1164 5128; x_wconf 89' lang='lat' dir='ltr'><strong>die</strong></span> <span class='ocrx_word' id='word_1_392' title='bbox 1208 5072 1329 5129; x_wconf 86' lang='lat' dir='ltr'><strong>illa.</strong></span> <span class='ocrx_word' id='word_1_393' title='bbox 1368 5098 1395 5123; x_wconf 82' lang='grc'><strong>››</strong></span> <span class='ocrx_word' id='word_1_394' title='bbox 1431 5075 1712 5145; x_wconf 87' lang='lat' dir='ltr'><strong>Loquitur</strong></span> <span class='ocrx_word' id='word_1_395' title='bbox 1764 5078 2045 5149; x_wconf 88' lang='lat' dir='ltr'><strong>propheta</strong></span> <span class='ocrx_word' id='word_1_396' title='bbox 2091 5080 2160 5134; x_wconf 91' lang='lat' dir='ltr'><strong>ad</strong></span> 
     </span>
    </p>
   </div>
   <div class='ocr_carea' id='block_1_56' title="bbox 513 5161 2160 5232">
    <p class='ocr_par' dir='ltr' id='par_1_56' title="bbox 513 5161 2160 5232">
     <span class='ocr_line' id='line_1_56' title="bbox 513 5161 2160 5232; baseline 0.005 -18"><span class='ocrx_word' id='word_1_397' title='bbox 513 5163 728 5216; x_wconf 74' lang='lat' dir='ltr'><strong>emtum</strong></span> <span class='ocrx_word' id='word_1_398' title='bbox 743 5161 1197 5229; x_wconf 90' lang='lat' dir='ltr'><strong>credentium,ut</strong></span> <span class='ocrx_word' id='word_1_399' title='bbox 1219 5178 1322 5216; x_wconf 90' lang='lat' dir='ltr'><strong>con</strong></span> <span class='ocrx_word' id='word_1_400' title='bbox 1335 5164 1565 5217; x_wconf 80' lang='lat' dir='ltr'><strong>ﬁtentur</strong></span> <span class='ocrx_word' id='word_1_401' title='bbox 1578 5164 1824 5220; x_wconf 90' lang='lat' dir='ltr'><strong>Domino</strong></span> <span class='ocrx_word' id='word_1_402' title='bbox 1848 5167 1903 5220; x_wconf 89' lang='lat' dir='ltr'><strong>in</strong></span> <span class='ocrx_word' id='word_1_403' title='bbox 1929 5166 2025 5222; x_wconf 88' lang='lat' dir='ltr'><strong>illa</strong></span> <span class='ocrx_word' id='word_1_404' title='bbox 2048 5168 2160 5232; x_wconf 84' lang='lat' dir='ltr'><strong>die,</strong></span> 
     </span>
    </p>
   </div>
   <div class='ocr_carea' id='block_1_57' title="bbox 513 5247 2162 5327">
    <p class='ocr_par' dir='ltr' id='par_1_57' title="bbox 513 5247 2162 5327">
     <span class='ocr_line' id='line_1_57' title="bbox 513 5247 2162 5327; baseline 0.005 -24"><span class='ocrx_word' id='word_1_405' title='bbox 513 5247 623 5303; x_wconf 88' lang='lat' dir='ltr'><strong>hoc</strong></span> <span class='ocrx_word' id='word_1_406' title='bbox 643 5250 918 5307; x_wconf 91' lang='lat' dir='ltr'><strong>estinillo</strong></span> <span class='ocrx_word' id='word_1_407' title='bbox 937 5257 1357 5324; x_wconf 88' lang='lat' dir='ltr'><strong>tempore,cum</strong></span> <span class='ocrx_word' id='word_1_408' title='bbox 1391 5252 1658 5323; x_wconf 89' lang='lat' dir='ltr'><strong>dispersa</strong></span> <span class='ocrx_word' id='word_1_409' title='bbox 1692 5254 1862 5308; x_wconf 80' lang='lat' dir='ltr'><strong>fuerit</strong></span> <span class='ocrx_word' id='word_1_410' title='bbox 1881 5256 2162 5327; x_wconf 55' lang='lat' dir='ltr'><strong>Atgyptus</strong></span> 
     </span>
    </p>
   </div>
   <div class='ocr_carea' id='block_1_58' title="bbox 485 5335 2160 5414">
    <p class='ocr_par' dir='ltr' id='par_1_58' title="bbox 485 5335 2160 5414">
     <span class='ocr_line' id='line_1_58' title="bbox 485 5335 2160 5414; baseline 0.005 -23"><span class='ocrx_word' id='word_1_411' title='bbox 485 5335 572 5393; x_wconf 85' lang='lat' dir='ltr'><strong>&#39;in</strong></span> <span class='ocrx_word' id='word_1_412' title='bbox 603 5343 829 5410; x_wconf 82' lang='lat' dir='ltr'><strong>septem</strong></span> <span class='ocrx_word' id='word_1_413' title='bbox 860 5341 1176 5413; x_wconf 89' lang='lat' dir='ltr'><strong>principes,</strong></span> <span class='ocrx_word' id='word_1_414' title='bbox 1209 5345 1266 5395; x_wconf 90' lang='lat' dir='ltr'><strong>et</strong></span> <span class='ocrx_word' id='word_1_415' title='bbox 1299 5345 1524 5396; x_wconf 87' lang='lat' dir='ltr'><strong>mutata</strong></span> <span class='ocrx_word' id='word_1_416' title='bbox 1552 5339 1753 5413; x_wconf 88' lang='lat' dir='ltr'><strong>lingua</strong></span> <span class='ocrx_word' id='word_1_417' title='bbox 1782 5344 1910 5414; x_wconf 88' lang='lat' dir='ltr'><strong>ejus</strong></span> <span class='ocrx_word' id='word_1_418' title='bbox 1941 5346 2009 5398; x_wconf 86' lang='lat' dir='ltr'><strong>ad</strong></span> <span class='ocrx_word' id='word_1_419' title='bbox 2037 5344 2160 5399; x_wconf 90' lang='lat' dir='ltr'><strong>lau-</strong></span> 
     </span>
    </p>
   </div>
   <div class='ocr_carea' id='block_1_59' title="bbox 514 5425 2159 5499">
    <p class='ocr_par' dir='ltr' id='par_1_59' title="bbox 514 5425 2159 5499">
     <span class='ocr_line' id='line_1_59' title="bbox 514 5425 2159 5499; baseline 0.002 -15"><span class='ocrx_word' id='word_1_420' title='bbox 514 5425 778 5486; x_wconf 82' lang='lat' dir='ltr'><strong>dandum</strong></span> <span class='ocrx_word' id='word_1_421' title='bbox 809 5428 1091 5488; x_wconf 89' lang='lat' dir='ltr'><strong>Deum.Et</strong></span> <span class='ocrx_word' id='word_1_422' title='bbox 1110 5429 1263 5486; x_wconf 85' lang='lat' dir='ltr'><strong>sicut</strong></span> <span class='ocrx_word' id='word_1_423' title='bbox 1291 5427 1545 5484; x_wconf 90' lang='lat' dir='ltr'><strong>cantavit</strong></span> <span class='ocrx_word' id='word_1_424' title='bbox 1573 5430 1865 5486; x_wconf 70' lang='lat' dir='ltr'><strong>canticum</strong></span> <span class='ocrx_word' id='word_1_425' title='bbox 1891 5433 2159 5499; x_wconf 90' lang='lat' dir='ltr'><strong>Domino,</strong></span> 
     </span>
    </p>
   </div>
   <div class='ocr_carea' id='block_1_60' title="bbox 509 5515 2158 5594">
    <p class='ocr_par' dir='ltr' id='par_1_60' title="bbox 509 5515 2158 5594">
     <span class='ocr_line' id='line_1_60' title="bbox 509 5515 2158 5594; baseline 0.006 -27"><span class='ocrx_word' id='word_1_426' title='bbox 509 5515 746 5582; x_wconf 87' lang='lat' dir='ltr'><strong>quando</strong></span> <span class='ocrx_word' id='word_1_427' title='bbox 804 5532 1078 5589; x_wconf 89' lang='lat' dir='ltr'><strong>egressus</strong></span> <span class='ocrx_word' id='word_1_428' title='bbox 1145 5522 1235 5573; x_wconf 91' lang='lat' dir='ltr'><strong>est</strong></span> <span class='ocrx_word' id='word_1_429' title='bbox 1298 5535 1366 5574; x_wconf 84' lang='lat' dir='ltr'><strong>ex</strong></span> <span class='ocrx_word' id='word_1_430' title='bbox 1423 5518 1719 5590; x_wconf 88' lang='lat' dir='ltr'><strong>ergastulo</strong></span> <span class='ocrx_word' id='word_1_431' title='bbox 1762 5521 2158 5594; x_wconf 64' lang='lat' dir='ltr'><strong>XEgyptiorum</strong></span> 
     </span>
    </p>
   </div>
   <div class='ocr_carea' id='block_1_61' title="bbox 507 5601 2160 5682">
    <p class='ocr_par' dir='ltr' id='par_1_61' title="bbox 507 5601 2160 5682">
     <span class='ocr_line' id='line_1_61' title="bbox 507 5601 2160 5682; baseline 0.006 -24"><span class='ocrx_word' id='word_1_432' title='bbox 507 5601 756 5663; x_wconf 86' lang='lat' dir='ltr'><strong>transito</strong></span> <span class='ocrx_word' id='word_1_433' title='bbox 779 5606 947 5678; x_wconf 89' lang='lat' dir='ltr'><strong>mari,</strong></span> <span class='ocrx_word' id='word_1_434' title='bbox 973 5607 1175 5668; x_wconf 86' lang='lat' dir='ltr'><strong>dicens</strong></span> <span class='ocrx_word' id='word_1_435' title='bbox 1210 5625 1222 5663; x_wconf 90' lang='lat'>:</span> <span class='ocrx_word' id='word_1_436' title='bbox 1257 5607 1577 5671; x_wconf 86' lang='lat' dir='ltr'><strong>Cantemus</strong></span> <span class='ocrx_word' id='word_1_437' title='bbox 1609 5607 1875 5682; x_wconf 82' lang='lat' dir='ltr'><strong>Domino,</strong></span> <span class='ocrx_word' id='word_1_438' title='bbox 1910 5609 2160 5682; x_wconf 82' lang='lat' dir='ltr'><strong>gloriose</strong></span> 
     </span>
    </p>
   </div>
   <div class='ocr_carea' id='block_1_62' title="bbox 2272 535 3812 612">
    <p class='ocr_par' dir='ltr' id='par_1_62' title="bbox 2272 535 3812 612">
     <span class='ocr_line' id='line_1_62' title="bbox 2272 535 3812 612; baseline 0.004 -20"><span class='ocrx_word' id='word_1_439' title='bbox 2272 537 2462 592; x_wconf 88' lang='lat' dir='ltr'><strong>lutum</strong></span> <span class='ocrx_word' id='word_1_440' title='bbox 2496 538 2671 592; x_wconf 84' lang='lat' dir='ltr'><strong>fuerit</strong></span> <span class='ocrx_word' id='word_1_441' title='bbox 2689 537 3002 609; x_wconf 90' lang='lat' dir='ltr'><strong>imperium</strong></span> <span class='ocrx_word' id='word_1_442' title='bbox 3036 535 3342 602; x_wconf 88' lang='lat' dir='ltr'><strong>illorum,et</strong></span> <span class='ocrx_word' id='word_1_443' title='bbox 3363 537 3609 595; x_wconf 82' lang='lat' dir='ltr'><strong>Dominus</strong></span> <span class='ocrx_word' id='word_1_444' title='bbox 3627 542 3812 612; x_wconf 73' lang='lat' dir='ltr'><strong>cmperit</strong></span> 
     </span>
    </p>
   </div>
   <div class='ocr_carea' id='block_1_63' title="bbox 2275 624 3812 698">
    <p class='ocr_par' dir='ltr' id='par_1_63' title="bbox 2275 624 3812 698">
     <span class='ocr_line' id='line_1_63' title="bbox 2275 624 3812 698; baseline 0.003 -17"><span class='ocrx_word' id='word_1_445' title='bbox 2275 642 2515 698; x_wconf 83' lang='lat' dir='ltr'><strong>regnare</strong></span> <span class='ocrx_word' id='word_1_446' title='bbox 2537 643 2714 698; x_wconf 89' lang='lat' dir='ltr'><strong>super</strong></span> <span class='ocrx_word' id='word_1_447' title='bbox 2735 625 2867 682; x_wconf 92' lang='lat' dir='ltr'><strong>illos</strong></span> <span class='ocrx_word' id='word_1_448' title='bbox 2891 641 2904 679; x_wconf 87' lang='lat'>:</span> <span class='ocrx_word' id='word_1_449' title='bbox 2931 624 3185 698; x_wconf 88' lang='lat' dir='ltr'><strong>psallens</strong></span> <span class='ocrx_word' id='word_1_450' title='bbox 3215 643 3338 681; x_wconf 91' lang='lat' dir='ltr'><strong>cum</strong></span> <span class='ocrx_word' id='word_1_451' title='bbox 3361 626 3538 683; x_wconf 70' lang='lat' dir='ltr'><strong>lzetitia</strong></span> <span class='ocrx_word' id='word_1_452' title='bbox 3557 633 3605 683; x_wconf 88' lang='lat' dir='ltr'><strong>et</strong></span> <span class='ocrx_word' id='word_1_453' title='bbox 3621 630 3812 686; x_wconf 75' lang='lat' dir='ltr'><strong>exsulta-</strong></span> 
     </span>
    </p>
   </div>
   <div class='ocr_carea' id='block_1_64' title="bbox 2274 713 3814 784">
    <p class='ocr_par' dir='ltr' id='par_1_64' title="bbox 2274 713 3814 784">
     <span class='ocr_line' id='line_1_64' title="bbox 2274 713 3814 784; baseline 0.003 -16"><span class='ocrx_word' id='word_1_454' title='bbox 2274 715 2448 784; x_wconf 89' lang='lat' dir='ltr'><strong>tione,</strong></span> <span class='ocrx_word' id='word_1_455' title='bbox 2485 715 2686 770; x_wconf 88' lang='lat' dir='ltr'><strong>diccns</strong></span> <span class='ocrx_word' id='word_1_456' title='bbox 2719 733 2732 770; x_wconf 92' lang='lat'>:</span> <span class='ocrx_word' id='word_1_457' title='bbox 2774 736 2800 768; x_wconf 79' lang='grc' dir='ltr'><strong>α</strong></span> <span class='ocrx_word' id='word_1_458' title='bbox 2838 715 3130 770; x_wconf 82' lang='lat' dir='ltr'><strong>Conﬁteor</strong></span> <span class='ocrx_word' id='word_1_459' title='bbox 3171 713 3291 782; x_wconf 89' lang='lat' dir='ltr'><strong>tibi,</strong></span> <span class='ocrx_word' id='word_1_460' title='bbox 3323 715 3560 783; x_wconf 89' lang='lat' dir='ltr'><strong>Domine,</strong></span> <span class='ocrx_word' id='word_1_461' title='bbox 3589 738 3613 767; x_wconf 87' lang='lat'>»</span> <span class='ocrx_word' id='word_1_462' title='bbox 3640 718 3728 773; x_wconf 87' lang='lat' dir='ltr'><strong>hoc</strong></span> <span class='ocrx_word' id='word_1_463' title='bbox 3750 723 3814 774; x_wconf 85' lang='lat' dir='ltr'><strong>est</strong></span> 
     </span>
    </p>
   </div>
   <div class='ocr_carea' id='block_1_65' title="bbox 2273 803 3814 876">
    <p class='ocr_par' dir='ltr' id='par_1_65' title="bbox 2273 803 3814 876">
     <span class='ocr_line' id='line_1_65' title="bbox 2273 803 3814 876; baseline 0.006 -20"><span class='ocrx_word' id='word_1_464' title='bbox 2273 803 2610 874; x_wconf 83' lang='lat' dir='ltr'><strong>glorificabo</strong></span> <span class='ocrx_word' id='word_1_465' title='bbox 2644 809 2699 858; x_wconf 91' lang='lat' dir='ltr'><strong>te</strong></span> <span class='ocrx_word' id='word_1_466' title='bbox 2731 809 2788 859; x_wconf 88' lang='lat' dir='ltr'><strong>et</strong></span> <span class='ocrx_word' id='word_1_467' title='bbox 2819 804 3223 876; x_wconf 84' lang='lat' dir='ltr'><strong>magniﬁcabo,</strong></span> <span class='ocrx_word' id='word_1_468' title='bbox 3259 824 3284 856; x_wconf 80' lang='grc' dir='ltr'>α</span> <span class='ocrx_word' id='word_1_469' title='bbox 3305 805 3558 875; x_wconf 79' lang='lat' dir='ltr'><strong>quoniam</strong></span> <span class='ocrx_word' id='word_1_470' title='bbox 3586 806 3705 862; x_wconf 86' lang='lat' dir='ltr'><strong>iram</strong></span> <span class='ocrx_word' id='word_1_471' title='bbox 3731 827 3814 865; x_wconf 85' lang='lat' dir='ltr'><strong>me-</strong></span> 
     </span>
    </p>
   </div>
   <div class='ocr_carea' id='block_1_66' title="bbox 2275 892 3815 964">
    <p class='ocr_par' dir='ltr' id='par_1_66' title="bbox 2275 892 3815 964">
     <span class='ocr_line' id='line_1_66' title="bbox 2275 892 3815 964; baseline 0.005 -18"><span class='ocrx_word' id='word_1_472' title='bbox 2275 892 2384 960; x_wconf 90' lang='lat' dir='ltr'><strong>rui,</strong></span> <span class='ocrx_word' id='word_1_473' title='bbox 2419 893 2519 948; x_wconf 90' lang='lat' dir='ltr'><strong>sed</strong></span> <span class='ocrx_word' id='word_1_474' title='bbox 2553 894 2713 947; x_wconf 80' lang='lat' dir='ltr'><strong>furor</strong></span> <span class='ocrx_word' id='word_1_475' title='bbox 2743 897 2881 948; x_wconf 90' lang='lat' dir='ltr'><strong>tuus</strong></span> <span class='ocrx_word' id='word_1_476' title='bbox 2911 894 2971 947; x_wconf 91' lang='lat' dir='ltr'><strong>in</strong></span> <span class='ocrx_word' id='word_1_477' title='bbox 3005 892 3449 948; x_wconf 89' lang='lat' dir='ltr'><strong>misericordiam</strong></span> <span class='ocrx_word' id='word_1_478' title='bbox 3476 909 3650 948; x_wconf 87' lang='lat' dir='ltr'><strong>versus</strong></span> <span class='ocrx_word' id='word_1_479' title='bbox 3677 901 3760 964; x_wconf 88' lang='lat' dir='ltr'><strong>est,</strong></span> <span class='ocrx_word' id='word_1_480' title='bbox 3775 903 3815 953; x_wconf 87' lang='lat' dir='ltr'><strong>et</strong></span> 
     </span>
    </p>
   </div>
   <div class='ocr_carea' id='block_1_67' title="bbox 2274 980 3814 1052">
    <p class='ocr_par' dir='ltr' id='par_1_67' title="bbox 2274 980 3814 1052">
     <span class='ocr_line' id='line_1_67' title="bbox 2274 980 3814 1052; baseline 0.003 -16"><span class='ocrx_word' id='word_1_481' title='bbox 2274 980 2610 1038; x_wconf 88' lang='lat' dir='ltr'><strong>consolatus</strong></span> <span class='ocrx_word' id='word_1_482' title='bbox 2639 1000 2701 1038; x_wconf 89' lang='lat' dir='ltr'><strong>es</strong></span> <span class='ocrx_word' id='word_1_483' title='bbox 2732 999 2845 1051; x_wconf 90' lang='lat' dir='ltr'><strong>me,</strong></span> <span class='ocrx_word' id='word_1_484' title='bbox 2878 1002 2906 1034; x_wconf 75' lang='grc' dir='ltr'>ιο</span> <span class='ocrx_word' id='word_1_485' title='bbox 2944 983 3001 1037; x_wconf 91' lang='lat' dir='ltr'><strong>id</strong></span> <span class='ocrx_word' id='word_1_486' title='bbox 3035 987 3124 1038; x_wconf 89' lang='lat' dir='ltr'><strong>est</strong></span> <span class='ocrx_word' id='word_1_487' title='bbox 3152 981 3446 1052; x_wconf 87' lang='lat' dir='ltr'><strong>suscepisti</strong></span> <span class='ocrx_word' id='word_1_488' title='bbox 3485 998 3568 1037; x_wconf 89' lang='lat' dir='ltr'><strong>me</strong></span> <span class='ocrx_word' id='word_1_489' title='bbox 3609 987 3656 1038; x_wconf 87' lang='lat' dir='ltr'><strong>et</strong></span> <span class='ocrx_word' id='word_1_490' title='bbox 3697 985 3814 1041; x_wconf 81' lang='lat' dir='ltr'><strong>rede-</strong></span> 
     </span>
    </p>
   </div>
   <div class='ocr_carea' id='block_1_68' title="bbox 2275 1069 3458 1127">
    <p class='ocr_par' dir='ltr' id='par_1_68' title="bbox 2275 1069 3458 1127">
     <span class='ocr_line' id='line_1_68' title="bbox 2275 1069 3458 1127; baseline -0.001 -3"><span class='ocrx_word' id='word_1_491' title='bbox 2275 1070 2434 1125; x_wconf 90' lang='lat' dir='ltr'><strong>misti</strong></span> <span class='ocrx_word' id='word_1_492' title='bbox 2467 1070 2538 1126; x_wconf 89' lang='lat' dir='ltr'><strong>de</strong></span> <span class='ocrx_word' id='word_1_493' title='bbox 2571 1088 2750 1126; x_wconf 91' lang='lat' dir='ltr'><strong>manu</strong></span> <span class='ocrx_word' id='word_1_494' title='bbox 2782 1070 2987 1127; x_wconf 89' lang='lat' dir='ltr'><strong>mortis</strong></span> <span class='ocrx_word' id='word_1_495' title='bbox 3018 1075 3076 1126; x_wconf 89' lang='lat' dir='ltr'><strong>et</strong></span> <span class='ocrx_word' id='word_1_496' title='bbox 3106 1069 3458 1126; x_wconf 86' lang='lat' dir='ltr'><strong>calamitatis.</strong></span> 
     </span>
    </p>
   </div>
   <div class='ocr_carea' id='block_1_69' title="bbox 2349 1159 3815 1228">
    <p class='ocr_par' dir='ltr' id='par_1_69' title="bbox 2349 1159 3815 1228">
     <span class='ocr_line' id='line_1_69' title="bbox 2349 1159 3815 1228; baseline 0.003 -16"><span class='ocrx_word' id='word_1_497' title='bbox 2349 1182 2376 1210; x_wconf 83' lang='lat'><strong>«</strong></span> <span class='ocrx_word' id='word_1_498' title='bbox 2405 1160 2547 1214; x_wconf 90' lang='lat' dir='ltr'><strong>Ecce</strong></span> <span class='ocrx_word' id='word_1_499' title='bbox 2589 1161 2742 1215; x_wconf 92' lang='lat' dir='ltr'><strong>Deus</strong></span> <span class='ocrx_word' id='word_1_500' title='bbox 2793 1159 3049 1215; x_wconf 87' lang='lat' dir='ltr'><strong>salvator</strong></span> <span class='ocrx_word' id='word_1_501' title='bbox 3093 1174 3276 1214; x_wconf 90' lang='lat' dir='ltr'><strong>meus.</strong></span> <span class='ocrx_word' id='word_1_502' title='bbox 3325 1183 3350 1208; x_wconf 82' lang='lat' dir='ltr'><em>n</em></span> <span class='ocrx_word' id='word_1_503' title='bbox 3391 1159 3546 1216; x_wconf 85' lang='lat' dir='ltr'><strong>Jesus</strong></span> <span class='ocrx_word' id='word_1_504' title='bbox 3588 1161 3815 1228; x_wconf 83' lang='lat' dir='ltr'><strong>Hebraice,</strong></span> 
     </span>
    </p>
   </div>
   <div class='ocr_carea' id='block_1_70' title="bbox 2277 1249 3817 1322">
    <p class='ocr_par' dir='ltr' id='par_1_70' title="bbox 2277 1249 3817 1322">
     <span class='ocr_line' id='line_1_70' title="bbox 2277 1249 3817 1322; baseline 0.001 -18"><span class='ocrx_word' id='word_1_505' title='bbox 2277 1249 2479 1304; x_wconf 90' lang='lat' dir='ltr'><strong>Latine</strong></span> <span class='ocrx_word' id='word_1_506' title='bbox 2507 1249 2764 1306; x_wconf 78' lang='lat' dir='ltr'><strong>Salvator</strong></span> <span class='ocrx_word' id='word_1_507' title='bbox 2786 1250 3222 1322; x_wconf 86' lang='lat' dir='ltr'><strong>interpretatur.</strong></span> <span class='ocrx_word' id='word_1_508' title='bbox 3271 1249 3338 1304; x_wconf 89' lang='lat' dir='ltr'><strong>Et</strong></span> <span class='ocrx_word' id='word_1_509' title='bbox 3380 1263 3544 1319; x_wconf 86' lang='lat' dir='ltr'><strong>quare</strong></span> <span class='ocrx_word' id='word_1_510' title='bbox 3585 1249 3817 1306; x_wconf 79' lang='lat' dir='ltr'><strong>Salvator?</strong></span> 
     </span>
    </p>
   </div>
   <div class='ocr_carea' id='block_1_71' title="bbox 2273 1336 3819 1411">
    <p class='ocr_par' dir='ltr' id='par_1_71' title="bbox 2273 1336 3819 1411">
     <span class='ocr_line' id='line_1_71' title="bbox 2273 1336 3819 1411; baseline 0.001 -18"><span class='ocrx_word' id='word_1_511' title='bbox 2273 1338 2596 1411; x_wconf 70' lang='lat' dir='ltr'><strong>quiacipse</strong></span> <span class='ocrx_word' id='word_1_512' title='bbox 2626 1339 2851 1395; x_wconf 89' lang='lat' dir='ltr'><strong>salvum</strong></span> <span class='ocrx_word' id='word_1_513' title='bbox 2884 1339 3054 1394; x_wconf 81' lang='lat' dir='ltr'><strong>faciet</strong></span> <span class='ocrx_word' id='word_1_514' title='bbox 3084 1336 3359 1410; x_wconf 88' lang='lat' dir='ltr'><strong>populum</strong></span> <span class='ocrx_word' id='word_1_515' title='bbox 3389 1354 3546 1394; x_wconf 89' lang='lat' dir='ltr'><strong>suum</strong></span> <span class='ocrx_word' id='word_1_516' title='bbox 3574 1355 3602 1393; x_wconf 89' lang='lat' dir='ltr'>a</span> <span class='ocrx_word' id='word_1_517' title='bbox 3628 1340 3819 1411; x_wconf 86' lang='lat' dir='ltr'><strong>peccatis</strong></span> 
     </span>
    </p>
   </div>
   <div class='ocr_carea' id='block_1_72' title="bbox 2271 1427 3820 1500">
    <p class='ocr_par' dir='ltr' id='par_1_72' title="bbox 2271 1427 3820 1500">
     <span class='ocr_line' id='line_1_72' title="bbox 2271 1427 3820 1500; baseline 0.001 -19"><span class='ocrx_word' id='word_1_518' title='bbox 2271 1441 2474 1482; x_wconf 91' lang='lat' dir='ltr'><strong>eorum</strong></span> <span class='ocrx_word' id='word_1_519' title='bbox 2507 1427 2730 1500; x_wconf 73' lang='lat' dir='ltr'><strong>(Matth.</strong></span> <span class='ocrx_word' id='word_1_520' title='bbox 2766 1430 2823 1497; x_wconf 88' lang='grc' dir='ltr'><strong>ι).</strong></span> <span class='ocrx_word' id='word_1_521' title='bbox 2857 1448 2885 1480; x_wconf 70' lang='grc' dir='ltr'><strong><em>υ</em></strong></span> <span class='ocrx_word' id='word_1_522' title='bbox 2923 1428 3065 1483; x_wconf 90' lang='lat' dir='ltr'><strong>Ecce</strong></span> <span class='ocrx_word' id='word_1_523' title='bbox 3094 1427 3267 1484; x_wconf 88' lang='lat' dir='ltr'><strong>Deus</strong></span> <span class='ocrx_word' id='word_1_524' title='bbox 3313 1443 3490 1495; x_wconf 90' lang='lat' dir='ltr'><strong>meus,</strong></span> <span class='ocrx_word' id='word_1_525' title='bbox 3517 1427 3663 1484; x_wconf 86' lang='lat' dir='ltr'><strong>Jesus</strong></span> <span class='ocrx_word' id='word_1_526' title='bbox 3699 1444 3820 1483; x_wconf 82' lang='lat' dir='ltr'><strong>meus</strong></span> 
     </span>
    </p>
   </div>
   <div class='ocr_carea' id='block_1_73' title="bbox 2264 1515 3820 1589">
    <p class='ocr_par' dir='ltr' id='par_1_73' title="bbox 2264 1515 3820 1589">
     <span class='ocr_line' id='line_1_73' title="bbox 2264 1515 3820 1589; baseline -0.001 -17"><span class='ocrx_word' id='word_1_527' title='bbox 2264 1516 2391 1587; x_wconf 89' lang='lat' dir='ltr'><strong>jam</strong></span> <span class='ocrx_word' id='word_1_528' title='bbox 2413 1515 2589 1584; x_wconf 90' lang='lat' dir='ltr'><strong>venit,</strong></span> <span class='ocrx_word' id='word_1_529' title='bbox 2615 1517 2742 1587; x_wconf 92' lang='lat' dir='ltr'><strong>jam</strong></span> <span class='ocrx_word' id='word_1_530' title='bbox 2773 1533 2868 1572; x_wconf 89' lang='lat' dir='ltr'><strong>me</strong></span> <span class='ocrx_word' id='word_1_531' title='bbox 2897 1533 3004 1572; x_wconf 92' lang='lat' dir='ltr'><strong>suo</strong></span> <span class='ocrx_word' id='word_1_532' title='bbox 3037 1515 3320 1589; x_wconf 87' lang='lat' dir='ltr'><strong>sanguine</strong></span> <span class='ocrx_word' id='word_1_533' title='bbox 3349 1515 3578 1588; x_wconf 86' lang='lat' dir='ltr'><strong>pretioso</strong></span> <span class='ocrx_word' id='word_1_534' title='bbox 3617 1517 3820 1583; x_wconf 87' lang='lat' dir='ltr'><strong>redemit,</strong></span> 
     </span>
    </p>
   </div>
   <div class='ocr_carea' id='block_1_74' title="bbox 2265 1604 3821 1678">
    <p class='ocr_par' dir='ltr' id='par_1_74' title="bbox 2265 1604 3821 1678">
     <span class='ocr_line' id='line_1_74' title="bbox 2265 1604 3821 1678; baseline -0.001 -17"><span class='ocrx_word' id='word_1_535' title='bbox 2265 1604 2391 1677; x_wconf 86' lang='lat' dir='ltr'><strong>jam</strong></span> <span class='ocrx_word' id='word_1_536' title='bbox 2423 1604 2687 1678; x_wconf 86' lang='lat' dir='ltr'><strong>gladium</strong></span> <span class='ocrx_word' id='word_1_537' title='bbox 2719 1605 3051 1662; x_wconf 89' lang='lat' dir='ltr'><strong>versatilem</strong></span> <span class='ocrx_word' id='word_1_538' title='bbox 3082 1605 3184 1677; x_wconf 90' lang='lat' dir='ltr'><strong>qui</strong></span> <span class='ocrx_word' id='word_1_539' title='bbox 3234 1609 3355 1662; x_wconf 86' lang='lat' dir='ltr'><strong>erat</strong></span> <span class='ocrx_word' id='word_1_540' title='bbox 3401 1609 3524 1661; x_wconf 86' lang='lat' dir='ltr'><strong>ante</strong></span> <span class='ocrx_word' id='word_1_541' title='bbox 3557 1604 3821 1676; x_wconf 74' lang='lat' dir='ltr'><strong>paradisum</strong></span> 
     </span>
    </p>
   </div>
   <div class='ocr_carea' id='block_1_75' title="bbox 2272 1694 3822 1767">
    <p class='ocr_par' dir='ltr' id='par_1_75' title="bbox 2272 1694 3822 1767">
     <span class='ocr_line' id='line_1_75' title="bbox 2272 1694 3822 1767; baseline -0.002 -16"><span class='ocrx_word' id='word_1_542' title='bbox 2272 1694 2426 1764; x_wconf 80' lang='lat' dir='ltr'><strong>(Gen.</strong></span> <span class='ocrx_word' id='word_1_543' title='bbox 2456 1697 2542 1765; x_wconf 87' lang='grc' dir='ltr'>ιιι)</span> <span class='ocrx_word' id='word_1_544' title='bbox 2562 1694 2771 1750; x_wconf 83' lang='lat' dir='ltr'><strong>extulit</strong></span> <span class='ocrx_word' id='word_1_545' title='bbox 2803 1712 2817 1750; x_wconf 85' lang='lat'><strong>:</strong></span> <span class='ocrx_word' id='word_1_546' title='bbox 2853 1695 3232 1766; x_wconf 81' lang='lat' dir='ltr'><strong>confringens</strong></span> <span class='ocrx_word' id='word_1_547' title='bbox 3280 1697 3465 1767; x_wconf 87' lang='lat' dir='ltr'><strong>portas</strong></span> <span class='ocrx_word' id='word_1_548' title='bbox 3510 1709 3663 1748; x_wconf 66' lang='lat' dir='ltr'><strong>aereas</strong></span> <span class='ocrx_word' id='word_1_549' title='bbox 3702 1694 3822 1749; x_wconf 82' lang='lat' dir='ltr'><strong>bara-</strong></span> 
     </span>
    </p>
   </div>
   <div class='ocr_carea' id='block_1_76' title="bbox 2195 1781 3825 1888">
    <p class='ocr_par' dir='ltr' id='par_1_76' title="bbox 2195 1781 3825 1888">
     <span class='ocr_line' id='line_1_76' title="bbox 2195 1781 3825 1888; baseline -0.002 -49"><span class='ocrx_word' id='word_1_550' title='bbox 2195 1821 2244 1888; x_wconf 78' lang='grc' dir='ltr'><strong>Β</strong></span> <span class='ocrx_word' id='word_1_551' title='bbox 2273 1783 2391 1839; x_wconf 88' lang='lat' dir='ltr'><strong>thri</strong></span> <span class='ocrx_word' id='word_1_552' title='bbox 2411 1801 2424 1839; x_wconf 87' lang='lat'><strong>:</strong></span> <span class='ocrx_word' id='word_1_553' title='bbox 2436 1785 2562 1854; x_wconf 88' lang='lat' dir='ltr'><strong>jam</strong></span> <span class='ocrx_word' id='word_1_554' title='bbox 2594 1784 2822 1856; x_wconf 88' lang='lat' dir='ltr'><strong>aperuit</strong></span> <span class='ocrx_word' id='word_1_555' title='bbox 2851 1783 2996 1838; x_wconf 85' lang='lat' dir='ltr'><strong>mihi</strong></span> <span class='ocrx_word' id='word_1_556' title='bbox 3019 1783 3271 1854; x_wconf 87' lang='lat' dir='ltr'><strong>januam</strong></span> <span class='ocrx_word' id='word_1_557' title='bbox 3301 1781 3536 1839; x_wconf 75' lang='lat' dir='ltr'><strong>ccelestis</strong></span> <span class='ocrx_word' id='word_1_558' title='bbox 3561 1782 3825 1854; x_wconf 85' lang='lat' dir='ltr'><strong>regni,ideo-</strong></span> 
     </span>
    </p>
   </div>
   <div class='ocr_carea' id='block_1_77' title="bbox 2277 1869 3825 1945">
    <p class='ocr_par' dir='ltr' id='par_1_77' title="bbox 2277 1869 3825 1945">
     <span class='ocr_line' id='line_1_77' title="bbox 2277 1869 3825 1945; baseline -0.003 -17"><span class='ocrx_word' id='word_1_559' title='bbox 2277 1889 2390 1945; x_wconf 88' lang='lat' dir='ltr'><strong>que</strong></span> <span class='ocrx_word' id='word_1_560' title='bbox 2421 1871 2771 1928; x_wconf 86' lang='lat' dir='ltr'><strong>ﬁducialiter</strong></span> <span class='ocrx_word' id='word_1_561' title='bbox 2798 1887 2968 1945; x_wconf 90' lang='lat' dir='ltr'><strong>agam</strong></span> <span class='ocrx_word' id='word_1_562' title='bbox 3003 1893 3031 1920; x_wconf 85' lang='lat'><strong><em>»</em></strong></span> <span class='ocrx_word' id='word_1_563' title='bbox 3063 1871 3123 1926; x_wconf 90' lang='lat' dir='ltr'><strong>in</strong></span> <span class='ocrx_word' id='word_1_564' title='bbox 3155 1870 3444 1926; x_wconf 83' lang='lat' dir='ltr'><strong>mandatis</strong></span> <span class='ocrx_word' id='word_1_565' title='bbox 3472 1869 3606 1941; x_wconf 89' lang='lat' dir='ltr'><strong>ejus,</strong></span> <span class='ocrx_word' id='word_1_566' title='bbox 3626 1893 3650 1919; x_wconf 88' lang='lat'><strong>«</strong></span> <span class='ocrx_word' id='word_1_567' title='bbox 3677 1874 3825 1926; x_wconf 87' lang='lat' dir='ltr'><strong>etnon</strong></span> 
     </span>
    </p>
   </div>
   <div class='ocr_carea' id='block_1_78' title="bbox 2277 1958 3826 2033">
    <p class='ocr_par' dir='ltr' id='par_1_78' title="bbox 2277 1958 3826 2033">
     <span class='ocr_line' id='line_1_78' title="bbox 2277 1958 3826 2033; baseline -0.003 -17"><span class='ocrx_word' id='word_1_568' title='bbox 2277 1962 2520 2031; x_wconf 88' lang='lat' dir='ltr'><strong>timebo,</strong></span> <span class='ocrx_word' id='word_1_569' title='bbox 2547 1981 2574 2012; x_wconf 72' lang='grc' dir='ltr'><strong><em>η</em></strong></span> <span class='ocrx_word' id='word_1_570' title='bbox 2613 1961 2894 2033; x_wconf 89' lang='lat' dir='ltr'><strong>quoniam</strong></span> <span class='ocrx_word' id='word_1_571' title='bbox 2925 1977 3040 2017; x_wconf 88' lang='lat' dir='ltr'><strong>non</strong></span> <span class='ocrx_word' id='word_1_572' title='bbox 3072 1963 3215 2016; x_wconf 91' lang='lat' dir='ltr'><strong>sunt</strong></span> <span class='ocrx_word' id='word_1_573' title='bbox 3245 1959 3508 2016; x_wconf 86' lang='lat' dir='ltr'><strong>timenda.</strong></span> <span class='ocrx_word' id='word_1_574' title='bbox 3538 1958 3646 2014; x_wconf 88' lang='lat' dir='ltr'><strong>Non</strong></span> <span class='ocrx_word' id='word_1_575' title='bbox 3671 1975 3826 2030; x_wconf 80' lang='lat' dir='ltr'><strong>ponam</strong></span> 
     </span>
    </p>
   </div>
   <div class='ocr_carea' id='block_1_79' title="bbox 2276 2047 3826 2122">
    <p class='ocr_par' dir='ltr' id='par_1_79' title="bbox 2276 2047 3826 2122">
     <span class='ocr_line' id='line_1_79' title="bbox 2276 2047 3826 2122; baseline -0.003 -15"><span class='ocrx_word' id='word_1_576' title='bbox 2276 2050 2539 2122; x_wconf 82' lang='lat' dir='ltr'><strong>amplius</strong></span> <span class='ocrx_word' id='word_1_577' title='bbox 2561 2051 2621 2106; x_wconf 91' lang='lat' dir='ltr'><strong>in</strong></span> <span class='ocrx_word' id='word_1_578' title='bbox 2655 2050 2828 2105; x_wconf 86' lang='lat' dir='ltr'><strong>idolis</strong></span> <span class='ocrx_word' id='word_1_579' title='bbox 2857 2067 3023 2122; x_wconf 89' lang='lat' dir='ltr'><strong>spem</strong></span> <span class='ocrx_word' id='word_1_580' title='bbox 3057 2065 3272 2116; x_wconf 87' lang='lat' dir='ltr'><strong>meam,</strong></span> <span class='ocrx_word' id='word_1_581' title='bbox 3298 2049 3395 2105; x_wconf 91' lang='lat' dir='ltr'><strong>sed</strong></span> <span class='ocrx_word' id='word_1_582' title='bbox 3436 2048 3492 2103; x_wconf 89' lang='lat' dir='ltr'><strong>in</strong></span> <span class='ocrx_word' id='word_1_583' title='bbox 3516 2047 3722 2104; x_wconf 88' lang='lat' dir='ltr'><strong>Domino</strong></span> <span class='ocrx_word' id='word_1_584' title='bbox 3746 2047 3826 2103; x_wconf 85' lang='lat' dir='ltr'><strong>Deo</strong></span> 
     </span>
    </p>
   </div>
   <div class='ocr_carea' id='block_1_80' title="bbox 2277 2137 3830 2211">
    <p class='ocr_par' dir='ltr' id='par_1_80' title="bbox 2277 2137 3830 2211">
     <span class='ocr_line' id='line_1_80' title="bbox 2277 2137 3830 2211; baseline -0.003 -16"><span class='ocrx_word' id='word_1_585' title='bbox 2277 2139 2537 2211; x_wconf 89' lang='lat' dir='ltr'><strong>meo,qui</strong></span> <span class='ocrx_word' id='word_1_586' title='bbox 2564 2145 2654 2195; x_wconf 90' lang='lat' dir='ltr'><strong>est</strong></span> <span class='ocrx_word' id='word_1_587' title='bbox 2684 2162 2705 2189; x_wconf 77' lang='grc' dir='ltr'><strong>α</strong></span> <span class='ocrx_word' id='word_1_588' title='bbox 2738 2139 3018 2194; x_wconf 83' lang='lat' dir='ltr'><strong>fortitudo</strong></span> <span class='ocrx_word' id='word_1_589' title='bbox 3047 2157 3075 2190; x_wconf 69' lang='grc' dir='ltr'><strong>ι</strong></span> <span class='ocrx_word' id='word_1_590' title='bbox 3109 2141 3168 2193; x_wconf 91' lang='lat' dir='ltr'><strong>et</strong></span> <span class='ocrx_word' id='word_1_591' title='bbox 3196 2137 3468 2209; x_wconf 87' lang='lat' dir='ltr'><strong>protectio</strong></span> <span class='ocrx_word' id='word_1_592' title='bbox 3501 2160 3520 2186; x_wconf 81' lang='grc' dir='ltr'><strong>ι</strong></span> <span class='ocrx_word' id='word_1_593' title='bbox 3551 2153 3662 2192; x_wconf 89' lang='lat' dir='ltr'><strong>mea</strong></span> <span class='ocrx_word' id='word_1_594' title='bbox 3686 2160 3704 2188; x_wconf 73' lang='grc' dir='ltr'><strong>ι</strong></span> <span class='ocrx_word' id='word_1_595' title='bbox 3732 2151 3830 2190; x_wconf 86' lang='lat' dir='ltr'><strong>con-</strong></span> 
     </span>
    </p>
   </div>
   <div class='ocr_carea' id='block_1_81' title="bbox 2275 2223 3829 2298">
    <p class='ocr_par' dir='ltr' id='par_1_81' title="bbox 2275 2223 3829 2298">
     <span class='ocr_line' id='line_1_81' title="bbox 2275 2223 3829 2298; baseline -0.005 -14"><span class='ocrx_word' id='word_1_596' title='bbox 2275 2232 2368 2284; x_wconf 92' lang='lat' dir='ltr'><strong>tra</strong></span> <span class='ocrx_word' id='word_1_597' title='bbox 2395 2229 2594 2284; x_wconf 90' lang='lat' dir='ltr'><strong>omnia</strong></span> <span class='ocrx_word' id='word_1_598' title='bbox 2623 2230 2884 2296; x_wconf 86' lang='lat' dir='ltr'><strong>adversa,</strong></span> <span class='ocrx_word' id='word_1_599' title='bbox 2925 2249 2947 2278; x_wconf 77' lang='grc' dir='ltr'><strong>ι</strong></span> <span class='ocrx_word' id='word_1_600' title='bbox 2983 2232 3042 2283; x_wconf 90' lang='lat' dir='ltr'><strong>et</strong></span> <span class='ocrx_word' id='word_1_601' title='bbox 3069 2250 3098 2277; x_wconf 87' lang='lat'>»</span> <span class='ocrx_word' id='word_1_602' title='bbox 3130 2227 3235 2298; x_wconf 91' lang='lat' dir='ltr'><strong>qui</strong></span> <span class='ocrx_word' id='word_1_603' title='bbox 3273 2251 3292 2276; x_wconf 80' lang='grc' dir='ltr'><strong>ι</strong></span> <span class='ocrx_word' id='word_1_604' title='bbox 3328 2227 3507 2283; x_wconf 79' lang='lat' dir='ltr'><strong>factus</strong></span> <span class='ocrx_word' id='word_1_605' title='bbox 3532 2231 3611 2282; x_wconf 88' lang='lat' dir='ltr'><strong>est</strong></span> <span class='ocrx_word' id='word_1_606' title='bbox 3652 2224 3764 2280; x_wconf 86' lang='lat' dir='ltr'><strong>mihi</strong></span> <span class='ocrx_word' id='word_1_607' title='bbox 3788 2223 3829 2277; x_wconf 88' lang='lat' dir='ltr'><strong>in</strong></span> 
     </span>
    </p>
   </div>
   <div class='ocr_carea' id='block_1_82' title="bbox 2278 2315 3641 2389">
    <p class='ocr_par' dir='ltr' id='par_1_82' title="bbox 2278 2315 3641 2389">
     <span class='ocr_line' id='line_1_82' title="bbox 2278 2315 3641 2389; baseline -0.003 -17"><span class='ocrx_word' id='word_1_608' title='bbox 2278 2316 2528 2373; x_wconf 89' lang='lat' dir='ltr'><strong>salutem</strong></span> <span class='ocrx_word' id='word_1_609' title='bbox 2563 2342 2584 2370; x_wconf 79' lang='grc' dir='ltr'><strong>ι</strong></span> <span class='ocrx_word' id='word_1_610' title='bbox 2621 2317 2828 2389; x_wconf 83' lang='lat' dir='ltr'><strong>refugii</strong></span> <span class='ocrx_word' id='word_1_611' title='bbox 2859 2321 2916 2372; x_wconf 91' lang='lat' dir='ltr'><strong>et</strong></span> <span class='ocrx_word' id='word_1_612' title='bbox 2937 2316 2996 2372; x_wconf 90' lang='lat' dir='ltr'><strong>in</strong></span> <span class='ocrx_word' id='word_1_613' title='bbox 3025 2315 3396 2372; x_wconf 86' lang='lat' dir='ltr'><strong>liberatorem</strong></span> <span class='ocrx_word' id='word_1_614' title='bbox 3424 2315 3641 2370; x_wconf 87' lang='lat' dir='ltr'><strong>inimici.</strong></span> 
     </span>
    </p>
   </div>
   <div class='ocr_carea' id='block_1_83' title="bbox 2353 2403 3830 2477">
    <p class='ocr_par' dir='ltr' id='par_1_83' title="bbox 2353 2403 3830 2477">
     <span class='ocr_line' id='line_1_83' title="bbox 2353 2403 3830 2477; baseline 0 -21"><span class='ocrx_word' id='word_1_615' title='bbox 2353 2429 2376 2456; x_wconf 74' lang='grc' dir='ltr'>σι</span> <span class='ocrx_word' id='word_1_616' title='bbox 2411 2406 2703 2461; x_wconf 82' lang='lat' dir='ltr'><strong>Haurietis</strong></span> <span class='ocrx_word' id='word_1_617' title='bbox 2730 2422 2916 2477; x_wconf 87' lang='lat' dir='ltr'><strong>aquas</strong></span> <span class='ocrx_word' id='word_1_618' title='bbox 2947 2406 3005 2459; x_wconf 91' lang='lat' dir='ltr'><strong>in</strong></span> <span class='ocrx_word' id='word_1_619' title='bbox 3037 2405 3256 2476; x_wconf 88' lang='lat' dir='ltr'><strong>gaudio</strong></span> <span class='ocrx_word' id='word_1_620' title='bbox 3279 2405 3348 2460; x_wconf 91' lang='lat' dir='ltr'><strong>de</strong></span> <span class='ocrx_word' id='word_1_621' title='bbox 3377 2403 3614 2460; x_wconf 84' lang='lat' dir='ltr'><strong>fontibus</strong></span> <span class='ocrx_word' id='word_1_622' title='bbox 3638 2403 3830 2458; x_wconf 86' lang='lat' dir='ltr'><strong>Salvato-</strong></span> 
     </span>
    </p>
   </div>
   <div class='ocr_carea' id='block_1_84' title="bbox 2279 2492 3834 2567">
    <p class='ocr_par' dir='ltr' id='par_1_84' title="bbox 2279 2492 3834 2567">
     <span class='ocr_line' id='line_1_84' title="bbox 2279 2492 3834 2567; baseline -0.005 -17"><span class='ocrx_word' id='word_1_623' title='bbox 2279 2495 2380 2550; x_wconf 89' lang='lat' dir='ltr'><strong>ris.</strong></span> <span class='ocrx_word' id='word_1_624' title='bbox 2419 2518 2446 2543; x_wconf 83' lang='lat'>»</span> <span class='ocrx_word' id='word_1_625' title='bbox 2473 2494 2804 2567; x_wconf 84' lang='lat' dir='ltr'><strong>Alloquitur</strong></span> <span class='ocrx_word' id='word_1_626' title='bbox 2834 2493 3119 2566; x_wconf 86' lang='lat' dir='ltr'><strong>propheta</strong></span> <span class='ocrx_word' id='word_1_627' title='bbox 3157 2494 3455 2549; x_wconf 87' lang='lat' dir='ltr'><strong>credentes</strong></span> <span class='ocrx_word' id='word_1_628' title='bbox 3484 2509 3546 2548; x_wconf 85' lang='lat' dir='ltr'><strong>ex</strong></span> <span class='ocrx_word' id='word_1_629' title='bbox 3580 2492 3772 2556; x_wconf 72' lang='lat' dir='ltr'><strong>Judmis,</strong></span> <span class='ocrx_word' id='word_1_630' title='bbox 3795 2493 3834 2544; x_wconf 87' lang='lat' dir='ltr'><strong>et</strong></span> 
     </span>
    </p>
   </div>
   <div class='ocr_carea' id='block_1_85' title="bbox 2278 2575 3835 2655">
    <p class='ocr_par' dir='ltr' id='par_1_85' title="bbox 2278 2575 3835 2655">
     <span class='ocr_line' id='line_1_85' title="bbox 2278 2575 3835 2655; baseline -0.005 -18"><span class='ocrx_word' id='word_1_631' title='bbox 2278 2583 2540 2655; x_wconf 80' lang='lat' dir='ltr'><strong>praedicit</strong></span> <span class='ocrx_word' id='word_1_632' title='bbox 2584 2581 2669 2637; x_wconf 86' lang='lat' dir='ltr'><strong>eis</strong></span> <span class='ocrx_word' id='word_1_633' title='bbox 2717 2581 3038 2638; x_wconf 82' lang='lat' dir='ltr'><strong>salutifera.</strong></span> <span class='ocrx_word' id='word_1_634' title='bbox 3071 2582 3259 2647; x_wconf 87' lang='lat' dir='ltr'><strong>Quem</strong></span> <span class='ocrx_word' id='word_1_635' title='bbox 3304 2578 3560 2653; x_wconf 73' lang='lat' dir='ltr'><strong>superius</strong></span> <span class='ocrx_word' id='word_1_636' title='bbox 3596 2575 3835 2650; x_wconf 82' lang='lat' dir='ltr'><strong>appellavit</strong></span> 
     </span>
    </p>
   </div>
   <div class='ocr_carea' id='block_1_86' title="bbox 2278 2664 3836 2742">
    <p class='ocr_par' dir='ltr' id='par_1_86' title="bbox 2278 2664 3836 2742">
     <span class='ocr_line' id='line_1_86' title="bbox 2278 2664 3836 2742; baseline -0.007 -14"><span class='ocrx_word' id='word_1_637' title='bbox 2278 2671 2646 2737; x_wconf 86' lang='lat' dir='ltr'><strong>Emmanuel,</strong></span> <span class='ocrx_word' id='word_1_638' title='bbox 2677 2674 2735 2726; x_wconf 90' lang='lat' dir='ltr'><strong>et</strong></span> <span class='ocrx_word' id='word_1_639' title='bbox 2778 2670 2976 2742; x_wconf 89' lang='lat' dir='ltr'><strong>Spolia</strong></span> <span class='ocrx_word' id='word_1_640' title='bbox 3005 2670 3276 2726; x_wconf 86' lang='lat' dir='ltr'><strong>detrahet</strong></span> <span class='ocrx_word' id='word_1_641' title='bbox 3309 2687 3321 2725; x_wconf 90' lang='lat'>:</span> <span class='ocrx_word' id='word_1_642' title='bbox 3353 2685 3423 2725; x_wconf 89' lang='lat' dir='ltr'><strong>ne</strong></span> <span class='ocrx_word' id='word_1_643' title='bbox 3450 2668 3702 2724; x_wconf 86' lang='lat' dir='ltr'><strong>videretur</strong></span> <span class='ocrx_word' id='word_1_644' title='bbox 3734 2664 3836 2721; x_wconf 80' lang='lat' dir='ltr'><strong>alter</strong></span> 
     </span>
    </p>
   </div>
   <div class='ocr_carea' id='block_1_87' title="bbox 2278 2752 3836 2832">
    <p class='ocr_par' dir='ltr' id='par_1_87' title="bbox 2278 2752 3836 2832">
     <span class='ocr_line' id='line_1_87' title="bbox 2278 2752 3836 2832; baseline -0.006 -16"><span class='ocrx_word' id='word_1_645' title='bbox 2278 2777 2405 2816; x_wconf 89' lang='lat' dir='ltr'><strong>esse</strong></span> <span class='ocrx_word' id='word_1_646' title='bbox 2422 2776 2600 2832; x_wconf 90' lang='lat' dir='ltr'><strong>quam</strong></span> <span class='ocrx_word' id='word_1_647' title='bbox 2621 2759 2852 2815; x_wconf 86' lang='lat' dir='ltr'><strong>Gabriel</strong></span> <span class='ocrx_word' id='word_1_648' title='bbox 2875 2757 3271 2831; x_wconf 86' lang='lat' dir='ltr'><strong>archangelus</strong></span> <span class='ocrx_word' id='word_1_649' title='bbox 3293 2756 3568 2814; x_wconf 87' lang='lat' dir='ltr'><strong>nuntiavit</strong></span> <span class='ocrx_word' id='word_1_650' title='bbox 3584 2753 3765 2828; x_wconf 84' lang='lat' dir='ltr'><strong>Virgini</strong></span> <span class='ocrx_word' id='word_1_651' title='bbox 3781 2752 3836 2807; x_wconf 82' lang='lat' dir='ltr'><strong>di-</strong></span> 
     </span>
    </p>
   </div>
   <div class='ocr_carea' id='block_1_88' title="bbox 2279 2845 3834 2920">
    <p class='ocr_par' dir='ltr' id='par_1_88' title="bbox 2279 2845 3834 2920">
     <span class='ocr_line' id='line_1_88' title="bbox 2279 2845 3834 2920; baseline -0.005 -16"><span class='ocrx_word' id='word_1_652' title='bbox 2279 2865 2416 2905; x_wconf 90' lang='lat' dir='ltr'><strong>cens</strong></span> <span class='ocrx_word' id='word_1_653' title='bbox 2448 2866 2462 2903; x_wconf 89' lang='lat'><strong>:</strong></span> <span class='ocrx_word' id='word_1_654' title='bbox 2497 2871 2526 2899; x_wconf 87' lang='grc'><strong>‹‹</strong></span> <span class='ocrx_word' id='word_1_655' title='bbox 2571 2849 2641 2903; x_wconf 89' lang='lat' dir='ltr'><strong>Et</strong></span> <span class='ocrx_word' id='word_1_656' title='bbox 2667 2847 2903 2904; x_wconf 86' lang='lat' dir='ltr'><strong>vocabis</strong></span> <span class='ocrx_word' id='word_1_657' title='bbox 2934 2847 3148 2904; x_wconf 87' lang='lat' dir='ltr'><strong>nomen</strong></span> <span class='ocrx_word' id='word_1_658' title='bbox 3183 2849 3316 2920; x_wconf 89' lang='lat' dir='ltr'><strong>ejus</strong></span> <span class='ocrx_word' id='word_1_659' title='bbox 3345 2847 3536 2904; x_wconf 85' lang='lat' dir='ltr'><strong>Jesum</strong></span> <span class='ocrx_word' id='word_1_660' title='bbox 3579 2845 3704 2913; x_wconf 83' lang='lat' dir='ltr'><strong>(Luc.</strong></span> <span class='ocrx_word' id='word_1_661' title='bbox 3731 2846 3761 2909; x_wconf 85' lang='grc' dir='ltr'>ι)</span> <span class='ocrx_word' id='word_1_662' title='bbox 3785 2860 3795 2897; x_wconf 92' lang='lat'>:</span> <span class='ocrx_word' id='word_1_663' title='bbox 3820 2863 3834 2889; x_wconf 78' lang='grc' dir='ltr'><strong>ι</strong></span> 
     </span>
    </p>
   </div>
   <div class='ocr_carea' id='block_1_89' title="bbox 2278 2932 3838 3008">
    <p class='ocr_par' dir='ltr' id='par_1_89' title="bbox 2278 2932 3838 3008">
     <span class='ocr_line' id='line_1_89' title="bbox 2278 2932 3838 3008; baseline -0.006 -15"><span class='ocrx_word' id='word_1_664' title='bbox 2278 2955 2434 2993; x_wconf 90' lang='lat' dir='ltr'><strong>nunc</strong></span> <span class='ocrx_word' id='word_1_665' title='bbox 2464 2937 2822 2993; x_wconf 89' lang='lat' dir='ltr'><strong>Salvatorem</strong></span> <span class='ocrx_word' id='word_1_666' title='bbox 2853 2941 3036 3005; x_wconf 89' lang='lat' dir='ltr'><strong>vocat,</strong></span> <span class='ocrx_word' id='word_1_667' title='bbox 3071 2942 3128 2993; x_wconf 91' lang='lat' dir='ltr'><strong>et</strong></span> <span class='ocrx_word' id='word_1_668' title='bbox 3177 2938 3253 2994; x_wconf 90' lang='lat' dir='ltr'><strong>de</strong></span> <span class='ocrx_word' id='word_1_669' title='bbox 3301 2938 3426 3008; x_wconf 87' lang='lat' dir='ltr'><strong>ejus</strong></span> <span class='ocrx_word' id='word_1_670' title='bbox 3475 2937 3633 3002; x_wconf 83' lang='lat' dir='ltr'><strong>fonte,</strong></span> <span class='ocrx_word' id='word_1_671' title='bbox 3662 2933 3747 2988; x_wconf 88' lang='lat' dir='ltr'><strong>hoc</strong></span> <span class='ocrx_word' id='word_1_672' title='bbox 3777 2932 3838 2984; x_wconf 87' lang='lat' dir='ltr'><strong>est</strong></span> 
     </span>
    </p>
   </div>
   <div class='ocr_carea' id='block_1_90' title="bbox 2273 3019 3838 3100">
    <p class='ocr_par' dir='ltr' id='par_1_90' title="bbox 2273 3019 3838 3100">
     <span class='ocr_line' id='line_1_90' title="bbox 2273 3019 3838 3100; baseline -0.006 -18"><span class='ocrx_word' id='word_1_673' title='bbox 2273 3027 2539 3084; x_wconf 89' lang='lat' dir='ltr'><strong>doctrina</strong></span> <span class='ocrx_word' id='word_1_674' title='bbox 2559 3024 3192 3099; x_wconf 67' lang='lat' dir='ltr'><strong>evangelica,pra:dicat</strong></span> <span class='ocrx_word' id='word_1_675' title='bbox 3213 3043 3395 3100; x_wconf 83' lang='lat' dir='ltr'><strong>aquas</strong></span> <span class='ocrx_word' id='word_1_676' title='bbox 3418 3019 3838 3082; x_wconf 86' lang='lat' dir='ltr'><strong>hauriendas.Non</strong></span> 
     </span>
    </p>
   </div>
   <div class='ocr_carea' id='block_1_91' title="bbox 2277 3106 3837 3189">
    <p class='ocr_par' dir='ltr' id='par_1_91' title="bbox 2277 3106 3837 3189">
     <span class='ocr_line' id='line_1_91' title="bbox 2277 3106 3837 3189; baseline -0.008 -16"><span class='ocrx_word' id='word_1_677' title='bbox 2277 3117 2349 3173; x_wconf 91' lang='lat' dir='ltr'><strong>de</strong></span> <span class='ocrx_word' id='word_1_678' title='bbox 2381 3117 2550 3189; x_wconf 88' lang='lat' dir='ltr'><strong>aquis</strong></span> <span class='ocrx_word' id='word_1_679' title='bbox 2581 3115 2843 3172; x_wconf 89' lang='lat' dir='ltr'><strong>ﬂuminis</strong></span> <span class='ocrx_word' id='word_1_680' title='bbox 2874 3115 3101 3189; x_wconf 68' lang='lat' dir='ltr'><strong>Egypti</strong></span> <span class='ocrx_word' id='word_1_681' title='bbox 3132 3133 3264 3188; x_wconf 72' lang='lat' dir='ltr'><strong>qua:</strong></span> <span class='ocrx_word' id='word_1_682' title='bbox 3304 3131 3576 3189; x_wconf 70' lang='lat' dir='ltr'><strong>percussae</strong></span> <span class='ocrx_word' id='word_1_683' title='bbox 3616 3115 3744 3174; x_wconf 87' lang='lat' dir='ltr'><strong>sunt,</strong></span> <span class='ocrx_word' id='word_1_684' title='bbox 3768 3106 3837 3162; x_wconf 88' lang='lat' dir='ltr'><strong>sed</strong></span> 
     </span>
    </p>
   </div>
   <div class='ocr_carea' id='block_1_92' title="bbox 2198 3190 3841 3272">
    <p class='ocr_par' dir='ltr' id='par_1_92' title="bbox 2198 3190 3841 3272">
     <span class='ocr_line' id='line_1_92' title="bbox 2198 3190 3841 3272; baseline -0.006 -13"><span class='ocrx_word' id='word_1_685' title='bbox 2198 3190 2241 3258; x_wconf 86' lang='lat' dir='ltr'><strong>C</strong></span> <span class='ocrx_word' id='word_1_686' title='bbox 2279 3205 2351 3260; x_wconf 91' lang='lat' dir='ltr'><strong>de</strong></span> <span class='ocrx_word' id='word_1_687' title='bbox 2382 3206 2539 3260; x_wconf 83' lang='lat' dir='ltr'><strong>fonte</strong></span> <span class='ocrx_word' id='word_1_688' title='bbox 2568 3204 2854 3261; x_wconf 85' lang='lat' dir='ltr'><strong>Jesu.Iloc</strong></span> <span class='ocrx_word' id='word_1_689' title='bbox 2875 3203 3034 3260; x_wconf 89' lang='lat' dir='ltr'><strong>enim</strong></span> <span class='ocrx_word' id='word_1_690' title='bbox 3065 3205 3676 3272; x_wconf 64' lang='lat' dir='ltr'><strong>nomine,Hebraaorum</strong></span> <span class='ocrx_word' id='word_1_691' title='bbox 3693 3197 3841 3268; x_wconf 83' lang='lat' dir='ltr'><strong>lingua</strong></span> 
     </span>
    </p>
   </div>
   <div class='ocr_carea' id='block_1_93' title="bbox 2281 3285 3840 3366">
    <p class='ocr_par' dir='ltr' id='par_1_93' title="bbox 2281 3285 3840 3366">
     <span class='ocr_line' id='line_1_93' title="bbox 2281 3285 3840 3366; baseline -0.006 -16"><span class='ocrx_word' id='word_1_692' title='bbox 2281 3295 2546 3351; x_wconf 89' lang='lat' dir='ltr'><strong>Salvator</strong></span> <span class='ocrx_word' id='word_1_693' title='bbox 2591 3293 2956 3366; x_wconf 85' lang='lat' dir='ltr'><strong>exprimitur.</strong></span> <span class='ocrx_word' id='word_1_694' title='bbox 2992 3293 3120 3350; x_wconf 75' lang='lat' dir='ltr'><strong>Ista:</strong></span> <span class='ocrx_word' id='word_1_695' title='bbox 3177 3299 3324 3349; x_wconf 87' lang='lat' dir='ltr'><strong>sunt</strong></span> <span class='ocrx_word' id='word_1_696' title='bbox 3380 3309 3535 3364; x_wconf 57' lang='lat' dir='ltr'><strong>aqua:</strong></span> <span class='ocrx_word' id='word_1_697' title='bbox 3587 3305 3710 3362; x_wconf 84' lang='lat' dir='ltr'><strong>quas</strong></span> <span class='ocrx_word' id='word_1_698' title='bbox 3755 3285 3840 3356; x_wconf 80' lang='lat' dir='ltr'><strong>ipse</strong></span> 
     </span>
    </p>
   </div>
   <div class='ocr_carea' id='block_1_94' title="bbox 2279 3377 3839 3455">
    <p class='ocr_par' dir='ltr' id='par_1_94' title="bbox 2279 3377 3839 3455">
     <span class='ocr_line' id='line_1_94' title="bbox 2279 3377 3839 3455; baseline -0.008 -16"><span class='ocrx_word' id='word_1_699' title='bbox 2279 3382 2654 3439; x_wconf 89' lang='lat' dir='ltr'><strong>credentibus</strong></span> <span class='ocrx_word' id='word_1_700' title='bbox 2683 3382 2743 3438; x_wconf 90' lang='lat' dir='ltr'><strong>in</strong></span> <span class='ocrx_word' id='word_1_701' title='bbox 2772 3381 3084 3455; x_wconf 83' lang='lat' dir='ltr'><strong>Evangelia</strong></span> <span class='ocrx_word' id='word_1_702' title='bbox 3133 3381 3428 3454; x_wconf 90' lang='lat' dir='ltr'><strong>promittit</strong></span> <span class='ocrx_word' id='word_1_703' title='bbox 3473 3382 3617 3448; x_wconf 85' lang='lat' dir='ltr'><strong>dare,</strong></span> <span class='ocrx_word' id='word_1_704' title='bbox 3655 3377 3839 3433; x_wconf 86' lang='lat' dir='ltr'><strong>dicens:</strong></span> 
     </span>
    </p>
   </div>
   <div class='ocr_carea' id='block_1_95' title="bbox 2284 3466 3840 3543">
    <p class='ocr_par' dir='ltr' id='par_1_95' title="bbox 2284 3466 3840 3543">
     <span class='ocr_line' id='line_1_95' title="bbox 2284 3466 3840 3543; baseline -0.004 -20"><span class='ocrx_word' id='word_1_705' title='bbox 2284 3495 2312 3523; x_wconf 83' lang='lat'><strong>«</strong></span> <span class='ocrx_word' id='word_1_706' title='bbox 2344 3470 2403 3528; x_wconf 90' lang='lat' dir='ltr'><strong>Si</strong></span> <span class='ocrx_word' id='word_1_707' title='bbox 2429 3469 2569 3543; x_wconf 88' lang='lat' dir='ltr'><strong>quis</strong></span> <span class='ocrx_word' id='word_1_708' title='bbox 2598 3471 2742 3540; x_wconf 89' lang='lat' dir='ltr'><strong>sitit,</strong></span> <span class='ocrx_word' id='word_1_709' title='bbox 2776 3471 2970 3527; x_wconf 87' lang='lat' dir='ltr'><strong>veniat</strong></span> <span class='ocrx_word' id='word_1_710' title='bbox 2998 3471 3072 3527; x_wconf 89' lang='lat' dir='ltr'><strong>ad</strong></span> <span class='ocrx_word' id='word_1_711' title='bbox 3105 3487 3201 3526; x_wconf 90' lang='lat' dir='ltr'><strong>me</strong></span> <span class='ocrx_word' id='word_1_712' title='bbox 3234 3477 3294 3529; x_wconf 88' lang='lat' dir='ltr'><strong>et</strong></span> <span class='ocrx_word' id='word_1_713' title='bbox 3322 3470 3480 3527; x_wconf 89' lang='lat' dir='ltr'><strong>bibat</strong></span> <span class='ocrx_word' id='word_1_714' title='bbox 3509 3485 3522 3525; x_wconf 89' lang='lat'>:</span> <span class='ocrx_word' id='word_1_715' title='bbox 3552 3474 3602 3524; x_wconf 84' lang='lat' dir='ltr'><strong>et</strong></span> <span class='ocrx_word' id='word_1_716' title='bbox 3621 3466 3840 3522; x_wconf 74' lang='lat' dir='ltr'><strong>devenire</strong></span> 
     </span>
    </p>
   </div>
   <div class='ocr_carea' id='block_1_96' title="bbox 2280 3552 3846 3632">
    <p class='ocr_par' dir='ltr' id='par_1_96' title="bbox 2280 3552 3846 3632">
     <span class='ocr_line' id='line_1_96' title="bbox 2280 3552 3846 3632; baseline -0.008 -16"><span class='ocrx_word' id='word_1_717' title='bbox 2280 3562 2408 3632; x_wconf 90' lang='lat' dir='ltr'><strong>ejus</strong></span> <span class='ocrx_word' id='word_1_718' title='bbox 2439 3560 2622 3616; x_wconf 89' lang='lat' dir='ltr'><strong>ﬂuent</strong></span> <span class='ocrx_word' id='word_1_719' title='bbox 2651 3576 2814 3632; x_wconf 68' lang='lat' dir='ltr'><strong>aquae</strong></span> <span class='ocrx_word' id='word_1_720' title='bbox 2843 3559 3114 3616; x_wconf 72' lang='lat' dir='ltr'><strong>vivze.»Et</strong></span> <span class='ocrx_word' id='word_1_721' title='bbox 3142 3560 3274 3631; x_wconf 90' lang='lat' dir='ltr'><strong>ipse</strong></span> <span class='ocrx_word' id='word_1_722' title='bbox 3296 3557 3644 3631; x_wconf 86' lang='lat' dir='ltr'><strong>Evangelista</strong></span> <span class='ocrx_word' id='word_1_723' title='bbox 3670 3552 3846 3625; x_wconf 79' lang='lat' dir='ltr'><strong>exponit</strong></span> 
     </span>
    </p>
   </div>
   <div class='ocr_carea' id='block_1_97' title="bbox 2282 3639 3845 3720">
    <p class='ocr_par' dir='ltr' id='par_1_97' title="bbox 2282 3639 3845 3720">
     <span class='ocr_line' id='line_1_97' title="bbox 2282 3639 3845 3720; baseline -0.006 -16"><span class='ocrx_word' id='word_1_724' title='bbox 2282 3649 2436 3704; x_wconf 90' lang='lat' dir='ltr'><strong>unde</strong></span> <span class='ocrx_word' id='word_1_725' title='bbox 2467 3647 2676 3704; x_wconf 85' lang='lat' dir='ltr'><strong>dixerit</strong></span> <span class='ocrx_word' id='word_1_726' title='bbox 2709 3664 2720 3703; x_wconf 91' lang='lat'>:</span> <span class='ocrx_word' id='word_1_727' title='bbox 2755 3649 2872 3704; x_wconf 85' lang='lat' dir='ltr'><strong>Hoc</strong></span> <span class='ocrx_word' id='word_1_728' title='bbox 2902 3646 3571 3720; x_wconf 81' lang='lat' dir='ltr'><strong>autem,inquiens,dixit</strong></span> <span class='ocrx_word' id='word_1_729' title='bbox 3595 3646 3658 3700; x_wconf 89' lang='lat' dir='ltr'><strong>de</strong></span> <span class='ocrx_word' id='word_1_730' title='bbox 3682 3639 3845 3713; x_wconf 86' lang='lat' dir='ltr'><strong>Spiritu</strong></span> 
     </span>
    </p>
   </div>
   <div class='ocr_carea' id='block_1_98' title="bbox 2281 3731 3847 3811">
    <p class='ocr_par' dir='ltr' id='par_1_98' title="bbox 2281 3731 3847 3811">
     <span class='ocr_line' id='line_1_98' title="bbox 2281 3731 3847 3811; baseline -0.008 -17"><span class='ocrx_word' id='word_1_731' title='bbox 2281 3755 2456 3811; x_wconf 90' lang='lat' dir='ltr'><strong>quem</strong></span> <span class='ocrx_word' id='word_1_732' title='bbox 2505 3737 2799 3809; x_wconf 89' lang='lat' dir='ltr'><strong>accepturi</strong></span> <span class='ocrx_word' id='word_1_733' title='bbox 2831 3741 2998 3804; x_wconf 78' lang='lat' dir='ltr'><strong>erant</strong></span> <span class='ocrx_word' id='word_1_734' title='bbox 3025 3737 3334 3796; x_wconf 89' lang='lat' dir='ltr'><strong>credentes</strong></span> <span class='ocrx_word' id='word_1_735' title='bbox 3363 3739 3531 3811; x_wconf 78' lang='lat' dir='ltr'><strong>(Joan.</strong></span> <span class='ocrx_word' id='word_1_736' title='bbox 3563 3737 3667 3804; x_wconf 81' lang='grc' dir='ltr'><strong>νη).</strong></span> <span class='ocrx_word' id='word_1_737' title='bbox 3695 3731 3847 3787; x_wconf 80' lang='lat' dir='ltr'><strong>Fontes</strong></span> 
     </span>
    </p>
   </div>
   <div class='ocr_carea' id='block_1_99' title="bbox 2279 3815 3849 3899">
    <p class='ocr_par' dir='ltr' id='par_1_99' title="bbox 2279 3815 3849 3899">
     <span class='ocr_line' id='line_1_99' title="bbox 2279 3815 3849 3899; baseline -0.006 -15"><span class='ocrx_word' id='word_1_738' title='bbox 2279 3827 2420 3884; x_wconf 89' lang='lat' dir='ltr'><strong>Jesu</strong></span> <span class='ocrx_word' id='word_1_739' title='bbox 2451 3830 2592 3883; x_wconf 90' lang='lat' dir='ltr'><strong>sunt</strong></span> <span class='ocrx_word' id='word_1_740' title='bbox 2621 3826 2886 3882; x_wconf 88' lang='lat' dir='ltr'><strong>doctrina</strong></span> <span class='ocrx_word' id='word_1_741' title='bbox 2915 3825 3252 3898; x_wconf 88' lang='lat' dir='ltr'><strong>evangelica</strong></span> <span class='ocrx_word' id='word_1_742' title='bbox 3280 3831 3339 3882; x_wconf 91' lang='lat' dir='ltr'><strong>et</strong></span> <span class='ocrx_word' id='word_1_743' title='bbox 3367 3824 3628 3899; x_wconf 75' lang='lat' dir='ltr'><strong>mysteria</strong></span> <span class='ocrx_word' id='word_1_744' title='bbox 3654 3827 3751 3877; x_wconf 86' lang='lat' dir='ltr'><strong>tam</strong></span> <span class='ocrx_word' id='word_1_745' title='bbox 3774 3815 3849 3869; x_wconf 80' lang='lat' dir='ltr'><strong>Ve-</strong></span> 
     </span>
    </p>
   </div>
   <div class='ocr_carea' id='block_1_100' title="bbox 2281 3906 3848 3988">
    <p class='ocr_par' dir='ltr' id='par_1_100' title="bbox 2281 3906 3848 3988">
     <span class='ocr_line' id='line_1_100' title="bbox 2281 3906 3848 3988; baseline -0.008 -18"><span class='ocrx_word' id='word_1_746' title='bbox 2281 3915 2421 3972; x_wconf 91' lang='lat' dir='ltr'><strong>teris</strong></span> <span class='ocrx_word' id='word_1_747' title='bbox 2451 3915 2810 3972; x_wconf 88' lang='lat' dir='ltr'><strong>Testamenti</strong></span> <span class='ocrx_word' id='word_1_748' title='bbox 2831 3932 3008 3986; x_wconf 89' lang='lat' dir='ltr'><strong>quam</strong></span> <span class='ocrx_word' id='word_1_749' title='bbox 3041 3915 3206 3984; x_wconf 90' lang='lat' dir='ltr'><strong>Novi,</strong></span> <span class='ocrx_word' id='word_1_750' title='bbox 3233 3913 3365 3988; x_wconf 68' lang='lat' dir='ltr'><strong>quae</strong></span> <span class='ocrx_word' id='word_1_751' title='bbox 3391 3915 3440 3972; x_wconf 88' lang='lat' dir='ltr'><strong>si</strong></span> <span class='ocrx_word' id='word_1_752' title='bbox 3470 3914 3606 3970; x_wconf 87' lang='lat' dir='ltr'><strong>bene</strong></span> <span class='ocrx_word' id='word_1_753' title='bbox 3624 3906 3848 3966; x_wconf 78' lang='lat' dir='ltr'><strong>intellexe-</strong></span> 
     </span>
    </p>
   </div>
   <div class='ocr_carea' id='block_1_101' title="bbox 2278 3993 3850 4077">
    <p class='ocr_par' dir='ltr' id='par_1_101' title="bbox 2278 3993 3850 4077">
     <span class='ocr_line' id='line_1_101' title="bbox 2278 3993 3850 4077; baseline -0.009 -17"><span class='ocrx_word' id='word_1_754' title='bbox 2278 4005 2466 4060; x_wconf 89' lang='lat' dir='ltr'><strong>rimus</strong></span> <span class='ocrx_word' id='word_1_755' title='bbox 2495 4008 2552 4060; x_wconf 89' lang='lat' dir='ltr'><strong>et</strong></span> <span class='ocrx_word' id='word_1_756' title='bbox 2581 4021 2750 4076; x_wconf 86' lang='lat' dir='ltr'><strong>Opere</strong></span> <span class='ocrx_word' id='word_1_757' title='bbox 2781 4003 3300 4077; x_wconf 88' lang='lat' dir='ltr'><strong>adimpleverimus</strong></span> <span class='ocrx_word' id='word_1_758' title='bbox 3333 4022 3345 4060; x_wconf 92' lang='lat'><strong>:</strong></span> <span class='ocrx_word' id='word_1_759' title='bbox 3371 4021 3568 4076; x_wconf 88' lang='lat' dir='ltr'><strong>aquas,</strong></span> <span class='ocrx_word' id='word_1_760' title='bbox 3583 4001 3677 4058; x_wconf 88' lang='lat' dir='ltr'><strong>hoc</strong></span> <span class='ocrx_word' id='word_1_761' title='bbox 3694 4001 3766 4053; x_wconf 89' lang='lat' dir='ltr'><strong>est</strong></span> <span class='ocrx_word' id='word_1_762' title='bbox 3780 3993 3850 4048; x_wconf 82' lang='lat' dir='ltr'><strong>do-</strong></span> 
     </span>
    </p>
   </div>
   <div class='ocr_carea' id='block_1_102' title="bbox 2281 4090 3485 4167">
    <p class='ocr_par' dir='ltr' id='par_1_102' title="bbox 2281 4090 3485 4167">
     <span class='ocr_line' id='line_1_102' title="bbox 2281 4090 3485 4167; baseline -0.002 -17"><span class='ocrx_word' id='word_1_763' title='bbox 2281 4111 2356 4150; x_wconf 90' lang='lat' dir='ltr'><strong>na</strong></span> <span class='ocrx_word' id='word_1_764' title='bbox 2385 4093 2573 4150; x_wconf 90' lang='lat' dir='ltr'><strong>sancti</strong></span> <span class='ocrx_word' id='word_1_765' title='bbox 2604 4092 2878 4167; x_wconf 87' lang='lat' dir='ltr'><strong>Spiritus,</strong></span> <span class='ocrx_word' id='word_1_766' title='bbox 2911 4109 2980 4149; x_wconf 81' lang='lat' dir='ltr'><strong>ex</strong></span> <span class='ocrx_word' id='word_1_767' title='bbox 3005 4092 3092 4149; x_wconf 90' lang='lat' dir='ltr'><strong>eis</strong></span> <span class='ocrx_word' id='word_1_768' title='bbox 3118 4090 3485 4151; x_wconf 85' lang='lat' dir='ltr'><strong>hauriemus.</strong></span> 
     </span>
    </p>
   </div>
   <div class='ocr_carea' id='block_1_103' title="bbox 2351 4179 3850 4258">
    <p class='ocr_par' dir='ltr' id='par_1_103' title="bbox 2351 4179 3850 4258">
     <span class='ocr_line' id='line_1_103' title="bbox 2351 4179 3850 4258; baseline -0.007 -17"><span class='ocrx_word' id='word_1_769' title='bbox 2351 4206 2378 4232; x_wconf 83' lang='grc'><strong>‹‹</strong></span> <span class='ocrx_word' id='word_1_770' title='bbox 2413 4184 2484 4248; x_wconf 90' lang='lat' dir='ltr'><strong>Et</strong></span> <span class='ocrx_word' id='word_1_771' title='bbox 2514 4181 2721 4238; x_wconf 89' lang='lat' dir='ltr'><strong>dicetis</strong></span> <span class='ocrx_word' id='word_1_772' title='bbox 2748 4180 2810 4237; x_wconf 88' lang='lat' dir='ltr'><strong>in</strong></span> <span class='ocrx_word' id='word_1_773' title='bbox 2841 4181 3080 4250; x_wconf 86' lang='lat' dir='ltr'><strong>illadie,</strong></span> <span class='ocrx_word' id='word_1_774' title='bbox 3115 4204 3138 4233; x_wconf 72' lang='grc' dir='ltr'><strong>ι</strong></span> <span class='ocrx_word' id='word_1_775' title='bbox 3173 4181 3287 4240; x_wconf 92' lang='lat' dir='ltr'><strong>hoc</strong></span> <span class='ocrx_word' id='word_1_776' title='bbox 3319 4188 3411 4240; x_wconf 87' lang='lat' dir='ltr'><strong>est</strong></span> <span class='ocrx_word' id='word_1_777' title='bbox 3440 4183 3496 4238; x_wconf 88' lang='lat' dir='ltr'><strong>in</strong></span> <span class='ocrx_word' id='word_1_778' title='bbox 3519 4179 3611 4236; x_wconf 92' lang='lat' dir='ltr'><strong>illo</strong></span> <span class='ocrx_word' id='word_1_779' title='bbox 3638 4182 3850 4258; x_wconf 61' lang='lat' dir='ltr'><strong>tempore.</strong></span> 
     </span>
    </p>
   </div>
   <div class='ocr_carea' id='block_1_104' title="bbox 2279 4268 3852 4343">
    <p class='ocr_par' dir='ltr' id='par_1_104' title="bbox 2279 4268 3852 4343">
     <span class='ocr_line' id='line_1_104' title="bbox 2279 4268 3852 4343; baseline -0.006 -16"><span class='ocrx_word' id='word_1_780' title='bbox 2279 4288 2413 4328; x_wconf 87' lang='lat' dir='ltr'><strong>cum</strong></span> <span class='ocrx_word' id='word_1_781' title='bbox 2445 4289 2514 4330; x_wconf 80' lang='lat' dir='ltr'><strong>ex</strong></span> <span class='ocrx_word' id='word_1_782' title='bbox 2543 4270 2804 4327; x_wconf 85' lang='lat' dir='ltr'><strong>fontibus</strong></span> <span class='ocrx_word' id='word_1_783' title='bbox 2835 4270 3150 4328; x_wconf 88' lang='lat' dir='ltr'><strong>Salvatoris</strong></span> <span class='ocrx_word' id='word_1_784' title='bbox 3171 4272 3399 4330; x_wconf 89' lang='lat' dir='ltr'><strong>donum</strong></span> <span class='ocrx_word' id='word_1_785' title='bbox 3421 4277 3477 4329; x_wconf 92' lang='lat' dir='ltr'><strong>et</strong></span> <span class='ocrx_word' id='word_1_786' title='bbox 3497 4268 3718 4343; x_wconf 87' lang='lat' dir='ltr'><strong>gratiam</strong></span> <span class='ocrx_word' id='word_1_787' title='bbox 3735 4273 3852 4318; x_wconf 84' lang='lat' dir='ltr'><strong>sanc-</strong></span> 
     </span>
    </p>
   </div>
   <div class='ocr_carea' id='block_1_105' title="bbox 2280 4343 3624 4432">
    <p class='ocr_par' dir='ltr' id='par_1_105' title="bbox 2280 4343 3624 4432">
     <span class='ocr_line' id='line_1_105' title="bbox 2280 4343 3624 4432; baseline -0.001 -16"><span class='ocrx_word' id='word_1_788' title='bbox 2280 4361 2324 4416; x_wconf 90' lang='lat' dir='ltr'><strong>ti</strong></span> <span class='ocrx_word' id='word_1_789' title='bbox 2355 4360 2609 4432; x_wconf 87' lang='lat' dir='ltr'><strong>Spiritus</strong></span> <span class='ocrx_word' id='word_1_790' title='bbox 2640 4359 2979 4432; x_wconf 88' lang='lat' dir='ltr'><strong>acceperitis</strong></span> <span class='ocrx_word' id='word_1_791' title='bbox 3013 4377 3025 4415; x_wconf 92' lang='lat'>:</span> <span class='ocrx_word' id='word_1_792' title='bbox 3605 4343 3624 4361; x_wconf 83' lang='grc'><em>’</em></span> 
     </span>
    </p>
   </div>
   <div class='ocr_carea' id='block_1_106' title="bbox 2356 4445 3850 4517">
    <p class='ocr_par' dir='ltr' id='par_1_106' title="bbox 2356 4445 3850 4517">
     <span class='ocr_line' id='line_1_106' title="bbox 2356 4445 3850 4517; baseline -0.005 -12"><span class='ocrx_word' id='word_1_793' title='bbox 2356 4470 2378 4498; x_wconf 72' lang='grc' dir='ltr'><strong>α</strong></span> <span class='ocrx_word' id='word_1_794' title='bbox 2403 4447 2774 4504; x_wconf 83' lang='lat' dir='ltr'><strong>Conﬂtemini</strong></span> <span class='ocrx_word' id='word_1_795' title='bbox 2798 4449 3322 4517; x_wconf 84' lang='lat' dir='ltr'><strong>Dominn,»omnes</strong></span> <span class='ocrx_word' id='word_1_796' title='bbox 3344 4450 3634 4506; x_wconf 88' lang='lat' dir='ltr'><strong>credentes</strong></span> <span class='ocrx_word' id='word_1_797' title='bbox 3655 4445 3704 4499; x_wconf 90' lang='lat' dir='ltr'><strong>in</strong></span> <span class='ocrx_word' id='word_1_798' title='bbox 3723 4450 3850 4494; x_wconf 73' lang='lat' dir='ltr'><strong>eum!</strong></span> 
     </span>
    </p>
   </div>
   <div class='ocr_carea' id='block_1_107' title="bbox 2197 4531 3854 4626">
    <p class='ocr_par' dir='ltr' id='par_1_107' title="bbox 2197 4531 3854 4626">
     <span class='ocr_line' id='line_1_107' title="bbox 2197 4531 3854 4626; baseline -0.004 -33"><span class='ocrx_word' id='word_1_799' title='bbox 2197 4559 2245 4626; x_wconf 73' lang='grc' dir='ltr'><strong>Β</strong></span> <span class='ocrx_word' id='word_1_800' title='bbox 2277 4563 2306 4593; x_wconf 85' lang='grc'><strong>‹‹</strong></span> <span class='ocrx_word' id='word_1_801' title='bbox 2339 4544 2397 4596; x_wconf 90' lang='lat' dir='ltr'><strong>et</strong></span> <span class='ocrx_word' id='word_1_802' title='bbox 2428 4538 2690 4594; x_wconf 89' lang='lat' dir='ltr'><strong>invocate</strong></span> <span class='ocrx_word' id='word_1_803' title='bbox 2722 4553 2933 4593; x_wconf 89' lang='lat' dir='ltr'><strong>nomen</strong></span> <span class='ocrx_word' id='word_1_804' title='bbox 2963 4537 3112 4606; x_wconf 89' lang='lat' dir='ltr'><strong>ejus,</strong></span> <span class='ocrx_word' id='word_1_805' title='bbox 3149 4561 3176 4588; x_wconf 87' lang='grc'><strong>››</strong></span> <span class='ocrx_word' id='word_1_806' title='bbox 3208 4545 3276 4595; x_wconf 88' lang='lat' dir='ltr'><strong>ut</strong></span> <span class='ocrx_word' id='word_1_807' title='bbox 3320 4540 3462 4611; x_wconf 90' lang='lat' dir='ltr'><strong>quia</strong></span> <span class='ocrx_word' id='word_1_808' title='bbox 3495 4537 3630 4594; x_wconf 83' lang='lat' dir='ltr'><strong>Jesu</strong></span> <span class='ocrx_word' id='word_1_809' title='bbox 3654 4531 3854 4626; x_wconf 42' lang='lat' dir='ltr'><strong>vocatu?</strong></span> 
     </span>
    </p>
   </div>
   <div class='ocr_carea' id='block_1_108' title="bbox 2277 4611 3856 4698">
    <p class='ocr_par' dir='ltr' id='par_1_108' title="bbox 2277 4611 3856 4698">
     <span class='ocr_line' id='line_1_108' title="bbox 2277 4611 3856 4698; baseline -0.011 -16"><span class='ocrx_word' id='word_1_810' title='bbox 2277 4627 2460 4682; x_wconf 90' lang='lat' dir='ltr'><strong>salvet</strong></span> <span class='ocrx_word' id='word_1_811' title='bbox 2487 4631 2542 4682; x_wconf 88' lang='lat' dir='ltr'><strong>et</strong></span> <span class='ocrx_word' id='word_1_812' title='bbox 2572 4629 2837 4698; x_wconf 90' lang='lat' dir='ltr'><strong>protegat</strong></span> <span class='ocrx_word' id='word_1_813' title='bbox 2858 4643 2960 4683; x_wconf 88' lang='lat' dir='ltr'><strong>vos</strong></span> <span class='ocrx_word' id='word_1_814' title='bbox 2994 4644 3046 4682; x_wconf 72' lang='grc' dir='ltr'><strong>τα</strong></span> <span class='ocrx_word' id='word_1_815' title='bbox 3079 4633 3248 4684; x_wconf 89' lang='lat' dir='ltr'><strong>notas</strong></span> <span class='ocrx_word' id='word_1_816' title='bbox 3277 4629 3450 4684; x_wconf 80' lang='lat' dir='ltr'><strong>facite</strong></span> <span class='ocrx_word' id='word_1_817' title='bbox 3482 4626 3539 4680; x_wconf 92' lang='lat' dir='ltr'><strong>in</strong></span> <span class='ocrx_word' id='word_1_818' title='bbox 3569 4617 3768 4696; x_wconf 86' lang='lat' dir='ltr'><strong>populis</strong></span> <span class='ocrx_word' id='word_1_819' title='bbox 3783 4611 3856 4666; x_wconf 83' lang='lat' dir='ltr'><strong>ad-</strong></span> 
     </span>
    </p>
   </div>
   <div class='ocr_carea' id='block_1_109' title="bbox 2276 4705 3857 4786">
    <p class='ocr_par' dir='ltr' id='par_1_109' title="bbox 2276 4705 3857 4786">
     <span class='ocr_line' id='line_1_109' title="bbox 2276 4705 3857 4786; baseline -0.006 -15"><span class='ocrx_word' id='word_1_820' title='bbox 2276 4716 2640 4773; x_wconf 88' lang='lat' dir='ltr'><strong>inventiones</strong></span> <span class='ocrx_word' id='word_1_821' title='bbox 2669 4716 2798 4786; x_wconf 91' lang='lat' dir='ltr'><strong>ejus</strong></span> <span class='ocrx_word' id='word_1_822' title='bbox 2832 4732 2844 4770; x_wconf 89' lang='lat'><strong>:</strong></span> <span class='ocrx_word' id='word_1_823' title='bbox 2879 4715 3026 4771; x_wconf 80' lang='lat' dir='ltr'><strong>uhoc</strong></span> <span class='ocrx_word' id='word_1_824' title='bbox 3054 4717 3502 4786; x_wconf 86' lang='lat' dir='ltr'><strong>est,doctrinam</strong></span> <span class='ocrx_word' id='word_1_825' title='bbox 3530 4705 3857 4782; x_wconf 70' lang='lat' dir='ltr'><strong>evangelicum</strong></span> 
     </span>
    </p>
   </div>
   <div class='ocr_carea' id='block_1_110' title="bbox 2274 4793 3857 4879">
    <p class='ocr_par' dir='ltr' id='par_1_110' title="bbox 2274 4793 3857 4879">
     <span class='ocr_line' id='line_1_110' title="bbox 2274 4793 3857 4879; baseline -0.008 -16"><span class='ocrx_word' id='word_1_826' title='bbox 2274 4811 2332 4863; x_wconf 90' lang='lat' dir='ltr'><strong>et</strong></span> <span class='ocrx_word' id='word_1_827' title='bbox 2360 4810 2646 4879; x_wconf 64' lang='lat' dir='ltr'><strong>praecepta</strong></span> <span class='ocrx_word' id='word_1_828' title='bbox 2675 4821 2802 4876; x_wconf 62' lang='lat' dir='ltr'><strong>qua:</strong></span> <span class='ocrx_word' id='word_1_829' title='bbox 2835 4805 3061 4873; x_wconf 90' lang='lat' dir='ltr'><strong>docuit;</strong></span> <span class='ocrx_word' id='word_1_830' title='bbox 3103 4810 3161 4861; x_wconf 89' lang='lat' dir='ltr'><strong>et</strong></span> <span class='ocrx_word' id='word_1_831' title='bbox 3206 4830 3233 4856; x_wconf 83' lang='lat'><strong>«</strong></span> <span class='ocrx_word' id='word_1_832' title='bbox 3291 4808 3584 4862; x_wconf 90' lang='lat' dir='ltr'><strong>memento</strong></span> <span class='ocrx_word' id='word_1_833' title='bbox 3635 4793 3857 4871; x_wconf 80' lang='lat' dir='ltr'><strong>quoniam</strong></span> 
     </span>
    </p>
   </div>
   <div class='ocr_carea' id='block_1_111' title="bbox 2277 4893 3551 4952">
    <p class='ocr_par' dir='ltr' id='par_1_111' title="bbox 2277 4893 3551 4952">
     <span class='ocr_line' id='line_1_111' title="bbox 2277 4893 3551 4952; baseline -0.004 0"><span class='ocrx_word' id='word_1_834' title='bbox 2277 4895 2438 4952; x_wconf 90' lang='lat' dir='ltr'><strong>solus</strong></span> <span class='ocrx_word' id='word_1_835' title='bbox 2467 4893 2728 4951; x_wconf 88' lang='lat' dir='ltr'><strong>excelsus</strong></span> <span class='ocrx_word' id='word_1_836' title='bbox 2759 4898 2848 4950; x_wconf 90' lang='lat' dir='ltr'><strong>est</strong></span> <span class='ocrx_word' id='word_1_837' title='bbox 2878 4919 2900 4947; x_wconf 75' lang='grc' dir='ltr'><strong>ι</strong></span> <span class='ocrx_word' id='word_1_838' title='bbox 2938 4894 3032 4949; x_wconf 93' lang='lat' dir='ltr'><strong>cui</strong></span> <span class='ocrx_word' id='word_1_839' title='bbox 3057 4896 3426 4952; x_wconf 88' lang='lat' dir='ltr'><strong>.cantandum</strong></span> <span class='ocrx_word' id='word_1_840' title='bbox 3457 4893 3551 4949; x_wconf 90' lang='lat' dir='ltr'><strong>sit.</strong></span> 
     </span>
    </p>
   </div>
   <div class='ocr_carea' id='block_1_112' title="bbox 2348 4973 3858 5056">
    <p class='ocr_par' dir='ltr' id='par_1_112' title="bbox 2348 4973 3858 5056">
     <span class='ocr_line' id='line_1_112' title="bbox 2348 4973 3858 5056; baseline -0.007 -16"><span class='ocrx_word' id='word_1_841' title='bbox 2348 5008 2373 5035; x_wconf 77' lang='grc' dir='ltr'>α</span> <span class='ocrx_word' id='word_1_842' title='bbox 2411 4983 2716 5056; x_wconf 79' lang='lat' dir='ltr'><strong>Magnifice</strong></span> <span class='ocrx_word' id='word_1_843' title='bbox 2743 4983 2877 5039; x_wconf 84' lang='lat' dir='ltr'><strong>fecit</strong></span> <span class='ocrx_word' id='word_1_844' title='bbox 2907 4983 3212 5052; x_wconf 89' lang='lat' dir='ltr'><strong>Dominus,</strong></span> <span class='ocrx_word' id='word_1_845' title='bbox 3235 5010 3256 5038; x_wconf 73' lang='grc' dir='ltr'>ι»</span> <span class='ocrx_word' id='word_1_846' title='bbox 3292 4983 3575 5056; x_wconf 88' lang='lat' dir='ltr'><strong>quoniam</strong></span> <span class='ocrx_word' id='word_1_847' title='bbox 3604 4993 3700 5034; x_wconf 86' lang='lat' dir='ltr'><strong>sua</strong></span> <span class='ocrx_word' id='word_1_848' title='bbox 3718 4973 3858 5029; x_wconf 67' lang='lat' dir='ltr'><strong>morte</strong></span> 
     </span>
    </p>
   </div>
   <div class='ocr_carea' id='block_1_113' title="bbox 2274 5071 3858 5144">
    <p class='ocr_par' dir='ltr' id='par_1_113' title="bbox 2274 5071 3858 5144">
     <span class='ocr_line' id='line_1_113' title="bbox 2274 5071 3858 5144; baseline -0.011 -15"><span class='ocrx_word' id='word_1_849' title='bbox 2274 5071 2488 5144; x_wconf 90' lang='lat' dir='ltr'><strong>simpla</strong></span> <span class='ocrx_word' id='word_1_850' title='bbox 2509 5071 2749 5142; x_wconf 90' lang='lat' dir='ltr'><strong>duplam</strong></span> <span class='ocrx_word' id='word_1_851' title='bbox 2773 5076 3035 5128; x_wconf 90' lang='lat' dir='ltr'><strong>nostram</strong></span> <span class='ocrx_word' id='word_1_852' title='bbox 3059 5073 3675 5142; x_wconf 84' lang='lat' dir='ltr'><strong>destruxit,resurgens</strong></span> <span class='ocrx_word' id='word_1_853' title='bbox 3693 5081 3724 5119; x_wconf 87' lang='lat' dir='ltr'><strong>a</strong></span> <span class='ocrx_word' id='word_1_854' title='bbox 3742 5073 3858 5116; x_wconf 86' lang='lat' dir='ltr'><strong>mor-</strong></span> 
     </span>
    </p>
   </div>
   <div class='ocr_carea' id='block_1_114' title="bbox 2276 5159 3858 5240">
    <p class='ocr_par' dir='ltr' id='par_1_114' title="bbox 2276 5159 3858 5240">
     <span class='ocr_line' id='line_1_114' title="bbox 2276 5159 3858 5240; baseline -0.008 -24"><span class='ocrx_word' id='word_1_855' title='bbox 2276 5161 2393 5217; x_wconf 89' lang='lat' dir='ltr'><strong>tuis</strong></span> <span class='ocrx_word' id='word_1_856' title='bbox 2422 5165 2478 5217; x_wconf 92' lang='lat' dir='ltr'><strong>et</strong></span> <span class='ocrx_word' id='word_1_857' title='bbox 2508 5161 2830 5217; x_wconf 87' lang='lat' dir='ltr'><strong>ascendens</strong></span> <span class='ocrx_word' id='word_1_858' title='bbox 2878 5163 2947 5216; x_wconf 88' lang='lat' dir='ltr'><strong>ad</strong></span> <span class='ocrx_word' id='word_1_859' title='bbox 3001 5178 3244 5234; x_wconf 91' lang='lat' dir='ltr'><strong>superos</strong></span> <span class='ocrx_word' id='word_1_860' title='bbox 3277 5179 3308 5231; x_wconf 82' lang='grc' dir='ltr'><strong>; </strong></span> <span class='ocrx_word' id='word_1_861' title='bbox 3328 5166 3388 5218; x_wconf 89' lang='lat' dir='ltr'><strong>et</strong></span> <span class='ocrx_word' id='word_1_862' title='bbox 3419 5159 3644 5233; x_wconf 87' lang='lat' dir='ltr'><strong>quando</strong></span> <span class='ocrx_word' id='word_1_863' title='bbox 3671 5159 3858 5240; x_wconf 64' lang='lat' dir='ltr'><strong>caruetn</strong></span> 
     </span>
    </p>
   </div>
   <div class='ocr_carea' id='block_1_115' title="bbox 2271 5237 3857 5323">
    <p class='ocr_par' dir='ltr' id='par_1_115' title="bbox 2271 5237 3857 5323">
     <span class='ocr_line' id='line_1_115' title="bbox 2271 5237 3857 5323; baseline -0.007 -16"><span class='ocrx_word' id='word_1_864' title='bbox 2271 5256 2479 5307; x_wconf 72' lang='lat' dir='ltr'><strong>nostra:</strong></span> <span class='ocrx_word' id='word_1_865' title='bbox 2512 5249 2862 5322; x_wconf 82' lang='lat' dir='ltr'><strong>fragilitatis,</strong></span> <span class='ocrx_word' id='word_1_866' title='bbox 2888 5268 3066 5323; x_wconf 85' lang='lat' dir='ltr'><strong>quam</strong></span> <span class='ocrx_word' id='word_1_867' title='bbox 3099 5251 3425 5323; x_wconf 89' lang='lat' dir='ltr'><strong>assumpsit</strong></span> <span class='ocrx_word' id='word_1_868' title='bbox 3453 5251 3512 5304; x_wconf 88' lang='lat' dir='ltr'><strong>in</strong></span> <span class='ocrx_word' id='word_1_869' title='bbox 3545 5251 3695 5302; x_wconf 89' lang='lat' dir='ltr'><strong>utero</strong></span> <span class='ocrx_word' id='word_1_870' title='bbox 3720 5237 3857 5306; x_wconf 70' lang='lat' dir='ltr'><strong>virgi-</strong></span> 
     </span>
    </p>
   </div>
   <div class='ocr_carea' id='block_1_116' title="bbox 2271 5339 3522 5410">
    <p class='ocr_par' dir='ltr' id='par_1_116' title="bbox 2271 5339 3522 5410">
     <span class='ocr_line' id='line_1_116' title="bbox 2271 5339 3522 5410; baseline -0.002 -14"><span class='ocrx_word' id='word_1_871' title='bbox 2271 5343 2384 5410; x_wconf 89' lang='lat' dir='ltr'><strong>nis,</strong></span> <span class='ocrx_word' id='word_1_872' title='bbox 2417 5339 2733 5396; x_wconf 88' lang='lat' dir='ltr'><strong>transvexit</strong></span> <span class='ocrx_word' id='word_1_873' title='bbox 2765 5341 2834 5395; x_wconf 89' lang='lat' dir='ltr'><strong>ad</strong></span> <span class='ocrx_word' id='word_1_874' title='bbox 2869 5339 3044 5396; x_wconf 66' lang='lat' dir='ltr'><strong>oculos</strong></span> <span class='ocrx_word' id='word_1_875' title='bbox 3067 5341 3266 5410; x_wconf 67' lang='grc' dir='ltr'><strong>(Μανῆ.</strong></span> <span class='ocrx_word' id='word_1_876' title='bbox 3299 5340 3522 5410; x_wconf 83' lang='lat' dir='ltr'><strong>xxvm).</strong></span> 
     </span>
    </p>
   </div>
   <div class='ocr_carea' id='block_1_117' title="bbox 2341 5416 3858 5494">
    <p class='ocr_par' dir='ltr' id='par_1_117' title="bbox 2341 5416 3858 5494">
     <span class='ocr_line' id='line_1_117' title="bbox 2341 5416 3858 5494; baseline 0.003 -14"><span class='ocrx_word' id='word_1_877' title='bbox 2341 5455 2368 5481; x_wconf 89' lang='grc'><strong>‹‹</strong></span> <span class='ocrx_word' id='word_1_878' title='bbox 2402 5428 2755 5485; x_wconf 86' lang='lat' dir='ltr'><strong>Annuntiate</strong></span> <span class='ocrx_word' id='word_1_879' title='bbox 2789 5429 2895 5484; x_wconf 89' lang='lat' dir='ltr'><strong>hoc</strong></span> <span class='ocrx_word' id='word_1_880' title='bbox 2927 5429 2984 5482; x_wconf 92' lang='lat' dir='ltr'><strong>in</strong></span> <span class='ocrx_word' id='word_1_881' title='bbox 3019 5430 3286 5487; x_wconf 89' lang='lat' dir='ltr'><strong>universa</strong></span> <span class='ocrx_word' id='word_1_882' title='bbox 3316 5434 3470 5485; x_wconf 88' lang='lat' dir='ltr'><strong>terra</strong></span> <span class='ocrx_word' id='word_1_883' title='bbox 3502 5444 3514 5481; x_wconf 92' lang='lat'><strong>:</strong></span> <span class='ocrx_word' id='word_1_884' title='bbox 3553 5447 3578 5472; x_wconf 87' lang='grc'><strong>››</strong></span> <span class='ocrx_word' id='word_1_885' title='bbox 3601 5418 3738 5494; x_wconf 76' lang='lat' dir='ltr'><strong>quod</strong></span> <span class='ocrx_word' id='word_1_886' title='bbox 3765 5416 3858 5484; x_wconf 66' lang='lat' dir='ltr'><strong>ipse</strong></span> 
     </span>
    </p>
   </div>
   <div class='ocr_carea' id='block_1_118' title="bbox 2269 5512 3859 5592">
    <p class='ocr_par' dir='ltr' id='par_1_118' title="bbox 2269 5512 3859 5592">
     <span class='ocr_line' id='line_1_118' title="bbox 2269 5512 3859 5592; baseline -0.007 -18"><span class='ocrx_word' id='word_1_887' title='bbox 2269 5520 2368 5592; x_wconf 90' lang='lat' dir='ltr'><strong>qui</strong></span> <span class='ocrx_word' id='word_1_888' title='bbox 2400 5537 2509 5574; x_wconf 88' lang='lat' dir='ltr'><strong>nos</strong></span> <span class='ocrx_word' id='word_1_889' title='bbox 2538 5517 2906 5588; x_wconf 87' lang='lat' dir='ltr'><strong>creavit,ipse</strong></span> <span class='ocrx_word' id='word_1_890' title='bbox 2940 5535 3045 5574; x_wconf 89' lang='lat' dir='ltr'><strong>nos</strong></span> <span class='ocrx_word' id='word_1_891' title='bbox 3066 5517 3355 5592; x_wconf 86' lang='lat' dir='ltr'><strong>reparavit</strong></span> <span class='ocrx_word' id='word_1_892' title='bbox 3377 5533 3390 5571; x_wconf 92' lang='lat'>:</span> <span class='ocrx_word' id='word_1_893' title='bbox 3412 5521 3471 5571; x_wconf 89' lang='lat' dir='ltr'><strong>et</strong></span> <span class='ocrx_word' id='word_1_894' title='bbox 3500 5512 3707 5570; x_wconf 89' lang='lat' dir='ltr'><strong>devicto</strong></span> <span class='ocrx_word' id='word_1_895' title='bbox 3735 5517 3859 5560; x_wconf 59' lang='grc' dir='ltr'><strong>[Ποῖα</strong></span> 
     </span>
    </p>
   </div>
   <div class='ocr_carea' id='block_1_119' title="bbox 2266 5599 3860 5682">
    <p class='ocr_par' dir='ltr' id='par_1_119' title="bbox 2266 5599 3860 5682">
     <span class='ocr_line' id='line_1_119' title="bbox 2266 5599 3860 5682; baseline -0.01 -15"><span class='ocrx_word' id='word_1_896' title='bbox 2266 5610 2343 5667; x_wconf 89' lang='lat' dir='ltr'><strong>tis</strong></span> <span class='ocrx_word' id='word_1_897' title='bbox 2377 5613 2630 5675; x_wconf 89' lang='lat' dir='ltr'><strong>auctore,</strong></span> <span class='ocrx_word' id='word_1_898' title='bbox 2656 5605 2879 5664; x_wconf 89' lang='lat' dir='ltr'><strong>aditum</strong></span> <span class='ocrx_word' id='word_1_899' title='bbox 2912 5608 3074 5682; x_wconf 84' lang='lat' dir='ltr'><strong>regni</strong></span> <span class='ocrx_word' id='word_1_900' title='bbox 3107 5605 3359 5668; x_wconf 64' lang='lat' dir='ltr'><strong>caelestis</strong></span> <span class='ocrx_word' id='word_1_901' title='bbox 3389 5599 3742 5662; x_wconf 86' lang='lat' dir='ltr'><strong>credentibus</strong></span> <span class='ocrx_word' id='word_1_902' title='bbox 3761 5603 3860 5662; x_wconf 63' lang='lat' dir='ltr'><strong>ape&#39;</strong></span> 
     </span>
    </p>
   </div>
  </div>
