4048 6190
250 379 376 441 793

1360 379 1767 443 COMMENT.
1814 334 1895 441 ΙΝ
1939 379 2239 445 ISAIAM.
2295 383 2446 448 LIB.
2491 384 2569 447 ιι.

3544 386 3664 456 79ι

253 516 402 569 tunc
426 511 876 569 resuscitabitur
903 514 1070 586 pater
1097 513 1432 580 tuus.Quod
1446 528 1580 568 vero
1594 512 1906 579 subinfert,
1935 512 1993 581 Α
2023 536 2052 564 ‹‹
2084 514 2155 570 Et
2184 516 2478 573 auferetur
2498 517 2735 592 jugum,
2773 542 2801 569 »
2831 518 2951 576 sive
2980 523 3241 593 potentia
3267 524 3663 600 Assyriorum,

252 619 407 675 quas
438 602 618 675 stirps
646 600 1153 674 inutiliszproprie
1182 600 1909 675 stirpsintelligitur,quod

251 690 313 746 in
348 689 647 747 radicibus
675 691 951 746 arborum
986 691 1268 747 nascitur.
1300 691 1547 763 Ideoque
1578 691 1795 747 dicitur
1815 692 1907 748 in-

251 778 449 846 utilis,
483 778 623 852 quia
648 779 926 835 virtutem
959 781 1149 835 aufert
1178 780 1369 836 arbori
1396 797 1572 853 poma
1601 781 1827 836 ferenti.

329 891 360 919 «
390 870 475 924 Tu
509 867 666 923 enim
698 871 914 924 terram
938 868 1435 941 disperdidisti,tu
1462 868 1743 941 populum
1766 868 1908 924 occi-

250 957 417 1015 disti.
435 979 462 1007 ››
497 955 614 1013 Hoc
638 961 729 1013 est
757 957 889 1013 illos
918 974 1066 1030 quos
1087 958 1191 1014 tibi
1222 958 1378 1014 Deus
1407 956 1467 1012 in
1485 956 1909 1029 correptionem

250 1047 517 1115 dederat,
535 1050 595 1101 tu
629 1045 933 1118 perdidisti
967 1047 1369 1103 interﬁciendo
1401 1046 1744 1102 eos.Aliter:
1775 1065 1908 1119 pro-

256 1139 393 1208 pter
421 1135 759 1209 superbiam
781 1139 944 1192 tuam
975 1136 1341 1192 destructum
1373 1139 1463 1191 est
1477 1151 1724 1208 regnum
1747 1135 1914 1192 Chal-

253 1224 541 1292 dzeorum,
567 1225 721 1297 quod
753 1224 944 1280 adhuc
976 1226 1294 1281 mansisset
1319 1224 1370 1280 si
1417 1223 1724 1280 humiliter
1766 1225 1913 1298 egis-

255 1330 377 1370 ses.
407 1311 509 1368 Vel
540 1313 622 1368 ita
653 1331 666 1368 :
699 1314 843 1369 Tam
873 1312 1128 1369 crudelis
1159 1314 1342 1385 fuisti,
1364 1317 1429 1369 ut
1458 1330 1572 1369 non
1607 1312 1797 1370 solum
1822 1331 1913 1369 ex-

254 1405 480 1469 ternos,
514 1401 614 1458 sed
646 1400 823 1458 etiam
852 1401 959 1457 tibi
991 1402 1289 1474 subjectos
1337 1403 1606 1476 populos,
1639 1407 1697 1459 ct
1744 1401 1909 1459 simi-

254 1489 347 1546 les
372 1488 574 1562 inique
604 1488 894 1563 afﬂigeres
921 1492 981 1544 et
1009 1488 1389 1562 opprimeres.

331 1603 361 1631 «
394 1580 520 1636 Non
538 1578 844 1635 vocabitur
862 1578 921 1634 in
942 1582 1224 1635 eternum
1240 1595 1437 1635 semen
1456 1578 1909 1651 pessimorum,»

254 1668 318 1724 id
354 1671 465 1738 est,
498 1683 700 1724 semen
748 1666 1287 1723 Nabuchodonosor
1332 1666 1708 1739 ﬁliorumque
1755 1669 1906 1738 ejus.

253 1755 364 1813 Hic
385 1772 593 1813 omnes
623 1756 975 1812 concordare
1002 1756 1276 1811 videntur
1312 1755 1590 1823 historiae,
1624 1758 1781 1828 quod
1815 1772 1911 1812 oc-

256 1845 385 1902 ciso
415 1843 744 1913 Balthasar,
777 1843 976 1901 nullus
1006 1847 1211 1917 postea
1240 1844 1311 1900 de
1341 1842 1565 1900 semine
1595 1844 1911 1900 Nabucho-

253 1935 521 1990 donosor
544 1933 841 2007 regnavit;
875 1933 975 1990 sed
1010 1936 1246 2006 propter
1274 1932 1610 2006 superbiam
1646 1931 1912 2005 impieta-

252 2026 497 2095 temque
533 2021 719 2095 patris
747 2022 941 2077 omnis
970 2021 1199 2078 soboles
1231 2020 1422 2077 deleta
1451 2026 1560 2077 est.

335 2112 702 2183 «Prmparate
721 2110 874 2167 ﬁlios
902 2111 1031 2183 ejus
1062 2109 1341 2166 occisioni
1358 2109 1667 2182 iniquitate
1683 2114 1917 2182 patrum

260 2215 539 2271 eorum,»
566 2198 627 2255 id
656 2202 767 2272 est,
801 2203 1039 2271 propter
1069 2198 1444 2270 iniquitatem
1477 2203 1767 2270 patrum.«
1792 2200 1916 2254 Non

260 2291 645 2362 consurgent,
681 2309 710 2338 »
740 2287 1025 2343 subaudis
1058 2284 1161 2342 ﬁlii
1192 2287 1321 2359 ejus
1350 2288 1410 2342 in
1442 2303 1725 2361 regnum:
1759 2311 1786 2338 α
1814 2304 1918 2344 nec

260 2377 702 2434 haereditabuut
730 2380 967 2446 terram,
1005 2399 1031 2425 »
1062 2376 1123 2431 id
1153 2379 1241 2432 est
1284 2391 1531 2447 regnum
1581 2380 1915 2449 paternum.

337 2490 369 2517 ‹‹
398 2467 474 2522 Et
495 2453 853 2540 consurgant
885 2482 1065 2537 super
1091 2481 1212 2533 eos,
1259 2488 1286 2515 »
1316 2464 1375 2520 id
1418 2469 1508 2521 est
1537 2482 1714 2537 super
1743 2465 1915 2535 ﬁlios,

261 2555 830 2623 Nabuchodonosor,
862 2571 964 2627 per
986 2555 1224 2610 Darium
1254 2558 1313 2610 et
1340 2553 1577 2627 Cyrum.

338 2646 412 2701 Et
433 2644 676 2717 perdam
706 2643 1020 2718 Babylonis
1059 2660 1296 2712 nomen,
1329 2664 1357 2693 ››
1389 2644 1676 2699 subaudis
1707 2647 1771 2698 ut
1801 2660 1915 2698 non

263 2733 529 2806 amplius
558 2736 797 2789 vocetur
824 2731 1063 2788 domina
1086 2746 1401 2804 regnorum
1426 2730 1504 2800 ;'«
1537 2734 1595 2786 et
1640 2730 1918 2803 reliquias

262 2829 325 2880 et
355 2839 617 2897 germen,
654 2844 682 2871 »
714 2821 834 2877 sive
877 2820 1031 2877 ﬁlios
1060 2820 1189 2891 ejus
1220 2841 1248 2868 ‹‹
1282 2823 1341 2875 et
1385 2819 1722 2892 progeniem
1760 2840 1787 2869 ››
1818 2837 1916 2876 su-

263 2912 507 2979 baudis,
540 2912 807 2985 perdam,
843 2931 870 2960 «
902 2908 984 2965 ait
1011 2908 1318 2965 Dominus.
1354 2929 1386 2957 ››

345 3025 375 3052 «
404 3002 481 3057 Et
503 3016 720 3074 ponam
750 3015 879 3055 eam
905 2999 963 3054 in
987 2997 1418 3072 possessionem
1445 2996 1626 3065 ericii,
1660 3001 1717 3053 et
1743 2997 1803 3053 in
1820 3015 1917 3070 pa-

264 3090 439 3146 ludes
470 3104 776 3161 aquarum.
801 3109 831 3137 ››
865 3087 974 3143 Per
1002 3086 1249 3143 ericium
1279 3102 1484 3142 omnes
1511 3085 1712 3142 bestiae
1743 3090 1801 3142 et
1827 3104 1920 3142 vo-

266 3178 465 3234 lucres
494 3182 554 3233 et
583 3179 883 3250 serpentes
915 3176 1014 3248 qui
1063 3174 1281 3231 ibidem
1331 3178 1489 3242 sunt,
1527 3174 1913 3247 accipiuntur.

2020 626 2048 653 ι‹
2082 604 2154 658 ab
2185 604 2288 673 eis,
2323 628 2349 653 ››
2378 605 2435 661 id
2463 610 2552 661 est
2577 607 3060 682 Hierosolymitis,
3095 612 3235 682 quia
3262 613 3666 694 obsideantur,

2018 715 2047 741 ‹‹
2082 697 2140 747 et
2168 710 2318 750 onus
2351 694 2528 763 illius,
2568 719 2593 744 ››
2624 696 2681 751 id
2731 701 2820 752 est
2864 699 3093 770 pondus
3143 700 3498 771 afﬂictionis,
3531 727 3559 752 «
3593 705 3666 761 ab

2018 780 2265 837 humero
2294 800 2494 839 eorum
2528 784 2783 840 tolletur.
2822 808 2849 834 »

2093 893 2121 921 «
2154 873 2269 927 lloc
2299 873 2609 929 consilium
2632 875 2787 945 quod
2821 875 3063 949 cogitavi
3098 894 3273 950 super
3301 894 3534 934 omnem
3555 883 3665 935 ter-

2020 976 2166 1027 ram,
2196 964 2253 1015 et
2283 961 2403 1017 hanc
2435 966 2524 1017 est
2572 980 2784 1018 manus
2818 985 2845 1011 ››
2897 964 3017 1019 sive
3069 966 3327 1037 potentia
3374 990 3401 1017 ‹‹
3433 970 3667 1022 extenta

2020 1064 2197 1119 super
2227 1049 2525 1106 universas
2556 1056 2779 1124 gentes.
2804 1075 2831 1101 ››
2860 1052 2981 1108 Vox
3009 1054 3216 1109 Domni
3249 1055 3665 1127 omnipotentis

2019 1142 2221 1192 contra
2248 1143 2465 1194 terram
2496 1140 2866 1212 Assyriorum
2900 1141 3251 1214 specialiter,
3272 1143 3354 1200 vel
3388 1145 3667 1216 generali-

2018 1229 2107 1281 ter
2129 1231 2329 1281 contra
2357 1244 2593 1282 omnem
2624 1228 2864 1295 orbem;
2899 1230 2997 1301 qui
3030 1230 3281 1303 subjecti
3311 1236 3450 1286 sunt
3483 1236 3669 1305 potes-

2020 1315 2125 1370 tati
2155 1316 2550 1371 Sennacherib
2581 1316 2668 1372 vel
2700 1315 2939 1383 diaboli,
2972 1322 3031 1373 et
3059 1319 3188 1390 ejus
3230 1320 3512 1377 voluntati
3565 1323 3666 1377 ob-

2020 1408 2365 1477 temperant.
2398 1405 2721 1462 Consilium
2754 1411 2948 1462 autem
2978 1408 3401 1480 omnipotentis
3429 1409 3529 1465 Dei
3560 1409 3670 1467 hoc

2020 1493 2077 1548 in
2110 1494 2234 1549 loco
2264 1497 2502 1549 vocatur
2527 1493 2695 1564 illud,
2731 1496 2802 1550 de
2831 1512 2951 1567 qua
2999 1497 3174 1568 paulo
3224 1497 3496 1570 superius
3544 1499 3671 1553 dic-

2016 1586 2143 1638 tum
2175 1586 2284 1637 est.
2318 1582 2475 1651 Sine,
2510 1586 2575 1638 ut
2611 1584 2811 1657 putavi
2847 1584 2926 1639 ita
2959 1585 3088 1657 erit,
3122 1591 3188 1642 ut
3214 1590 3516 1643 conteram
3564 1588 3670 1644 As-

2018 1671 2241 1745 syrium
2272 1672 2332 1726 in
2364 1675 2519 1728 terra
2550 1688 2700 1728 mea.
2938 1690 2947 1699 ’

2090 1783 2119 1811 ‹‹
2154 1760 2434 1817 Doninus
2462 1761 2620 1817 enim
2670 1762 3034 1819 exercituum
3084 1763 3355 1832 decrevit,
3393 1786 3422 1813 »
3473 1764 3531 1819 id
3575 1768 3668 1821 est

2017 1849 2241 1906 statuit.
2277 1872 2305 1900 «
2337 1850 2405 1905 Et
2434 1850 2567 1922 quis
2596 1852 2811 1924 poterit
2841 1852 3161 1921 inﬁrmare,
3197 1875 3225 1902 ››
3257 1853 3543 1909 subaudis
3574 1854 3670 1909 de-

2026 1942 2251 1995 cretum
2300 1936 2483 2005 illius,
2530 1943 2598 1995 ut
2648 1956 2764 1996 non
2812 1944 3074 1996 conterat
3118 1940 3472 2014 Assyrium?
3520 1964 3548 1993 «
3599 1943 3672 1998 Et

2026 2041 2240 2082 manus
2269 2026 2399 2097 ejus
2429 2029 2681 2098 extenta,
2715 2048 2742 2075 ››
2774 2026 2832 2081 id
2860 2030 2950 2083 est
2978 2029 3051 2083 ad
3082 2028 3529 2100 percutiendum
3562 2046 3669 2102 po-

2026 2115 2208 2171 tentia
2237 2115 2367 2187 ejus
2397 2119 2680 2187 porrecta,
2714 2139 2741 2165 ‹‹
2771 2118 2831 2171 et
2869 2116 3003 2188 quis
3051 2119 3271 2173 avertet
3313 2118 3482 2177 eam?
3510 2140 3539 2167 ››
3570 2105 3669 2175 su-

2026 2203 2238 2259 baudis
2267 2201 2485 2272 nullus,
2519 2203 2659 2275 quin
2694 2204 2997 2276 percutiat.
3029 2204 3298 2261 Extensio
3336 2205 3496 2261 enim
3547 2222 3670 2262 ma-

2027 2308 2160 2357 nus,
2195 2291 2464 2346 habitum
2495 2292 2892 2364 percutiendis
2920 2293 3202 2348 ostendit.

2099 2402 2125 2428 ‹‹
2154 2381 2320 2434 Anno
2352 2396 2467 2451 quo
2492 2383 2761 2435 mortuus
2790 2384 2878 2436 est
2919 2397 3017 2436 rex
3063 2382 3276 2452 Achaz,
3313 2383 3533 2439 factum
3584 2386 3676 2441 est

2026 2484 2177 2523 onus
2208 2467 2389 2523 istud.
2428 2490 2455 2517 »
2483 2469 2527 2523 A
2558 2468 2846 2540 principio
2879 2469 3008 2524 libri
3040 2486 3228 2543 usque
3275 2474 3346 2528 ad
3398 2472 3556 2529 hunc
3584 2472 3675 2529 lo-

2027 2573 2159 2611 cum
2193 2557 2305 2612 sub
2329 2556 2887 2628 temporibustrium
2916 2560 3673 2631 regnum,02iaa,Joatham,

2024 2644 2235 2712 Achaz,
2267 2660 2336 2699 ea
2364 2660 2492 2716 quae
2531 2644 2591 2699 in
2644 2645 2836 2700 medio
2882 2647 3278 2718 continentur,
3310 2666 3345 2704 a
3392 2650 3677 2722 propheta

2025 2732 2342 2788 vaticinata
2371 2737 2528 2788 sant.
2547 2732 2692 2788 Hinc
2721 2750 2854 2790 vero
2886 2750 3074 2808 usque
3094 2736 3167 2790 ad
3200 2736 3376 2793 ﬁnem
3406 2736 3539 2792 libri
3562 2739 3674 2794 sub

2025 2820 2291 2888 Ezechia,
2325 2825 2380 2877 et
2409 2837 2479 2876 ex
2507 2825 2670 2894 parte
2713 2822 3006 2895 completa
3054 2827 3209 2891 sunt.
3245 2846 3274 2874 «
3325 2824 3408 2880 Ne
3459 2824 3674 2881 laeteris

2026 2909 2363 2967 Philisthsea
2389 2911 2583 2967 omnis
2606 2910 2984 2983 tu,quoniam
3014 2912 3381 2969 comminuta
3393 2916 3483 2968 est
3512 2912 3676 2987 virga

2026 2998 2390 3071 percussoris
2415 2999 2522 3055 tui.
2556 3022 2584 3049 ››
2613 2998 2891 3056 Naturale
2921 3003 3033 3069 est,
3062 2998 3217 3056 sicut
3246 3002 3453 3058 beatus
3482 3001 3675 3058 Hiero-

2025 3104 2240 3160 nymus
2271 3086 2431 3155 dicit,
2465 3091 2532 3143 ut
2561 3091 2794 3143 mortuo
2824 3102 2959 3161 rege
2989 3087 3215 3144 inimici
3245 3088 3493 3146 aliarum
3531 3106 3672 3166 gen-

2027 3175 2177 3231 tium
2209 3175 2508 3232 laetentur:
2542 3193 2612 3232 ex
2640 3176 2816 3233 rebus
2844 3176 3011 3232 novis
3040 3176 3193 3233 bella
3221 3176 3415 3235 civilia
3443 3181 3501 3234 et
3529 3178 3677 3234 sedi-

268 3268 535 3339 Denique
564 3265 649 3322 sic
680 3248 989 3339 impletum
1020 3265 1193 3320 hodie
1222 3265 1502 3332 cernitur,
1535 3265 1690 3321 sicut
1719 3282 1753 3321 a
1782 3282 1917 3338 pro—
1948 3248 1994 3315 Ο
2030 3266 2221 3321 tiones
2250 3267 2674 3337 exspectantes.
2708 3265 2936 3321 Mortuo
2980 3263 3272 3337 siquidem
3318 3265 3511 3322 Achaz
3558 3266 3679 3322 im-

266 3356 449 3430 pheta
479 3354 822 3428 praedictum
852 3358 944 3411 est
975 3371 989 3409 :
1023 3352 1162 3426 quia
1188 3353 1337 3409 nihil
1366 3357 1455 3410 est
1484 3353 1543 3408 in
1585 3368 1654 3409 ea
1681 3353 1794 3409 nisi
1824 3370 1920 3410 ve-

268 3446 433 3501 natio
468 3443 645 3516 regia,
677 3442 936 3516 exceptis
965 3442 1154 3498 muris
1184 3441 1511 3507 coctilibus,
1545 3442 1644 3514 qui
1689 3446 1925 3515 propter

266 3533 499 3590 bestias
523 3532 745 3589 ibidem
795 3531 1179 3588 includendas
1224 3536 1358 3603 post
1402 3548 1587 3587 annos
1638 3530 1923 3603 plurimos

266 3624 679 3679 restaurantur
724 3643 753 3672 ‹‹
800 3622 872 3677 Et
921 3620 1174 3691 scopabo
1226 3636 1355 3676 eam
1406 3618 1464 3674 in
1498 3636 1675 3692 scopa
1704 3624 1920 3686 terens,

267 3712 414 3767 dicit
444 3710 737 3767 Dominus
779 3709 1163 3775 exercituum,
1198 3731 1226 3759 »
1260 3709 1381 3765 sive
1428 3708 1797 3764 militiarum.
1831 3710 1920 3765 Si-

266 3803 368 3856 cut
394 3814 579 3872 scopa
607 3802 794 3855 tracta
824 3798 906 3854 nil
938 3799 1203 3855 sordium
1247 3801 1509 3854 remanet
1540 3816 1553 3854 :
1589 3798 1672 3854 ita
1720 3798 1921 3855 nullus

268 3889 584 3946 nominum
616 3886 985 3962 relinquetur
1010 3887 1071 3943 in
1103 3905 1189 3944 ea.

338 4003 367 4029 α
400 3978 635 4036 Iuravit
654 3977 939 4034 Dominus
968 3977 1350 4043 exercituum,
1371 3976 1607 4032 dicens:
1634 3976 1693 4032 Si
1719 3993 1835 4032 non
1857 3982 1923 4032 ut

266 4066 470 4143 putavi
500 4087 533 4118 »
565 4065 685 4123 sive
713 4066 980 4141 cogitavi,
1008 4084 1038 4116 «
1068 4067 1149 4121 ita
1176 4064 1306 4136 erit,
1323 4069 1383 4120 et
1410 4066 1704 4138 quomodo
1725 4068 1923 4122 mente

265 4155 517 4214 tractavi
545 4155 631 4212 sic
658 4154 1024 4224 inveniet;ut
1053 4156 1350 4211 conteram
1369 4153 1672 4228 Assyrium
1690 4154 1749 4209 in
1768 4158 1923 4211 terra

263 4249 500 4313 mea,et
526 4244 588 4301 in
619 4245 921 4302 montibus
950 4243 1284 4301 conculcem
1307 4258 1507 4298 eum.»
1529 4243 1821 4299 Hactenus
1850 4244 1922 4299 de

264 4333 569 4408 Babylone
596 4338 656 4389 et
684 4333 922 4407 regibus
951 4334 1080 4405 eius
1105 4330 1280 4405 atque
1309 4330 1726 4405 populis,nunc
1741 4347 1923 4388 rever-

264 4424 419 4479 titur
450 4423 535 4478 ad'
555 4422 974 4490 Sennacherib,
1007 4426 1067 4477 et
1110 4422 1184 4477 ad
1214 4437 1282 4477 ea
1313 4436 1441 4493 quas
1472 4422 1611 4476 tunc
1640 4420 1921 4493 temporis

265 4510 668 4568 imminebant
714 4526 893 4582 super
917 4510 1205 4582 Assyrios,
1237 4508 1338 4582 qui
1372 4507 1696 4565 Samariam
1726 4509 1920 4565 Judae-

2030 3354 2298 3427 piissimo
2343 3370 2477 3428 rege
2525 3355 2643 3426 jam
2695 3353 2976 3427 longzevo,
3025 3354 3128 3427 qui
3180 3353 3506 3412 Philistaaos
3556 3355 3678 3411 sive

2030 3444 2371 3500 Palaestinos
2404 3442 2627 3499 fortiter
2657 3442 2963 3515 afﬁixcrat,
2995 3442 3179 3500 laetati
3203 3447 3345 3500 sunt
3370 3443 3457 3500 illi
3500 3462 3680 3518 super

2030 3538 2217 3590 morte
2263 3532 2414 3603 ejus,
2466 3530 2821 3587 insultantes
2876 3530 3197 3600 lsraelitis;
3243 3532 3400 3604 quod
3445 3537 3677 3589 maturo

2029 3639 2163 3695 rege
2194 3619 2444 3694 perditio
2474 3619 2728 3676 Ezechite
2760 3618 2964 3690 juveni
3014 3618 3134 3675 ﬁlio
3182 3619 3371 3692 ipsius
3417 3620 3680 3692 subjace-

2030 3715 2177 3777 rent,
2210 3710 2320 3766 sub
2353 3708 2524 3780 cujus
2552 3711 2837 3779 potestate
2868 3707 3157 3778 putabant
3183 3725 3246 3763 se
3293 3724 3466 3779 posse
3508 3707 3675 3764 inva-

2029 3799 2165 3855 dere
2195 3798 2340 3851 ﬁnes
2371 3794 2789 3852 Israelitarum.
2823 3816 2852 3844 «
2887 3799 2961 3849 De
2992 3794 3187 3849 radice
3235 3793 3461 3851 colubri
3508 3811 3672 3868 egre-

2028 3886 2224 3941 dietur
2248 3883 2508 3956 regulus,
2538 3886 2597 3938 et
2623 3897 2824 3937 semen
2854 3881 3004 3952 ejus,
3040 3902 3069 3930 »
3100 3879 3158 3935 id
3187 3884 3278 3937 est
3306 3879 3493 3953 reguli
3527 3904 3555 3931 «
3578 3882 3677 3937 ab-

2032 3974 2274 4030 sorbens
2304 3971 2617 4027 volucrem.
2654 3991 2682 4018 »
2714 3968 2972 4041 Regulus
3000 3985 3100 4025 rex
3130 3968 3493 4041 serpentium
3529 3969 3672 4026 dici-

2028 4067 2148 4131 tur,
2174 4077 2350 4134 quem
2383 4057 2563 4115 Graeci
2594 4056 2903 4113 basilicum
2933 4061 3161 4115 vocant.
3195 4056 3305 4124 Qui
3349 4057 3504 4114 hanc
3551 4076 3674 4132 per-

2027 4151 2262 4207 hibetur
2290 4150 2505 4205 habere
2532 4146 2832 4214 virtutem,
2855 4149 2922 4202 ut
2949 4164 3084 4203 aves
3112 4164 3293 4220 supra
3316 4164 3383 4205 se
3410 4148 3674 4205 volantes

2028 4258 2143 4297 non
2175 4239 2367 4295 solum
2398 4239 2563 4303 ﬂatu,
2596 4237 2697 4292 sed
2727 4236 2904 4292 etiam
2930 4253 3041 4292 suo
3085 4241 3404 4311 conspectu
3447 4236 3675 4294 interﬁ-

2026 4327 2408 4401 ciat.Virgam
2439 4325 2561 4381 sive
2590 4323 2867 4381 baculum
2898 4325 3350 4398 percussoris,et
3364 4325 3675 4383 colubrum

2026 4417 2283 4491 appellat
2330 4414 2541 4482 Achaz,
2575 4414 2679 4486 qui
2727 4412 3051 4469 Philistaaos
3093 4413 3261 4469 valde
3301 4413 3592 4486 percussit
3618 4419 3675 4471 et

2028 4505 2391 4563 momordit:
2443 4505 2545 4560 sed
2594 4502 2829 4576 penitus
2876 4518 2993 4556 non
3019 4502 3344 4557 absorbuit.
3380 4502 3670 4575 Regulum

266 4615 487 4672 amque
534 4602 924 4667 vastaverant,
976 4602 1213 4671 excepta
1258 4597 1623 4653 Hierusalem
1672 4598 1763 4667 (IV
1790 4599 1914 4670 Reg.
1950 4617 1995 4682 Ι)
2027 4600 2223 4653 autem
2256 4593 2584 4682 Ezechiam.
2627 4588 2959 4682 alloquitur
3004 4589 3475 4682 ergoqpropheta
3516 4589 3669 4682 illos,

262 4688 405 4760 xxx).
438 4687 513 4743 Et
543 4686 683 4759 quia
710 4687 771 4742 in
800 4685 1138 4759 superbiam
1188 4689 1390 4741 contra
1432 4685 1748 4742 Dominum
1780 4691 1920 4744 sunt

262 4774 631 4841 elevati,una
661 4778 830 4831 nocte
860 4778 1098 4830 centum
1129 4772 1426 4846 octaginta
1453 4772 1714 4846 quinque
1735 4774 1921 4832 millia

265 4865 336 4921 de
357 4863 621 4919 exercitu
640 4863 874 4919 illorum
894 4863 966 4918 ab
990 4862 1194 4935 angelo
1211 4861 1443 4917 Domini
1465 4866 1604 4917 sunt
1632 4862 1919 4920 interfecti

264 4954 323 5008 in
360 4956 517 5008 terra
544 4952 779 5019 Judazze,
798 4955 856 5006 et
884 4950 941 5005 in
966 4951 1268 5006 montibus
1297 4949 1614 5023 ejus,fsicut
1633 4951 1919 5010 Dominus

263 5040 635 5114 praedixerat.
696 5041 860 5106 Quod
919 5056 1052 5095 vero
1111 5038 1299 5095 dicit:
1359 5039 1559 5096 ’Juravi
1635 5040 1919 5099 Dominus

262 5128 654 5193 exercituum,
696 5128 959 5183 humano
986 5126 1252 5200 loquitur
1296 5143 1477 5182 more.
1509 5128 1712 5183 Sermo
1760 5130 1917 5184 enim

263 5216 693 5289 omnipotentis
724 5216 825 5273 Dei
879 5220 1116 5290 propter
1163 5214 1526 5270 immobilem
1576 5216 1915 5273 ﬁrmitatem

263 5322 371 5379 pro
396 5306 738 5379 juramento
769 5304 954 5377 accipi
984 5305 1156 5360 debet
1176 5319 1190 5360 :
1214 5302 1357 5376 quia
1385 5303 1726 5374 non"potest
1753 5323 1915 5362 men-

264 5394 365 5451 tiri
385 5392 489 5467 qui
514 5393 853 5450 estveritas.
865 5393 1064 5465 Neque
1078 5392 1236 5448 enim
1253 5408 1317 5448 se
1330 5391 1508 5447 habet
1526 5407 1590 5447 se
1607 5393 1911 5464 majorem,

264 5500 370 5557 per
396 5499 575 5556 quem
598 5483 761 5555 juret
798 5481 979 5554 (Hebr.
1012 5482 1113 5553 vx).
1149 5481 1221 5536 Et
1258 5480 1412 5552 quod
1465 5480 1626 5534 addit
1658 5496 1671 5534 :
1705 5479 1763 5535 Si
1796 5499 1911 5539 non

264 5576 331 5628 ut
360 5574 559 5627 mente
586 5569 858 5637 tractavi;
879 5568 994 5625 tale
1025 5573 1117 5625 est
1146 5585 1213 5625 ac
1233 5568 1282 5624 si
1313 5566 1563 5623 diceret:
1588 5568 1736 5633 Quia
1763 5572 1914 5644 cogi-

262 5660 380 5719 tavi
412 5664 482 5716 ut
512 5662 810 5716 conteram
840 5658 1168 5731 Assyrium,
1202 5673 1315 5713 non
1349 5658 1540 5727 potest
1567 5656 1735 5714 aliter
1762 5660 1907 5716 ﬁeri.

2026 4702 2100 4741 ne
2149 4682 2438 4740 insultent
2483 4677 2683 4735 Israeli
2732 4680 2971 4749 propter
3024 4680 3274 4733 mortem
3318 4676 3531 4746 Achaz,
3576 4676 3671 4733 in-

2027 4773 2236 4847 quiens
2268 4790 2282 4828 :
2311 4794 2339 4822 «
2373 4771 2455 4826 Ne
2485 4765 2713 4823 lateris.
2745 4787 2773 4815 ››

2098 4887 2126 4913 ‹‹
2163 4861 2456 4917 Philistzea
2482 4854 2674 4913 omnis
2707 4859 2768 4910 tu
2800 4872 2979 4927 super
3006 4858 3192 4911 morte
3217 4854 3454 4912 Achaz»
3486 4858 3670 4911 matu-
3740 4878 3759 4893 -·

2027 4970 2102 5007 rea
2133 4950 2343 5006 aetatis.
2378 4972 2405 4997 ‹‹
2440 4944 2726 5011 Quoniam
2756 4944 3055 5000 confracta
3086 4947 3177 5000 est
3222 4943 3384 5017 virga
3430 4961 3665 5016 percus-

2026 5040 2177 5096 soris
2205 5037 2335 5094 tui»
2369 5035 2555 5092 Achaz
2584 5033 2683 5106 qui
2718 5037 2776 5088 te
2798 5036 3099 5105 percutere
3128 5032 3376 5101 solebat;
3396 5031 3533 5104 quia
3549 5056 3575 5081 ‹‹
3594 5032 3668 5088 de

2027 5129 2220 5185 radice
2251 5124 2544 5194 colubri,»
2578 5123 2633 5177 id
2666 5126 2755 5177 est
2784 5122 2856 5177 de
2883 5121 3108 5177 semine
3133 5120 3324 5176 Achaz
3352 5142 3383 5169 «
3415 5120 3669 5192 egredie-

2026 5222 2123 5273 tur
2151 5215 2411 5289 regulus,
2444 5236 2471 5264 ››
2504 5210 2779 5267 Ezechias
2807 5209 3095 5266 videlicet.
3129 5232 3159 5259 ‹‹
3192 5211 3261 5264 Et
3288 5225 3488 5264 semen
3535 5209 3666 5280 ejus

2025 5307 2346 5365 absorbens
2377 5300 2693 5358 volucrem.
2713 5320 2740 5348 »
2774 5298 3072 5363 Quomodo
3094 5296 3328 5369 (inquit)
3360 5295 3522 5352 nulla
3541 5296 3665 5353 avis

2024 5399 2326 5468 aspectum
2360 5388 2541 5463 reguli
2573 5389 2765 5458 potest
2794 5384 2975 5440 illaesa
3004 5384 3274 5452 transire,
3307 5386 3407 5442 sed
3451 5400 3663 5458 qnam-

2022 5486 2110 5541 vis
2158 5478 2359 5555 procul
2410 5473 2602 5542 fuerit,
2632 5474 2762 5545 ejus
2809 5489 2906 5529 ore
2955 5474 3272 5530 sorbetur:
3308 5473 3390 5530 ita
3436 5477 3494 5529 et
3534 5477 3598 5529 tu
3628 5490 3665 5531 a

2021 5574 2333 5645 conspectu
2366 5562 2620 5622 Ezechiae
2649 5565 2811 5618 totus
2842 5562 3078 5634 peribis.
3111 5561 3247 5619 Plus
3277 5562 3435 5619 enim
3467 5562 3664 5620 omni-

2020 5663 2132 5718 bus
2161 5657 2395 5731 regibus
2428 5650 2604 5711 Israel
2632 5648 2907 5708 Ezechias
2935 5650 3258 5709 Pbilistaeos
3289 5652 3518 5710 afﬂixit.
3557 5703 3560 5706 .
