4090 6192
443 345 560 414 795

868 346 1272 406 HAYMONIS
1305 346 1845 413 HALBERSTA'I'.
1875 339 2115 410 EPISC.
2148 341 2323 414 DPP.
2345 344 2558 418 PARS
2591 346 2638 406 Ι.
2671 379 2748 388 --
2777 343 3185 406 COMMENT.
3220 346 3414 406 BIBL.

3719 349 3836 418 7.96

513 502 545 530 ‹‹
575 480 646 536 Et
674 482 988 551 pascentur
1015 477 1385 550 primogeniti
1436 493 1780 551 pauperum,
1817 499 1843 526 n
1891 475 1950 530 id
1997 478 2088 531 est
2113 471 2172 542 Α
2199 477 2430 550 poddus
2461 477 2854 545 miseriarum,
2875 478 3033 550 quod
3066 477 3300 550 passuri
3328 483 3514 534 erant.
3549 478 3720 539 Moab
3748 498 3840 539 au-

445 568 756 627 Israelitaeu
773 571 830 624 et
857 584 1140 641 pauperes
1172 567 1520 624 ﬁducialiter
1543 567 1967 640 requiescent.»
1985 565 2082 620 Isti

444 662 584 718 sunt
601 656 993 732 primogeniti,
1009 658 1078 713 de
1101 657 1320 729 quibus
1336 657 1478 713 dicit
1494 656 1776 713 Dominus
1789 672 1890 727 per
1901 655 1972 711 ali
1985 672 2082 710 um

442 746 782 819 prophetam
819 761 831 800 :
867 745 1045 801 Filius
1085 735 1514 818 primogenitus
1566 763 1732 801 meus
1781 743 1978 800 Israel.
2014 745 2084 798 Et

441 858 471 886 ι(
507 834 740 891 Dimitte
771 833 959 891 ﬁlium
991 853 1187 890 meum
1220 835 1677 909 primogenitum
1709 833 2013 906 (Exode).
2051 855 2078 883 υ

438 923 730 995 Pauperes
759 927 954 979 autem
986 924 1373 997 appellantur,
1406 925 1547 997 quia
1578 941 1691 980 non
1732 923 1791 977 in
1841 920 2079 988 divitiis,

439 1029 628 1085 neque
659 1011 717 1068 in
750 1013 1031 1086 potentia,
1065 1015 1168 1070 sed
1198 1013 1256 1068 in
1289 1015 1405 1070 Deo
1455 1013 1750 1069 habebant
1781 1012 2077 1066 ﬁduciam.

437 1102 520 1158 De
550 1100 768 1159 talibus
797 1102 880 1159 ait
924 1102 1229 1159 Dominus.
1263 1127 1291 1153 ‹‹
1326 1103 1482 1158 Beati
1537 1119 1819 1174 pauperes
1868 1100 2079 1172 spiritu

433 1191 644 1261 (Matth.
677 1193 756 1259 v).
789 1191 996 1264 Igitur,
1030 1210 1062 1248 o
1095 1191 1407 1258 Philistaaa,
1441 1208 1575 1246 cum
1608 1194 1663 1246 te
1713 1189 2082 1245 absorbuerit

437 1281 697 1354 regulus,
729 1281 789 1337 id
814 1284 924 1348 est,
954 1298 1092 1336 cum
1123 1286 1178 1336 te
1205 1281 1440 1353 penitus
1473 1279 1746 1336 deleverit
1782 1279 2077 1346 Ezechias,

436 1384 808 1440 nequaquam
838 1367 1212 1424 insidiaberis
1239 1367 1592 1440 pauperculo
1629 1384 1754 1423 meo
1777 1368 1904 1423 :sed
1926 1383 2082 1439 pres-

436 1475 540 1514 sus
570 1457 881 1529 angustiis,
916 1457 1310 1518 calamitatem
1341 1461 1502 1513 tuam
1536 1458 1722 1514 ﬂebis.
1746 1481 1772 1507 ‹‹
1808 1459 1878 1512 Et
1909 1456 2083 1512 inter-

437 1547 630 1606 ficiam
659 1545 720 1602 in
752 1546 906 1603 fame
953 1547 1210 1602 radicem
1242 1550 1430 1614 tuam,
1469 1569 1495 1596 ››
1545 1546 1604 1602 id
1651 1549 1744 1602 est
1788 1545 2078 1601 fortitudi-

435 1653 590 1706 nem,
623 1635 710 1692 vel
743 1635 1077 1709 progeniem
1111 1639 1294 1707 tuam,
1317 1640 1374 1692 et
1402 1636 1680 1709 reliquias
1708 1639 1861 1702 tuas,
1899 1658 1926 1684 »
1949 1635 2082 1690 sub-

435 1725 606 1787 nudis
636 1742 764 1798 quae
795 1726 868 1782 ab
896 1724 1142 1784 Ezechia
1191 1725 1409 1783 fuerint
1459 1725 1765 1794 derelictae,
1795 1749 1824 1774 «
1859 1724 2078 1780 interﬁ-

431 1815 586 1874 ciam
614 1837 642 1866 »
668 1830 772 1887 per
797 1815 1066 1888 Assyrios
1095 1820 1153 1872 et
1179 1814 1499 1873 Chaldaeos.

505 1928 535 1956 «
558 1903 748 1971 Ulula,
763 1908 959 1977 porta;
975 1904 1400 1970 clama,civitas
1416 1921 1428 1959 :
1444 1906 1736 1976 prostrata
1755 1907 1844 1960 est
1869 1902 2077 1958 Philis-

433 2000 545 2053 ιω
573 1993 832 2052 omnis.»
865 1996 1164 2060 Quantum
1195 1995 1268 2050 ad
1303 1993 1382 2049 rei
1412 1993 1716 2049 veritatem
1739 1993 2080 2058 aitinet,nec

431 2088 602 2157 porta
630 2086 823 2156 potest
849 2081 1300 2156 ululare,neque
1330 2080 1534 2139 civitas
1565 2081 2078 2136 clamare.Portam

432 2189 571 2246 ergo
601 2171 798 2243 posuit
825 2187 929 2242 pro
959 2170 1052 2225 bis
1081 2169 1182 2241 qui
1213 2168 1272 2224 in
1305 2172 1473 2240 porta
1502 2173 1661 2225 sunt.
1686 2172 1754 2226 Et
1782 2167 2078 2223 civitatem

434 2277 540 2332 pro
570 2257 1000 2316 habitatoribus
1030 2256 1302 2313 civitatis.
1339 2256 1549 2328 Dirigit
1575 2257 1771 2328 itaque
1797 2256 2082 2328 propheta

428 2362 765 2404 sermonem
787 2345 860 2400 ad
881 2345 1055 2402 urbes
1077 2343 1540 2411 Philistinorum,
1556 2347 1622 2400 ut
1636 2344 1944 2418 lugeantet
1955 2344 2078 2417 plo-

429 2439 564 2494 rent
589 2433 891 2492 miseriam
923 2450 1090 2491 suam
1113 2450 1241 2505 quae
1261 2433 1419 2490 venit
1436 2450 1614 2506 super
1635 2432 2029 2489 Sennacherib
2062 2451 2075 2490 :

431 2525 576 2599 quia
601 2527 894 2597 prostrata
907 2527 998 2580 est
1016 2525 1144 2596 jam
1172 2523 1368 2580 omnis
1385 2522 1679 2579 Philistma
1705 2523 1900 2596 gladio
1912 2523 2082 2595 Assy-

430 2614 678 2680 riorum,
695 2635 725 2668 ι(
745 2614 819 2670 ab
848 2613 1134 2685 Aquilone
1157 2613 1315 2670 enim
1345 2613 1542 2668 fumus
1565 2613 1840 2681 veniet,et
1856 2629 1972 2668 non
1990 2617 2081 2669 est

426 2703 537 2777 qui
561 2703 804 2776 eﬂugiat
831 2717 1042 2775 agmen
1071 2703 1222 2780 ejus.
1262 2725 1291 2752 »
1325 2703 1546 2760 Fumus
1589 2702 1650 2757 in
1681 2701 1790 2758 hoc
1820 2701 1945 2758 loco
1976 2719 2079 2774 pro

431 2791 817 2853 multitudine
843 2791 1204 2850 exercituum
1243 2791 1638 2849 Sennac'herib
1687 2789 1942 2862 ponitur.
1975 2790 2075 2846 Vel

430 2885 598 2942 fumo
625 2882 886 2940 nominis
909 2882 1044 2954 ejus
1071 2880 1442 2953 intelligitur,
1476 2882 1629 2953 quod
1660 2883 2078 2952 omnesgentes

424 2977 592 3032 esset
620 2975 980 3037 vastaturus,
1009 2969 1150 3043 quia
1177 2971 1250 3026 ab
1279 2970 1619 3043 Aquilonari
1645 2974 1810 3042 parte
1855 2970 1913 3024 in
1947 2969 2077 3025 Ilie-

427 3062 694 3122 rusalem
721 3060 901 3118 venit.
933 3061 1014 3120 Ac
1044 3059 1093 3117 si
1123 3059 1342 3116 diceret
1371 3059 1654 3132 propheta
1685 3059 1817 3115 aliis
1847 3059 2035 3115 verbis
2061 3075 2074 3114 :

2108 1844 2158 1916 B

2193 571 2312 623 tem
2344 567 2501 622 ﬁlius
2534 567 2644 623 fuit
2687 567 2856 636 Loth,
2890 571 3208 640 conceptus
3246 568 3318 622 de
3363 565 3590 624 incestu
3626 585 3640 623 :
3676 587 3837 643 aquo

2191 656 2378 714 vocati
2427 661 2568 712 sunt
2613 674 2819 713 omnes
2867 659 2938 712 de
2968 656 3243 730 progenie
3275 655 3434 712 illius
3465 657 3753 729 Moabitze,
3786 664 3842 716 et

2194 745 2490 816 provincia
2505 744 2736 801 illorum
2760 746 2950 802 Moab.
2984 746 3054 802 Et
3073 745 3231 801 istud
3254 762 3437 802 unum
3462 763 3674 803 nomen
3693 747 3838 803 acci-

2193 835 2352 907 pitur
2371 853 2474 908 pro
2497 835 2656 892 omni
2678 835 2838 892 illius
2859 835 3052 909 gentis
3073 833 3428 908 populo.Sed
3449 835 3641 892 ethoc
3663 835 3842 894 scien-

2192 927 2358 992 dum,
2390 925 2531 996 quia
2559 925 2815 997 primum
2845 925 2918 980 ab
2947 923 3222 997 Assyriis,
3245 923 3456 980 deinde
3486 942 3522 980 a
3549 925 3840 982 Cbaldreis

2192 1018 2330 1070 sunt
2350 1010 2580 1070 vastati.
2604 1039 2630 1064 «
2657 1016 2804 1081 Quia
2836 1017 3002 1070 nocte
3032 1017 3256 1070 vastata
3276 1015 3365 1068 est
3384 1014 3484 1080 Ar,
3502 1015 3673 1072 Moab
3706 1032 3840 1072 con-

2191 1101 2380 1170 ticuit,
2418 1125 2446 1151 »
2479 1101 2598 1157 sive
2629 1102 2810 1157 siluit.
2845 1101 3000 1157 Nihil
3033 1119 3179 1158 ausa
3206 1104 3295 1157 est
3321 1101 3602 1158 rebellare
3635 1107 3840 1159 contra

2188 1191 2476 1263 Assyrios,
2509 1191 2596 1247 vel
2627 1190 2946 1247 Chaldaeos.
2980 1210 3003 1239 ι
3040 1190 3187 1257 Quia
3241 1195 3410 1247 nocte
3461 1195 3726 1248 vastatus
3756 1196 3846 1250 est

2191 1298 2396 1336 murus
2412 1303 2437 1328 ι)
2452 1279 2740 1335 subaudis
2760 1281 2837 1334 Ar
2855 1279 3130 1347 civitatis,
3155 1279 3370 1336 «Moab
3390 1279 3694 1335 conticuit.
3712 1303 3741 1328 ››
3765 1282 3841 1336 Ar

2188 1367 2391 1424 civitas
2438 1368 2550 1422 fuit
2596 1367 2936 1439 metropolis
2983 1367 3369 1426 Moabitarum
3409 1372 3468 1424 et
3496 1368 3678 1442 regia,
3711 1386 3843 1440 quis

2188 1457 2359 1513 hodie
2380 1474 2447 1513 ex
2466 1457 2702 1512 Hebraeo
2722 1460 2780 1514 et
2798 1457 2997 1513 Graeco
3029 1473 3299 1513 sermone
3321 1456 3648 1530 composita
3665 1459 3842 1516 Areo-

2189 1545 2339 1618 polis
2361 1549 2768 1618 nuncupatur:
2795 1562 2911 1602 non
2934 1546 3089 1618 quod
3110 1545 3296 1615 Arios,
3310 1545 3370 1601 id
3399 1551 3506 1615 est,
3522 1545 3752 1614 Martis,
3769 1548 3845 1604 sit

2189 1634 2392 1692 civitas
2416 1653 2429 1691 :
2455 1635 2609 1692 sicut
2627 1635 2868 1708 quidam
2900 1635 3545 1700 autumaverunt.Bene
3575 1634 3638 1694 in
3671 1639 3844 1698 nocte

2187 1727 2416 1782 vastata
2435 1723 2786 1796 estAr,quia
2807 1723 2977 1780 Moab
3007 1723 3079 1781 de
3098 1723 3327 1784 incestu
3357 1724 3490 1788 ﬁliai
3521 1728 3697 1788 nocte
3711 1742 3848 1782 con-

2189 1817 2392 1887 ceptus
2421 1812 2636 1870 est.Vel
2670 1829 2783 1869 nox
2811 1812 3108 1886 significat
3135 1812 3604 1887 magnitudinem
3635 1830 3844 1877 maire-

2189 1903 2537 1966 ris.Vastata
2557 1917 2692 1975 ergo
2723 1901 2956 1958 civitate
2985 1901 3146 1975 regia
3173 1903 3338 1974 Ar,et
3367 1901 3691 1968 destructis
3713 1919 3846 1959 mu-

2189 1991 2272 2048 ris
2302 1992 2451 2064 ejus,
2486 1991 2654 2048 Moab
2684 1991 2981 2063 provincia
3008 1990 3229 2047 Arabiae
3279 1990 3599 2060 conticuit;
3629 1991 3695 2048 in
3727 2009 3848 2064 qua

2189 2081 2476 2137 mdiﬁcata
2502 2084 2592 2137 est
2622 2081 2751 2152 ipsa
2781 2079 3005 2136 civitas.
3039 2103 3068 2130 ‹‹
3089 2079 3369 2138 Ascendit
3399 2081 3672 2151 domus,»
3707 2083 3847 2138 sub-

2190 2170 2362 2226 audis
2393 2170 2574 2242 regia,
2605 2193 2634 2220 «
2669 2173 2727 2225 et
2755 2169 2963 2237 Dibon,
2998 2191 3028 2218 n
3061 2185 3189 2241 quis
3218 2173 3308 2225 est
3336 2169 3540 2236 civitas
3599 2169 3843 2238 nobilis,

2189 2283 2218 2309 «
2243 2260 2317 2316 ad
2337 2259 2621 2326 excelsa,»
2647 2257 2933 2315 subaudis
2961 2258 3251 2314 idolorum
3284 2275 3584 2326 suorum,«
3601 2258 3663 2315 in
3687 2259 3848 2332 plan-

2190 2353 2370 2417 ctum,
2406 2370 2434 2398 »
2464 2347 2524 2404 id
2574 2352 2666 2404 est
2709 2349 2782 2404 ad
2825 2347 3261 2421 plangendum;
3295 2365 3421 2420 quis
3451 2347 3760 2410 habebant
3791 2348 3846 2404 in

2189 2437 2493 2496 montibus
2521 2437 2668 2505 suis,
2700 2436 2788 2494 vel
2818 2437 2878 2493 in
2909 2436 3098 2493 tectis.
3128 2437 3378 2504 Quidam
3409 2434 3563 2493 male
3591 2436 3842 2510 legunt:

2186 2527 2464 2582 Ascendit
2480 2527 2693 2583 domus
2715 2526 2938 2583 Edibon
2961 2544 2974 2594 ;
2995 2525 3162 2598 quasi
3183 2525 3485 2598 proprium
3505 2542 3728 2583 nomen
3745 2525 3843 2583 ho~

2189 2615 2368 2674 minis
2389 2615 2550 2682 sit,et
2569 2617 2785 2673 domus
2814 2616 2943 2687 ejus
2975 2616 3290 2672 ascendere
3318 2614 3574 2682 dicatur;
3595 2616 3704 2671 sed
3731 2633 3842 2671 non

2187 2710 2280 2762 est
2310 2705 2410 2762 ita.
2434 2705 2582 2760 Nam
2608 2704 2719 2762 hoc
2750 2704 2924 2760 modo
2955 2703 3271 2778 legendum
3299 2707 3358 2759 et
3387 2701 3842 2777 intelligendum

2182 2799 2279 2852 est
2310 2811 2323 2850 :
2355 2793 2634 2853 Ascendit
2661 2793 2875 2856 domus
2905 2792 3025 2849 sive
3055 2792 3278 2850 familia
3305 2791 3466 2866 regia
3505 2793 3580 2849 ad
3609 2793 3848 2852 excelsa

2188 2884 2480 2940 idolorum
2527 2899 2770 2939 suorum
2820 2882 3067 2951 Edi‘bon,
3097 2882 3155 2938 id
3201 2886 3292 2940 est
3319 2881 3688 2938 habitatores
3721 2883 3848 2954 ejus

2186 2973 2578 3030 ascenderunt
2606 2972 2680 3028 ad
2705 2971 2974 3033 excelsa:
3003 2988 3116 3028 non
3140 2972 3212 3032 ad
3238 2969 3722 3039 sacriﬁcandum,
3747 2973 3845 3028 sed

2185 3064 2258 3119 ad
2285 3062 2543 3120 ﬂendum
2566 3060 2722 3118 mala
2743 3077 2905 3117 sua.«
2919 3061 3108 3132 Super
3133 3059 3297 3119 Nabc
3317 3063 3375 3126 et
3389 3075 3574 3133 super
3594 3061 3850 3128 Medaba

435 3152 655 3210 Idcirco
703 3150 974 3224 praecipio
1019 3149 1204 3215 vobis,
1235 3167 1269 3205 ο
1314 3148 1587 3209 Philistaei
1613 3148 1907 3218 lgululare,
1938 3148 2080 3220 quia
2115 3215 2150 3224 _
2189 3152 2358 3212 Moab
2390 3149 2660 3210 ululabit.
2699 3172 2726 3198 n
2757 3148 3008 3206 Nomina
3023 3149 3330 3206 civitatum
3353 3153 3494 3210 sunt
3523 3149 3842 3221 nobilium,

433 3243 509 3299 ab
538 3215 825 3313 Aquilone
855 3215 1141 3313 ιῖγωνίάβο
1164 3238 1288 3309 jam
1320 3238 1516 3294 venire
1541 3237 1903 3294 exercituum
1930 3238 2077 3293 Sen-
2104 3215 2151 3286 (ἶ
2189 3258 2368 3313 super
2388 3256 2637 3314 quarum
2659 3237 3036 3296 subversione
3059 3236 3308 3302 ululabit
3319 3235 3593 3301 universa
3613 3239 3848 3311 provin-

435 3329 710 3387 nacherib
736 3333 798 3386 et
826 3343 1122 3386 rumorem
1151 3326 1283 3396 ejus
1311 3326 1466 3397 quod
1499 3343 1600 3381 vos
1631 3325 1710 3382 sit
1742 3328 2026 3397 capturus
2060 3343 2074 3381 :

432 3423 502 3476 ut
530 3435 646 3475 non
667 3417 756 3474 sit
784 3415 999 3488 aliquis
1028 3417 1100 3471 de
1130 3413 1334 3470 multis
1363 3414 1637 3486 gentibus
1676 3414 1776 3486 qui
1825 3416 2077 3487 eﬂ'ugere

424 3507 622 3581 possit
649 3504 1091 3562 multitudinem
1121 3502 1284 3558 illius
1313 3519 1422 3558 sua
1450 3501 1684 3559 virtute.

505 3621 531 3648 ι(
547 3597 616 3652 Et
631 3593 772 3668 quid
785 3592 1235 3666 respondebitur
1248 3590 1472 3647 nuntiis
1488 3590 1875 3663 gentis?Quia
1888 3593 2077 3647 Domi-

430 3702 549 3742 nus
572 3682 844 3741 fundavit
871 3682 1032 3749 Sion,
1064 3686 1123 3737 et
1151 3681 1210 3736 in
1262 3681 1389 3753 ipso
1419 3680 1743 3752 sperabunt
1791 3697 2077 3753 pauperes

425 3774 633 3849 populi
664 3773 815 3845 eius.
851 3795 873 3822 ιν
910 3773 976 3829 in
1005 3771 1118 3827 hoc
1145 3771 1300 3842 quod
1332 3769 1481 3826 dixit
1526 3787 1726 3842 supra,
1761 3769 1960 3826 nullus
1989 3775 2080 3826 est

429 3863 534 3938 qui
558 3863 806 3936 effugiat
825 3879 1035 3936 agmen
1064 3861 1404 3933 ejusJudas
1434 3876 1668 3932 quoque
1696 3859 2076 3915 videbaturin

425 3951 688 4026 generali
709 3951 1010 4008 sententia
1026 3967 1155 4006 esse
1181 3966 1308 4006 com
1319 3949 1917 4022 prehensus,idecque
1947 3950 2080 4004 sub-

429 4040 612 4096 didit:
628 4039 690 4095 Si
715 4037 954 4109 (inquit)
977 4037 1677 4110 interpellaverintangeli
1702 4037 1802 4110 qui
1821 4041 2081 4110 praasunt

428 4126 707 4199 Assyriis,
727 4142 907 4197 quare
923 4124 1052 4180 sola
1076 4125 1438 4181 Hierusalem
1467 4127 1540 4182 de
1557 4143 1736 4183 manu
1753 4127 2079 4184 Sennachc~

427 4215 525 4270 -rib
557 4213 832 4279 salvetur,
867 4212 1336 4284 respondendum
1367 4218 1458 4269 est
1485 4214 1593 4281 eis,
1623 4214 1764 4286 quia
1795 4216 2077 4272 Dominus

427 4300 701 4359 :fundav‘it
721 4300 889 4370 Sion,
921 4304 982 4356 et
1007 4299 1136 4371 ipse
1182 4299 1464 4356 humilem
1497 4303 1779 4374 populum
1809 4320 1985 4360 suum
2016 4305 2076 4360 in

431 4410 497 4450 se
527 4393 888 4465 sperantem,
913 4405 1028 4444 sua
1071 4388 1285 4444 virtute
1330 4387 1615 4445 liberavit.
1648 4390 1844 4447 Potest
1891 4396 1948 4448 et
1993 4393 2076 4449 sic

425 4479 782 4555 simpliciter
820 4477 1091 4551 intelligi,
1143 4478 1438 4550 quomodo
1486 4477 1632 4535 illud
1678 4479 1737 4535 in
1788 4480 2078 4540 Hieremia

2180 3330 2517 3388 ciaMoab.«
2533 3330 2594 3384 In
2606 3327 2835 3390 cunctis
2855 3327 3148 3400 capitibus
3167 3327 3298 3398 ejus
3316 3326 3846 3395 calvitium,omnis

2185 3419 2368 3478 barba
2389 3419 2678 3474 radetum
2697 3415 3197 3474 Consuetudinem
3225 3415 3606 3487 antiquorum
3623 3417 3846 3490 tangit,

2183 3505 2286 3577 qui
2317 3508 2576 3578 tempore
2605 3503 2943 3561 afﬂictionis
2970 3507 3028 3560 et
3057 3503 3252 3559 luctus
3283 3503 3476 3575 capita
3505 3502 3844 3578 herbasque

2185 3595 2492 3650 radebant.
2524 3593 2690 3652 Sicut
2736 3592 2988 3666 legimus
3018 3593 3090 3650 de
3121 3593 3288 3649 beato
3312 3592 3442 3661 Job,
3474 3593 3634 3664 quod
3673 3598 3845 3662 tonso

2180 3683 2375 3754 capite
2405 3682 2627 3740 corruit
2655 3681 2717 3736 in
2748 3687 2986 3739 terram.

2257 3796 2284 3823 α
2321 3773 2383 3828 In
2421 3772 2608 3828 triviis
2637 3772 2768 3843 ejus
2797 3770 3045 3828 accincti
3089 3775 3230 3828 sunt
3278 3787 3445 3830 sacco
3475 3787 3661 3843 super
3689 3775 3847 3828 tecta

2186 3863 2399 3934 ejus,et
2428 3861 2488 3916 in
2521 3859 2728 3933 plateis
2759 3861 2888 3931 ejus
2917 3860 3111 3916 omnis
3141 3859 3768 3924 ululatus.Descendet
3791 3861 3848 3916 in

2184 3952 2411 4007 ﬂetum.
2444 3972 2473 4001 »
2508 3951 2674 4006 Hunc
2700 3949 3060 4009 versiculum
3090 3948 3403 4022 dupliciter
3425 3954 3764 4022 exponunt,
3795 3953 3850 4005 et

2185 4039 2562 4112 distinguunt
2589 4039 2878 4094 doctores.
2901 4036 3149 4103 Quidam
3182 4037 3300 4094 ita:
3329 4036 3394 4092 in
3423 4037 3641 4108 triviis,
3664 4037 3729 4096 id
3761 4042 3848 4095 est

2185 4128 2246 4184 in
2267 4127 2520 4201 publicis
2541 4126 2684 4184 locis
2708 4125 2954 4185 accincti
2974 4130 3117 4184 sunt
3141 4142 3310 4190 sacco
3331 4142 3343 4181 :
3363 4126 3518 4198 quod
3551 4130 3648 4186 est
3666 4128 3845 4185 vesti-

2187 4222 2452 4274 mentum
2484 4215 3080 4290 pmnitentizs.'Super
3106 4218 3259 4276 tecta
3287 4216 3416 4288 ejus
3445 4218 3506 4274 et
3531 4213 3594 4276 in
3629 4215 3846 4288 plateis

2177 4309 2314 4380 ejus
2341 4303 2850 4373 omnis,subaudis
2881 4303 3073 4371 Moab,
3105 4303 3402 4361 ululat.De
3431 4308 3584 4360 tecto
3607 4303 3746 4366 sive
3775 4306 3848 4362 de

2184 4395 2427 4458 excelsis
2454 4393 2618 4463 locis,
2642 4393 2729 4450 vel
2759 4393 2832 4452 de
2861 4392 3064 4452 laetitia
3092 4392 3408 4452 descendet
3427 4393 3501 4449 ad
3523 4397 3756 4452 temm
3786 4393 3844 4450 in

2186 4484 2476 4552 ﬂetum,id
2507 4487 2598 4540 est
2625 4483 2701 4540 ad
2732 4483 3014 4539 ﬂendum.
3047 4483 3120 4538 Et
3143 4485 3240 4544 est
3268 4499 3480 4548 sensus
3502 4483 3850 4554 :Ascendet

424 4571 670 4646 quando
699 4568 897 4644 posuit
918 4568 1043 4658 ipse
1069 4566 1356 4658 propheta
1382 4571 1620 4658 catenas
1651 4569 1874 4643 ligneas
1905 4590 2082 4645 super
2103 4583 2155 4658 D
2187 4573 2426 4647 quidem
2457 4573 2529 4628 ad
2557 4571 2787 4628 excelsa
2815 4575 2883 4632 ut
2911 4571 3098 4643 ploret
3125 4575 3262 4628 ante
3289 4570 3447 4634 idola
3473 4575 3674 4637 sua,et
3696 4589 3844 4629 eum

426 4659 614 4718 cellas
636 4675 842 4715 eorum
874 4657 974 4729 qui
1007 4657 1082 4712 ad
1113 4673 1176 4711 se
1224 4656 1457 4711 fuerant
1505 4657 1693 4714 missi.
1741 4660 1893 4718 Dicit
1939 4681 2076 4738 ergo

435 4747 719 4821 propheta
747 4747 821 4802 ad
852 4745 1166 4802 Dominum
1203 4762 1216 4800 :
1253 4745 1401 4812 Quid
1443 4749 1892 4820 respondebitur
1918 4772 2076 4811 nun-

425 4836 531 4892 tiis
555 4835 926 4891 diversarum
957 4835 1243 4906 gentium,
1271 4852 1404 4891 cum
1438 4837 1700 4894 venerint
1730 4841 1801 4896 ad
1831 4841 2073 4901 interro-

425 4925 692 4998 gandum
724 4940 901 4995 super
945 4925 1196 4981 adventu
1246 4917 1689 4984 Sennacherib?
1726 4929 1828 4984 Cui
1879 4933 2076 4988 Domi-

433 5031 547 5069 nus
581 5030 595 5068 :
631 5012 1124 5086 Respondendum
1155 5019 1244 5070 est
1272 5014 1410 5082 illis,
1444 5017 1598 5088 quod
1629 5018 1748 5073 sint
1783 5021 2074 5092 capiendi,

423 5105 494 5157 et
522 5101 645 5158 sola
670 5099 1055 5169 Hierusalem,
1074 5120 1202 5174 qua
1233 5121 1348 5158 non
1381 5103 1438 5158 in
1471 5104 1708 5163 homine
1737 5109 1838 5164 sed
1869 5109 1928 5164 in
1960 5110 2076 5168 Deo

429 5207 600 5262 spem
631 5207 796 5246 suam
829 5190 1046 5262 posuit,
1077 5190 1156 5247 sit
1186 5189 1508 5248 liberanda.

1068 5334 1299 5390 CAPUT
1337 5335 1452 5391 XV.

509 5476 536 5503 ‹‹
561 5456 722 5511 Onus
751 5455 942 5511 Moab.
962 5479 990 5507 υ
1015 5458 1162 5523 Quia
1179 5458 1441 5514 Moabitze
1463 5459 1646 5532 gavisi
1663 5462 1883 5517 suntde
1905 5463 2081 5534 capti-

426 5541 610 5598 «itute
641 5543 1230 5616 lsraelitarum,sicut
1258 5551 1316 5602 et
1346 5547 1688 5604 Pbilistiim:
1723 5549 1937 5606 idcirco
1958 5551 2081 5624 Spi-

438 5627 587 5691 ritus
605 5635 858 5690 sanctus
907 5650 1010 5706 per
1032 5633 1248 5691 iisaiam
1293 5637 1641 5709 prophetam
1689 5639 1951 5711 praedicit
1994 5641 2079 5700 eis

2183 4662 2264 4719 ibi
2283 4661 2515 4719 nullum
2537 4661 2821 4718 auxilium
2840 4659 3466 4733 repererit,descendet
3485 4661 3558 4718 ad
3589 4661 3848 4725 domum

2179 4769 2380 4820 suam,
2404 4750 2492 4807 vel
2523 4751 2597 4807 ad
2635 4753 2852 4806 terram
2882 4749 2959 4820 in.
2979 4750 3202 4807 ﬂetum.
3235 4749 3484 4813 Quidam
3511 4749 3698 4806 etiam
3731 4751 3849 4806 hoc

2185 4841 2358 4897 modo
2390 4839 2784 4911 distinguunt,
2806 4842 2872 4894 ut
2899 4838 3093 4894 omnis
3126 4837 3386 4894 ululatus
3412 4837 3583 4894 Moab
3596 4839 3852 4900 descen-

2185 4929 2428 4996 det,sive
2448 4928 2743 5001 perveniet
2762 4927 2836 4983 ad
2857 4928 3081 4984 ﬂetum.
3101 4927 3224 4983 Non
3249 4926 3719 4999 plorabuntergo
3743 4928 3848 4986 alii

2185 5020 2442 5089 Moab,et
2453 5016 2549 5073 alii
2562 5017 2905 5089 gaudebunt
2921 5032 2935 5072 :
2958 5018 3060 5073 sed
3079 5015 3368 5089 generalis
3385 5015 3713 5078 multitudo
3723 5017 3854 5090 plo-

2180 5107 2359 5173 rabit,
2391 5106 2712 5162 incedendo
2758 5123 2862 5178 per
2905 5105 3146 5176 plateas,
3177 5110 3237 5162 et
3255 5122 3364 5177 per
3389 5104 3653 5173 trivium.
3677 5107 3849 5178 quod

2185 5196 2403 5253 dicitur
2433 5213 2467 5251 a
2496 5194 2686 5250 tribus
2716 5193 2845 5250 viis.
3539 5195 3546 5204 ”

2257 5309 2285 5337 ‹‹
2309 5283 2597 5342 Clamabit
2616 5284 2843 5340 Esebon
2865 5288 2922 5340 et
2941 5283 3134 5340 Eleale
3158 5299 3172 5340 :
3200 5300 3380 5355 nqure
3414 5285 3554 5343 sunt
3571 5285 3850 5344 civitates

2187 5375 2603 5449 potentissimae
2626 5373 2932 5446 provinciae
2963 5374 3155 5430 Moab.
3181 5397 3208 5423 κ
3235 5373 3431 5444 Usque
3445 5372 3612 5443 lusa,
3649 5397 3669 5424 ι
3705 5375 3853 5433 sub-

2188 5465 2357 5522 audis
2388 5465 2702 5532 civitatem,
2733 5486 2763 5514 «
2795 5462 2998 5519 audita
3053 5466 3144 5521 est
3187 5479 3294 5520 vox
3335 5479 3563 5524 eorum.
3596 5484 3628 5512 »
3660 5462 3718 5518 id
3754 5467 3854 5519 est

2181 5571 2294 5609 vox
2325 5553 2734 5610 Moabitarum.
2768 5553 2888 5607 Hoc
2933 5568 3073 5625 ergo
3104 5551 3345 5619 indicat,
3378 5551 3533 5623 quod
3565 5552 3641 5609 ab
3671 5551 3854 5609 initio

2183 5642 2352 5715 regni
2375 5640 2477 5699 ubi
2495 5645 2586 5698 est
2608 5641 2720 5698 sita
2740 5640 2944 5700 civitas
2963 5640 3211 5708 Esebon,
3227 5655 3417 5712 usque
3446 5640 3520 5697 ad
3547 5643 3857 5700 extremos
