4048 6190
263 356 374 416 797

1356 363 1765 423 COMMENT.
1814 364 1893 423 IN
1939 363 2233 426 ISAlAM.
2295 369 2443 429 LIB.
2487 371 2569 430 ll.

3547 382 3670 444 798

260 489 406 544 ﬁnes
432 487 586 560 ejus,
618 486 678 542 in
708 488 926 561 quibus
953 489 1224 548 consistit
1250 493 1389 549 Jasa
1417 493 1534 549 alia
1562 493 1910 562 civitas,cla-
1936 493 1994 564 Α
2022 514 2153 553 rum
2181 500 2354 568 (Pani.
2388 503 2674 575 LXXXVIII).
2705 527 2730 553 »ι
2753 506 2822 561 Et
2849 504 3103 564 visitatio
3127 509 3184 564 in
3207 511 3420 568 bonam
3442 518 3668 586 partem

259 593 421 634 more
451 575 722 645 tristitiae,
744 582 804 634 et
821 580 1177 652 captivitatis
1199 599 1404 638 omnes
1431 585 1790 640 resonabunt
1811 586 1910 641 ha-

257 666 560 723 bitatores.
585 690 612 716 ‹‹
647 668 834 740 Super
862 669 992 736 hoc,
1014 691 1041 717 »
1059 671 1344 727 subaudis
1370 672 1591 728 malum
1614 675 1910 746 captivita-

254 757 336 812 tis
371 773 384 811 :
419 779 448 806 «
471 755 722 828 expediti
750 759 919 814 Moab
940 757 1634 834 ululabunt.Animaejus
1658 763 1909 820 ululabit

255 844 394 911 sibi,
414 867 442 893 ιι
454 844 511 899 id
529 848 618 900 est
632 845 1038 918 unusquisque
1056 848 1243 904 Moabi
1255 853 1310 905 ta
1325 849 1578 906 ululabit
1592 851 1702 906 sibi
1714 853 1909 924 .Expe—

253 934 412 991 dites
443 932 699 1005 appellat
728 934 1014 1007 Propheta
1045 937 1396 994 fortissimos
1422 940 1902 1015 praeliateres,qui

253 1022 433 1080 alieni
466 1022 658 1078 adhuc
682 1026 822 1078 sunt
845 1024 917 1079 ab
944 1025 1258 1094 uxoribus;
1283 1028 1352 1083 de
1375 1027 1592 1084 talibus
1612 1029 1828 1102 legitur
1845 1031 1903 1087 in

251 1113 468 1169 Genesi
499 1112 652 1182 (Gen.
682 1113 800 1183 xxv)
830 1114 984 1184 quod
1017 1115 1255 1187 elegerit
1282 1117 1574 1173 Abraham
1607 1121 1907 1192 expeditos

249 1200 602 1258 vernaculos
630 1201 843 1258 domus
887 1220 1026 1269 suae,
1061 1204 1118 1260 id
1163 1209 1257 1261 est
1301 1208 1401 1277 qui
1452 1207 1577 1264 sine
1625 1211 1905 1268 uxoribus

247 1294 443 1356 erant,
457 1294 517 1346 et
530 1294 622 1346 est
637 1307 848 1347 sensus
870 1307 883 1346 :
908 1293 1033 1348 Non
1051 1292 1241 1350 solum
1259 1295 1377 1351 illis
1394 1297 1711 1369 plorabunt
1731 1305 1905 1373 atque

251 1377 592 1444 ululabunt,
625 1377 724 1451 qui
755 1385 1035 1454 provectae
1067 1386 1206 1440 sunt
1246 1385 1435 1442 aetatis
1479 1392 1539 1443 et
1584 1391 1902 1463 conjugati,

249 1467 411 1523 ﬁlios
440 1468 722 1524 habentes
747 1485 758 1524 :
785 1471 886 1525 sed
915 1471 1156 1544 insuper
1174 1471 1260 1528 illi
1283 1475 1383 1546 qui
1417 1477 1725 1534 defendere
1759 1480 1904 1538 alios

248 1557 570 1624 debebant,
592 1561 652 1613 et
675 1575 789 1614 non
812 1559 1032 1616 habent
1050 1577 1198 1632 quos
1219 1561 1501 1636 plangant
1521 1566 1633 1622 nisi
1655 1569 1900 1642 seipsos.

317 1669 358 1695 α
377 1646 490 1702 Cor
516 1662 713 1703 meum
744 1647 816 1703 ad
849 1648 1019 1705 Moab
1045 1648 1347 1708 clamabit.
1376 1675 1404 1702 ››
1425 1655 1902 1728 Compassionem

246 1751 313 1791 se
341 1734 489 1792 dicit
517 1735 730 1792 habere
759 1736 1044 1810 propheta
1075 1755 1252 1813 super
1281 1741 1535 1798 miseriis
1559 1743 1903 1815 Meab.Quia

2017 589 2341 643 secundum
2373 591 2525 662 quod
2557 591 2864 650 Zacharias
2885 612 2988 666 per
3006 596 3292 654 Joannem
3315 601 3458 656 dicit
3481 619 3494 658 :
3517 627 3546 654 «
3570 603 3668 659 Vi-

2017 675 2214 731 sitavit
2234 695 2340 734 nos
2360 678 2554 735 oriens
2577 697 2645 736 ex
2667 681 2787 737 alto
2810 685 2960 753 (Luc.
2983 684 3042 757 ι).
3067 707 3095 734 ››
3117 687 3219 742 Est
3239 692 3434 744 autem
3457 708 3668 750 sensus

2016 763 2355 836 hujusmodi
2376 785 2388 822 :
2415 767 2577 824 Sicut
2584 770 2754 841 juxta
2771 773 3241 845 magnitudinem
3263 778 3451 834 morbi
3472 779 3670 837 visitet

2017 853 2279 910 medicus
2299 861 2581 928 aagrotum
2604 875 2615 912 :
2636 859 2716 914 ita
2738 860 2907 917 Moab
2929 865 3254 921 secundum
3278 867 3664 938 quantitatem

2015 942 2234 1012 peccati
2270 943 2508 1016 recipiet
2534 946 2873 1004 vindictam.
2899 974 2926 1000 «
2949 953 3033 1007 Ad
3065 955 3381 1011 torrentem
3415 957 3663 1015 salicum

2015 1029 2304 1086 deducent
2331 1049 2466 1088 eos:
2497 1057 2524 1083 »
2555 1035 2613 1089 id
2645 1041 2735 1091 est
2767 1038 3071 1096 Moabitae.

2086 1140 2114 1166 «
2149 1119 2433 1183 Quoniam
2455 1121 2663 1178 circuit
2680 1123 2902 1181 clamor
2921 1128 3240 1186 terminum
3263 1133 3452 1192 Moab.
3476 1159 3504 1186 »
3526 1137 3666 1194 Hac-

2013 1209 2185 1261 tenus
2214 1206 2444 1264 locutus
2475 1211 2564 1297 de.
2575 1213 2910 1284 captivitate
2939 1232 3065 1288 quae
3087 1219 3245 1275 venit
3268 1221 3536 1280 Moabitis
3563 1243 3666 1297 per

2011 1296 2280 1367 Assyrios
2313 1315 2326 1351 :
2363 1315 2518 1354 nunc
2532 1276 2619 1356 .de
2646 1276 2748 1356 illa
2778 1320 2904 1375 quae
2935 1276 3086 1361 facta
3104 1312 3195 1364 est
3215 1325 3318 1380 per

2013 1385 2353 1441 Torrentem
2393 1387 2663 1457 salicum,
2699 1391 3026 1464 Babyloniae
3075 1396 3358 1454 debemus
3405 1402 3666 1473 accipere

2012 1472 2258 1528 ﬂumina
2285 1493 2297 1530 :
2324 1475 2393 1530 dc
2423 1476 2639 1547 quibus
2667 1483 2723 1534 et
2746 1479 3015 1537 Psalmus
3043 1483 3184 1540 dicit
3208 1503 3220 1540 :
3245 1510 3274 1537 «
3301 1488 3362 1543 In
3387 1472 3666 1549 salicibus

2011 1560 2072 1616 in
2095 1562 2286 1618 medio
2306 1564 2434 1635 ejus
2453 1567 2621 1632 (Psal.
2645 1571 2891 1638 cxxxvx),
2911 1593 2938 1618 ι»
2951 1574 3060 1627 etc.
3085 1595 3114 1622 «
3140 1573 3333 1647 Usque
3355 1579 3426 1634 ad
3451 1580 3664 1638 Gailim

2011 1652 2292 1725 oppidum
2327 1653 2589 1710 ululatus
2619 1656 2768 1728 ejus,
2801 1662 2859 1714 et
2887 1676 3075 1731 usque
3104 1663 3176 1717 ad
3220 1669 3463 1735 puteum
3512 1669 3664 1728 Elim

2011 1739 2232 1798 clamor
2251 1743 2399 1815 ejus,
2421 1763 2444 1792 π
2467 1743 2525 1798 id
2549 1748 2657 1813 est,
2673 1745 2895 1802 clamor
2916 1747 3088 1805 Moab
3113 1767 3147 1806 a
3166 1751 3453 1828 principio
3474 1775 3662 1834 usque

242 1823 386 1880 licet
401 1823 600 1881 hostes
617 1840 822 1881 eorum
845 1831 1062 1899 essent,
1075 1831 1272 1885 tamen
1293 1835 1562 1889 creatura
1584 1833 1684 1890 Dei
1709 1843 1894 1895 erant.
1930 1865 1978 1932 Β
2009 1829 2081 1885 ad
2115 1831 2291 1932 “ﬁnem
2322 1833 2504 1930 regni.

238 1913 456 1969 Tantis
483 1913 641 1969 enim
667 1913 1106 1974 calamitatibus
1128 1919 1702 1991 epprimebantur,ut
1720 1925 1896 1984 etiam

234 2000 504 2058 inimicis
535 2001 900 2060 miserabiles
929 2004 1153 2062 ﬂerent.
1169 2006 1467 2076 Similiter,
1490 2016 1547 2068 et
1577 2012 1898 2072 Hieremias

233 2090 530 2164 propheta
555 2091 698 2146 dicit
718 2107 782 2147 se
800 2093 1053 2166 compati
1077 2093 1332 2153 miseriis
1355 2099 1525 2155 Moab
1549 2117 1562 2156 :
1590 2103 1898 2175 Propterea

232 2177 558 2252 (inquiens)
586 2195 689 2235 cer
707 2195 904 2237 meum
921 2183 993 2238 ad
1018 2184 1207 2251 Moab,
1223 2187 1393 2258 quasi
1411 2188 1556 2246 tibia
1575 2194 1890 2250 resonabit.

230 2293 261 2318 ‹‹
296 2267 510 2325 Vectes
536 2269 667 2340 ejus
697 2285 886 2341 usque
915 2273 989 2326 ad
1020 2271 1203 2346 Seger
1234 2290 1247 2330 :
1276 2275 1523 2334 vitulam
1554 2285 1896 2339 conternan-

228 2361 382 2413 tem.
412 2378 445 2408 »
472 2358 660 2431 Segor
687 2375 806 2413 una
835 2362 922 2414 est
951 2375 1020 2415 ex
1049 2361 1312 2435 quinque
1343 2365 1678 2426 civitatibus
1711 2373 1892 2429 Sodo-

233 2445 486 2512 mitieis,
517 2463 646 2519 quae
676 2451 912 2519 propter
940 2449 1084 2504 Loth
1115 2454 1376 2524 tempore
1405 2456 1801 2516 subversienis
1823 2461 1891 2516 li-

231 2535 443 2591 berata
467 2538 559 2591 est
583 2534 737 2609 (Gen.
767 2538 904 2606 χιχ).
936 2537 1278 2610 Appellatur
1299 2541 1499 2611 vitula,
1532 2551 1770 2620 propter
1789 2550 1893 2606 im-

232 2622 654 2680 mundicitiam
685 2623 946 2681 luxuria.
981 2629 1144 2693 Quod
1174 2646 1328 2698 vero,
1363 2631 1505 2688 dicit
1545 2639 1889 2695 conternan-

230 2718 385 2780 tem,
432 2713 673 2785 quidam
718 2715 946 2772 codices
997 2716 1216 2773 habent
1260 2724 1751 2795 censternantem,
1787 2730 1887 2784 sed

229 2801 388 2858 falso
410 2803 695 2874 scriptum
727 2807 834 2859 est.
855 2805 1128 2862 Tradunt
1156 2806 1569 2883 Hebraei,un
1598 2813 1688 2870 bis
1711 2819 1888 2873 susti-

227 2909 388 2948 nens
431 2895 852 2964 terraametum,
881 2895 1051 2951 tertio
1097 2897 1384 2954 corruerit
1417 2916 1430 2955 :
1464 2903 1521 2956 et
1550 2901 1658 2958 hoc
1687 2902 1745 2960 id
1777 2911 1887 2979 est,

227 2981 395 3054 quod
418 2980 563 3036 dicit
582 2998 770 3054 usque
791 2983 862 3038 ad
884 2983 1066 3058 Segor
1087 2985 1334 3043 vitulam
1354 2993 1886 3061 conternantem,id

223 3075 322 3127 est
353 3069 528 3126 tertio
558 3075 889 3128 terremetu
915 3078 1415 3145 corruentem,vel
1441 3084 1886 3141 conternantem

223 3159 378 3216 dicit
403 3159 735 3232 robustam,
767 3161 921 3218 sicut
949 3162 1140 3220 solent
1177 3166 1479 3238 animalia,
1512 3170 1680 3228 tertio
1731 3191 1886 3231 anno

223 3247 651 3305 robustissima
677 3265 805 3306 esse
838 3267 850 3306 :
885 3255 953 3307 ut
981 3251 1156 3309 homo
1189 3235 1717 3317 tricesimo.Potest
1747 3279 1883 3337 ergo
1911 3235 1958 3303 θ

221 3335 504 3410 intelligi,
535 3337 677 3409 quia
721 3339 1036 3397 mansisset
1082 3343 1500 3403 robustissima
1531 3347 1579 3404 si
1611 3335 1886 3426 deinceps

221 3443 349 3483 non
370 3430 689 3500 peccasset,
723 3431 1033 3501 postquam
1063 3436 1300 3505 propter
1329 3435 1475 3491 Loth
1509 3436 1754 3496 liberata
1773 3448 1882 3499 est.

221 3517 338 3573 Pe:-
365 3519 558 3572 vectes
587 3534 819 3590 quoque
848 3519 1085 3574 termini
1115 3525 1172 3576 et
1203 3523 1482 3582 fortitudo
1519 3527 1884 3604 intelligendi

217 3609 394 3672 sunt,
413 3607 476 3660 et
493 3609 585 3661 est
598 3621 808 3662 sensus
829 3625 842 3662 :
865 3607 1069 3665 Vectes
1086 3609 1205 3666 sive
1221 3612 1454 3668 termini
1473 3615 1884 3688 Moab,deserti

218 3696 404 3751 erunt
425 3711 617 3767 usque
646 3695 719 3750 ad
744 3696 925 3768 Segor
945 3697 1239 3754 civitatem
1263 3699 1322 3756 in
1345 3702 1564 3760 finibus
1586 3706 1714 3777 ejus
1736 3708 1886 3780 posi-

218 3790 371 3852 tam,
396 3783 620 3840 amisso
641 3787 697 3839 et
713 3784 940 3870 perditg
963 3785 1122 3841 omni
1149 3788 1374 3846 robore.
1396 3815 1424 3841 ‹‹
1445 3793 1552 3849 Per
1570 3811 1880 3854 ascensum

216 3873 384 3929 enim
417 3871 595 3928 Luith
626 3873 773 3928 flens
799 3871 1092 3943 ascendet,
1123 3897 1148 3924 η
1172 3876 1458 3935 subaudis
1475 3881 1731 3949 Moab,in
1753 3902 1880 3959 cap-

214 3961 539 4028 tivitatem,
566 3983 597 4012 «
625 3961 772 4018 etin
802 3962 896 4018 via
937 3963 1250 4020 Horonaim
1298 3966 1614 4026 clamorem
1665 3975 1878 4029 contri-

213 4050 399 4107 tionis
422 4071 454 4099 »ι
477 4049 598 4106 sive
625 4050 978 4124 captivitatis
1012 4074 1040 4102 »
1060 4053 1339 4112 levabunt
1365 4079 1393 4106 ››
1416 4058 1680 4117 Moabitae
1706 4064 1876 4121 Luith

210 4139 406 4196 cli-vus
431 4142 530 4195 est
559 4138 618 4194 in
654 4139 862 4196 itinere
913 4158 1015 4214 per
1060 4144 1335 4215 gentibus
1383 4149 1660 4222 Assyriis,
1692 4151 1876 4209 Horo-

209 4227 377 4286 naim
409 4226 618 4284 civitas
645 4231 736 4284 est
763 4229 935 4286 Moab
967 4235 1171 4289 contra
1199 4233 1487 4307 Assyrios.
1522 4238 1673 4296 Dum
1719 4243 1875 4299 enim

207 4316 588 4374 ducebantur
614 4316 882 4374 Moabitaa
912 4319 1122 4392 captivi
1154 4320 1214 4376 in
1245 4322 1514 4398 Assyrios
1535 4343 1639 4400 per
1659 4329 1874 4389 clivum

207 4406 392 4464 Luith
424 4409 486 4461 et
509 4422 613 4478 per
635 4405 933 4464 civitatem
959 4425 1128 4465 suam
1161 4410 1474 4470 Horonaim
1506 4415 1696 4475 flendo
1716 4419 1872 4479 ince-

205 4497 459 4562 debant,
485 4499 548 4550 et
574 4495 892 4552 clamorem
920 4496 1120 4555 luctus
1151 4499 1443 4558 levabant.

2079 1942 2107 1968 ‹‹
2131 1919 2278 1986 Quia
2307 1938 2470 1993 aqua:
2501 1921 2722 1979 Edibon
2752 1923 3001 1983 civitatis
3051 1928 3282 2002 repleta:
3331 1937 3470 1990 sunt
3516 1954 3660 1993 san-

2005 2007 2182 2080 guine
2211 2031 2238 2058 »
2261 2009 2586 2066 occisorum
2620 2013 2809 2068 Moab.
2840 2014 2920 2072 Ac
2952 2016 3000 2071 si
3031 2018 3251 2075 diceret
3271 2021 3403 2078 aliis
3424 2026 3653 2083 verbis:

2006 2095 2223 2153 Idcirco
2255 2099 2505 2155 ululabit
2536 2101 2725 2168 Moab,
2741 2103 2879 2174 quia
2901 2105 3000 2160 ubi
3025 2106 3188 2177 prius
3209 2114 3334 2165 erat
3351 2107 3584 2171 luxuria
3600 2120 3662 2172 et

2004 2186 2197 2242 omnis
2229 2187 2553 2257 delectatio,
2587 2194 2824 2262 propter
2853 2191 3106 2267 irriguos
3156 2213 3349 2270 agros,
3383 2205 3441 2256 et
3472 2203 3660 2262 fontes

1993 2275 2218 2348 jugiter
2246 2281 2610 2345 emanantes,
2643 2279 2722 2335 ibi
2753 2297 2869 2352 prae
2901 2282 3285 2343 multitudine
3323 2287 3657 2348 interfecto-

2002 2381 2155 2431 rum,
2189 2365 2293 2420 rivi
2343 2366 2650 2440 sanguinis
2700 2369 2904 2426 ﬂuent.
2943 2393 2971 2421 «
3006 2372 3223 2430 Ponam
3272 2376 3426 2432 enim
3481 2396 3658 2454 super

2001 2453 2224 2509 Edibon
2254 2455 2745 2513 additamentum.
2769 2481 2796 2507 υ
2819 2459 2938 2516 Hoc
2959 2465 3048 2516 est
3066 2470 3454 2537 augmentum
3480 2453 3660 2526 afilic-

1999 2541 2197 2611 tionis,
2231 2543 2670 2601 tribulationem
2700 2546 2969 2604 videlicet
2998 2567 3179 2622 super
3215 2555 3658 2616 tribulationem

2001 2653 2028 2680 ‹‹
2053 2631 2147 2687 his
2169 2631 2269 2704 qui
2281 2633 2619 2704 fugerintde
2632 2635 2802 2690 Moab
2817 2636 3063 2707 leonem,
3081 2644 3138 2695 et
3150 2641 3415 2715 reliquiis
3429 2650 3616 2704 terrae.
3629 2672 3656 2699 ››

2001 2720 2170 2776 Modo
2201 2723 2438 2793 exponit
2469 2723 2623 2795 quod
2655 2725 3124 2783 additamentum
3158 2736 3420 2801 ponat,et
3439 2735 3548 2792 hoc
3569 2742 3658 2794 est

2000 2807 2251 2880 leonem,
2284 2813 2342 2865 et
2366 2810 2582 2883 quibus
2612 2811 2756 2868 illud
2799 2814 3080 2888 imponat,
3112 2817 3205 2874 his
3253 2819 3523 2880 videlicet
3551 2827 3653 2897 qui

1997 2897 2276 2972 fugerunt
2303 2899 2373 2954 de
2405 2899 2696 2966 Moabitis,
2719 2903 2776 2956 et
2806 2901 3070 2975 reliquiis
3090 2908 3255 2962 terra;
3277 2924 3406 2980 quae
3430 2927 3656 2968 reman-

1997 2985 2200 3042 serint.
2233 2986 2453 3043 Ponam
2488 2986 2724 3059 (inquit)
2754 3006 2935 3062 super
2960 2991 3206 3066 Edibon,
3236 2994 3294 3050 id
3339 2999 3432 3054 est
3478 3016 3657 3073 super

1996 3074 2357 3132 habitatores
2383 3077 2514 3149 ejus
2543 3077 2922 3134 at‘ﬂictienem
2948 3099 2960 3136 :
2986 3084 3051 3137 ut
3071 3082 3168 3154 qui
3191 3085 3368 3142 occisi
3391 3105 3505 3144 non
3530 3090 3653 3146 fue-

1995 3164 2114 3220 rint
2143 3166 2295 3221 fame
2323 3169 2383 3221 et
2406 3165 2759 3239 pestilentia,
2792 3171 2850 3224 et
2877 3169 3190 3228 voluerunt
3218 3174 3538 3248 fugere,his
3557 3196 3655 3236 su-

1994 3253 2292 3326 perveniat
2329 3253 2439 3322 lee,
2473 3255 2581 3311 hoc
2629 3260 2720 3312 est
2767 3263 3169 3330 persecutores
3217 3262 3502 3337 hostium,
3559 3267 3650 3325 vel

1995 3343 2195 3399 bestia:
2228 3343 2448 3400 feroces
2479 3361 2608 3417 qua:
2639 3361 2738 3402 eos
2769 3346 3067 3405 devorent.
3098 3350 3169 3406 Et
3198 3368 3314 3408 non
3345 3354 3536 3412 solum
3559 3357 3652 3414 his

1995 3429 2096 3503 qui
2129 3432 2405 3506 fugerint,
2437 3434 2536 3490 sed
2568 3432 2744 3490 etiam
2777 3439 2943 3492 terra:
2975 3455 3101 3510 qua:
3132 3443 3652 3518 remanserint,im-

1995 3520 2227 3577 mittam
2257 3526 2661 3594 persecutores
2709 3523 2998 3583 Chaldeos
3049 3527 3137 3584 vel
3187 3547 3386 3588 revera
3430 3533 3647 3605 leones,

1994 3611 2330 3684 ferocesque
2361 3611 2600 3667 bestias.

2603 3755 2842 3812 CAPUT
2881 3757 3021 3813 XVI.

2065 3899 2093 3928 α
2123 3877 2337 3933 Emitte
2366 3895 2604 3950 agnum,
2639 3878 2902 3949 Domine,
2927 3881 3355 3941 dominatorem
3379 3889 3644 3959 terrae,de

1989 3971 2151 4039 petra
2182 3967 2393 4023 deserti
2425 3969 2496 4023 ad
2524 3971 2782 4024 montem
2815 3969 2946 4025 filia:
2989 3969 3149 4027 Sion.
3186 3995 3214 4023 »
3247 3973 3469 4033 Idcirco
3501 3996 3640 4051 pro-

1988 4055 2476 4129 phethdifﬁcilcs
2505 4059 2646 4112 sunt
2675 4057 2746 4112 ad
2779 4056 3248 4132 intelligendum,
3282 4064 3421 4136 quia
3447 4067 3641 4125 subito

1987 4149 2218 4201 mutant
2265 4162 2546 4218 personas
2595 4150 2654 4202 et
2698 4149 2966 4221 tempore
2997 4165 3011 4204 :
3047 4153 3105 4206 et
3134 4151 3276 4209 dum
3308 4153 3380 4211 de
3409 4171 3528 4214 una
3557 4157 3641 4215 lo-

1986 4239 2267 4308 quuntur.
2291 4233 2487 4290 subito
2517 4239 2831 4292 transeunt
2860 4238 2931 4293 ad
2967 4237 3166 4295 aliam.
3196 4241 3342 4298 Dum
3375 4245 3533 4303 enim
3555 4245 3638 4304 lo-

1984 4327 2260 4396 queretur
2289 4323 2574 4397 propheta
2604 4323 2786 4382 Isaias
2817 4326 2887 4383 de
2917 4327 3252 4400 captivitate
3280 4335 3338 4388 et
3386 4334 3642 4394 miseriis

1983 4413 2176 4485 Moab,
2208 4413 2400 4470 subite
2426 4412 2485 4468 in
2537 4413 2728 4471 medie
2777 4431 3047 4473 sermone
3096 4421 3346 4476 tetendit
3395 4425 3633 4482 oculum

1982 4504 2196 4559 mentis
2252 4504 2323 4558 ad
2385 4502 2599 4559 Christi
2659 4503 3044 4575 nativitatem,
3073 4511 3129 4562 et
3186 4509 3362 4581 coepit
3417 4511 3638 4586 alloqui

281 4607 311 4632 «ε
336 4584 522 4655 Aqua:
539 4581 697 4638 enim
713 4581 1157 4642 Menridesertae
1177 4592 1875 4662 erunt,quiaaruitherba
1904 4606 1951 4672 Ι)
1982 4592 2175 4660 Moab,
2207 4596 2264 4647 ct
2293 4592 2632 4665 Promittere
2679 4592 2834 4647 bona
2865 4592 3138 4665 iDQUiens
3167 4612 3180 4650 ἰ
3216 4597 3260 4652 Ο
3293 4597 3484 4666 Moab,
3519 4581 3635 4660 nim

205 4675 266 4728 et
294 4670 516 4727 defecit
534 4687 794 4744 germen,
817 4672 974 4728 viror
994 4675 1189 4731 omnis
1210 4675 1486 4734 interiit.»
1511 4681 1694 4739 Menri
1717 4687 1874 4760 oppi-

206 4761 359 4816 dum
381 4763 475 4816 est
493 4776 674 4833 supra
693 4762 1101 4831 mare,multes
1124 4764 1310 4822 fontes
1328 4766 1552 4825 habens
1573 4775 1628 4826 et
1648 4790 1832 4844 aquas
1854 4793 1866 4829 :

202 4849 312 4906 sed
344 4847 538 4905 salsas
565 4851 622 4905 et
652 4865 903 4918 amaras,
936 4850 1183 4924 ideoque
1223 4855 1472 4911 steriles.
1507 4860 1728 4916 Tamen
1761 4863 1869 4920 hoc

201 4936 662 5006 attendendum,
678 4938 816 5010 quia
838 4957 952 4995 non
975 4946 1212 5013 propter
1231 4944 1460 5001 steriles
1480 4947 1606 5004 Men
1617 4950 1660 5003 ri
1684 4967 1868 5022 aquas

196 5025 423 5083 defecit
443 5029 501 5082 et
519 5027 679 5083 aruit
697 5027 878 5084 herba
899 5027 959 5084 in
978 5029 1168 5099 Moab,
1183 5033 1284 5087 sed
1303 5035 1696 5107 metaphorice
1716 5039 1869 5097 locu-

195 5121 299 5173 tus
336 5118 448 5172 est.
478 5115 549 5171 Et
576 5120 666 5171 est
693 5133 903 5173 sensus
927 5135 941 5174 :
977 5117 1040 5174 In
1073 5124 1283 5176 cuncto
1311 5121 1481 5178 Moab
1503 5131 1674 5181 erunt
1703 5146 1865 5201 aqua:

192 5205 375 5261 salsa:
409 5208 469 5261 et
498 5222 732 5277 amarae,
765 5206 920 5262 sicut
949 5212 1090 5263 sunt
1113 5225 1276 5281 aquae
1309 5209 1514 5280 Menri,
1544 5233 1670 5286 qua:
1693 5217 1867 5274 habet

193 5311 443 5350 amaros
461 5294 926 5368 fontes,ideoque
945 5297 1174 5353 steriles
1195 5315 1208 5353 :
1226 5302 1283 5354 et
1297 5305 1517 5356 arescet
1537 5307 1728 5360 omnis
1742 5306 1868 5362 her-

191 5381 294 5448 ba,
313 5385 375 5437 et
395 5381 660 5439 interibit
688 5385 882 5443 omnis
902 5385 1060 5442 viror
1080 5385 1396 5443 herbarum
1418 5389 1861 5466 vinearumque.

271 5492 302 5520 ‹‹
328 5469 671 5528 Secundum
701 5474 1178 5546 magnitudinem
1210 5477 1404 5548 operis
1424 5482 1481 5534 et
1498 5479 1754 5537 visitatio
1775 5499 1865 5538 eo-

195 5574 360 5614 rum.
390 5580 419 5607 ››
443 5557 714 5618 Visitatie
735 5561 830 5618 hic
850 5562 912 5618 in
935 5562 1151 5619 malam
1174 5569 1400 5637 partem
1421 5567 1682 5638 capitur:
1708 5571 1791 5626 sic
1808 5576 1865 5628 et

196 5645 443 5704 Psalmo
469 5662 482 5702 :
515 5669 549 5697 ι(
576 5647 857 5718 Visitabe,
883 5651 1101 5724 inquit,
1125 5652 1186 5709 in
1214 5653 1376 5726 virga
1403 5654 1745 5728 iniquitates
1767 5677 1860 5718 eo-

1981 4681 2254 4753 desperes
2284 4681 2354 4736 de
2377 4679 2597 4736 salute:
2624 4680 2723 4735 sed
2748 4696 2852 4754 age
2874 4682 3276 4753 pmnitentiam
3299 4701 3312 4742 :
3338 4688 3480 4760 quia
3500 4688 3637 4747 licet

1979 4769 2362 4841 captivandus
2393 4768 2474 4823 sis
2505 4769 2576 4823 ab
2607 4769 2862 4842 Assyriis
2882 4770 2969 4826 vel
2992 4771 3276 4831 Chaldaeis
3301 4795 3313 4832 :
3339 4781 3538 4835 tamen
3561 4781 3632 4838 de

1977 4861 2078 4914 tua
2096 4858 2369 4930 progenie
2392 4861 2666 4912 nascetur
2686 4875 2875 4931 agnus
2899 4861 2996 4932 qui
3019 4861 3189 4918 tollat
3210 4871 3447 4937 peccata
3467 4886 3634 4924 mun-

1976 4943 2056 5011 di,
2086 4948 2142 5000 et
2173 4943 2271 5016 qui
2304 4943 2639 5000 dominetur
2669 4944 2727 5000 in
2759 4950 2881 5004 toto
2915 4949 3053 5006 orbe
3075 4951 3250 5020 (Joan.
3276 4956 3338 5022 ι).
3363 4955 3630 5014 Christus

1975 5033 2131 5090 enim
2172 5031 2504 5089 dominator
2550 5035 2732 5090 totius
2782 5037 2987 5094 mundi
3036 5043 3145 5108 est,
3169 5041 3342 5113 juxta
3387 5045 3542 5116 quod
3575 5047 3628 5102 ei

1976 5123 2128 5178 Deus
2160 5122 2328 5178 Pater
2356 5121 2503 5178 dixit
2535 5139 2548 5178 :
2584 5147 2611 5173 «
2646 5123 2882 5181 Postula
2908 5145 2942 5181 a
2971 5145 3082 5193 me,
3109 5132 3165 5183 et
3185 5129 3334 5184 dabo
3355 5131 3460 5187 tibi
3483 5149 3628 5205 gen-

1973 5215 2062 5268 tes
2091 5210 2486 5268 haareditatcm
2519 5217 2682 5267 tuam
2721 5215 2890 5284 (Psal.
2926 5217 3008 5282 ιι).
3047 5238 3075 5264 ››
3108 5217 3178 5272 Et
3203 5206 3328 5289 ipse
3375 5225 3508 5292 post
3539 5240 3626 5279 re-

1974 5304 2393 5359 surrectionem
2424 5320 2592 5358 suam
2618 5319 2631 5357 :
2657 5326 2683 5352 ‹‹
2711 5303 2856 5359 Data
2883 5308 2991 5372 est,
3017 5305 3230 5378 inquit,
3257 5308 3400 5364 mihi
3434 5312 3627 5371 omnis

1973 5395 2232 5464 potestas
2264 5391 2322 5445 in
2352 5390 2493 5445 cmlo
2525 5395 2580 5446 et
2613 5392 2668 5445 in
2705 5396 2859 5447 terra
2907 5393 3114 5462 (Matth.
3148 5401 3365 5467 xxvm).
3399 5421 3427 5449 ››
3463 5400 3626 5460 Unde

1973 5485 2061 5537 est
2088 5497 2224 5552 ergo
2269 5478 2490 5534 missus
2536 5477 2646 5534 iste
2689 5481 2923 5552 agnus?
2948 5505 2975 5532 ι(
3009 5483 3090 5540 De
3138 5490 3304 5556 petra
3346 5488 3558 5546 deserti
3592 5513 3620 5542 »

1970 5570 2080 5626 hoc
2111 5572 2199 5625 est
2227 5569 2297 5624 de
2328 5567 2484 5622 Ruth
2515 5567 2831 5624 Moabitida
2855 5587 2868 5625 :
2894 5587 3020 5643 quae
3041 5577 3226 5630 morte
3249 5573 3356 5632 viri
3384 5577 3625 5638 viduata

1971 5657 2172 5733 nupsit
2199 5658 2366 5725 Booz,
2390 5657 2463 5714 de
2492 5671 2605 5731 quo
2632 5657 2835 5731 genuit
2859 5659 3029 5731 Obet,
3054 5662 3198 5720 Obet
3228 5667 3433 5738 genuit
3458 5669 3622 5728 Jesse
