4048 6190
475 333 596 400 799

843 334 1252 398 HAYMONIS
1299 329 1832 394 HALBERSTAT.
1880 325 2124 390 EPISC.
2171 316 2345 390 OPP.
2391 327 2596 390 PARS
2640 328 2688 390 Ι.
2735 361 2815 374 -
2857 329 3258 394 COMMENT.
3302 331 3494 394 BlBL.

3703 336 3794 401 800

478 475 704 546 patrem
739 469 919 528 David
968 467 1141 540 regis.
1175 466 1256 522 De
1302 467 1474 538 cujus
1521 462 1798 537 progenie
1841 458 2128 535 processit
2154 461 2208 529 Α
2237 483 2266 511 ‹‹
2297 465 2824 530 consummatus,»
2846 463 2966 520 sive
2985 462 3417 522 interfectusest
3435 465 3574 538 ipse;
3595 491 3620 517 ,ί
3639 468 3794 540 miser,

479 561 824 617 intemerata
849 558 1011 629 virgo
1043 554 1242 621 Maria,
1261 571 1388 628 quae
1409 552 1612 628 genuit
1630 551 2133 622 Christum,opere

479 648 733 722 Spiritus
763 645 950 702 sancti
984 645 1386 716 impraegnata,
1420 659 1535 697 non
1569 639 1790 698 semine
1823 638 1974 696 virili
2008 655 2134 711 gra.

475 735 625 792 vida.
662 736 817 791 Ruth
853 733 1172 789 Moabitida
1201 735 1365 805 petra
1393 730 1606 786 deserti
1628 727 2133 802 appellatur,quia

475 823 774 898 gentilitas
801 840 871 879 ex
895 840 1011 895 qua
1041 822 1170 894 ipsa
1207 825 1350 889 erat,
1383 819 1608 892 lapides
1659 835 1762 890 pro
1811 818 1928 873 Deo
1978 815 2130 872 cole-

473 912 636 980 bant,
669 917 727 970 st
756 913 888 968 duri
919 913 1092 968 corde
1121 914 1308 976 erant,
1341 910 1587 980 ideoque
1613 906 1853 971 deserti,
1887 909 1945 961 et
1975 906 2133 962 dere.

471 1002 594 1058 licti
626 1020 661 1058 a
689 1001 977 1057 Creatore.
1011 1003 1131 1066 Quo
1163 1016 1298 1072 ergo
1330 1001 1418 1054 est
1447 996 1705 1052 emissus
1753 995 1852 1050 ille
1893 1011 2083 1066 agnus
2103 993 2132 1048 ‘I

472 1114 500 1143 «
533 1093 617 1146 Ad
651 1093 911 1147 montem
945 1088 1076 1144 filiae
1106 1088 1267 1154 Sion,
1301 1107 1328 1137 »
1363 1087 1420 1141 id
1455 1087 1562 1151 est,
1589 1082 1687 1138 ubi
1708 1081 2132 1156 praedicavit,et

470 1179 760 1236 miracula
780 1178 934 1243 fecit,
957 1175 1060 1232 ubi
1078 1175 1256 1231 etiam
1277 1191 1486 1246 gemus
1508 1173 1834 1228 humanum
1859 1169 2128 1225 redemit.

469 1269 596 1339 Vel,
627 1267 782 1339 quod
816 1265 1029 1321 melius
1059 1267 1167 1331 est,
1191 1263 1262 1318 ad
1295 1251 1634 1318 Ecclesium"
1635 1263 1726 1315 est
1746 1259 2131 1330 missus,quze

471 1359 531 1414 in
563 1355 800 1428 speculo
827 1353 1042 1410 mentis
1071 1355 1129 1408 et
1157 1350 1470 1406 altitudine
1499 1349 1786 1405 virtutum
1833 1345 2128 1403 consistit.

471 1443 750 1516 Quisquis
781 1443 962 1517 igitur
990 1439 1198 1513 quaerit
1226 1457 1353 1512 quas
1391 1454 1572 1493 causa
1613 1435 1902 1492 exstiterit
1950 1449 2130 1506 quare

472 1535 622 1590 Booz
651 1531 940 1604 acceperit
969 1528 1125 1584 Ruth
1159 1525 1474 1582 Moabitam
1499 1523 1558 1578 in
1593 1540 1855 1588 uxorem,
1887 1521 2129 1595 legatii-

471 1624 644 1680 brum
696 1619 905 1686 Rruth,
952 1617 1152 1687 ibique
1207 1612 1546 1688 plenissime
1594 1611 1870 1668 inveniet.
1907 1613 2127 1668 Tamen

471 1711 778 1768 sciendum
793 1706 1010 1764 esthoc
1026 1703 1308 1760 divinitus
1329 1705 1707 1774 procuratum
1732 1704 1956 1770 esse,ut
1975 1699 2131 1756 sicut

2241 549 2471 621 defecit,
2503 551 2603 624 qui
2633 551 3014 608 conculcabat
3053 556 3286 609 terram.
3315 575 3343 604 »
3375 556 3631 611 vastando
3655 556 3796 632 illam,

2239 641 2297 693 et
2325 637 2727 696 interficiendo
2758 639 3112 698 habitatores
3140 641 3288 714 ejus.

2315 748 2344 777 «
2375 727 2445 783 Et
2463 729 2888 801 praeparabitur
2907 729 2965 784 in
2989 728 3381 787 misericordia
3395 729 3664 798 solium,et
3679 736 3797 792 sede-

2241 816 2328 871 bit
2357 833 2536 889 super
2563 816 2708 872 illud
2739 818 2800 873 in
2829 817 3070 874 veritate
3097 817 3159 874 in
3188 817 3546 875 tabernaculo
3571 821 3797 896 Davidjn-

2241 905 2444 961 dicans
2475 910 2532 961 et
2559 923 2828 979 quaerens
2868 905 3184 978 judicium,
3213 911 3272 962 et
3317 906 3574 964 velociter
3611 910 3799 968 reddens

2241 995 2396 1066 quod
2417 995 2648 1065 justum
2671 1000 2780 1052 est.
2806 1019 2834 1046 ››
2861 995 3020 1051 Licet
3044 994 3232 1054 Judaei
3257 995 3502 1054 referant
3517 995 3619 1055 ista
3633 999 3691 1054 ad
3708 1000 3800 1056 Ete-

2241 1083 2454 1153 chiam,
2473 1084 2570 1156 qui
2596 1089 2727 1156 post
2750 1087 2996 1142 mortem
3018 1083 3408 1142 Sennacherib
3429 1085 3484 1145 in
3507 1103 3632 1158 pace
3647 1103 3798 1159 regna-

2238 1173 2358 1228 vit:
2384 1173 2594 1229 melius
2625 1177 2819 1229 tamen
2851 1175 2925 1230 de
2953 1171 3180 1231 Christo
3210 1171 3613 1246 intelliguntur.
3633 1178 3688 1232 Et
3707 1193 3798 1248 per

2239 1262 2428 1317 tinent
2439 1263 2704 1334 quaedam
2717 1279 2787 1318 ex
2800 1262 2896 1318 his
2909 1263 2982 1318 ad
3000 1263 3257 1335 primum
3276 1263 3799 1337 adventum,quedam

2240 1355 2436 1406 autem
2463 1351 2535 1406 ad
2569 1351 3041 1408 secundum.Hoo
3057 1351 3218 1408 enim
3240 1351 3396 1424 quod
3424 1350 3556 1408 dicit
3581 1368 3802 1426 prepara-

2239 1439 2400 1496 bitur
2426 1439 2486 1496 in
2519 1439 2921 1496 misericordia
2949 1441 3050 1496 Dei
3081 1440 3268 1498 Patris
3309 1439 3536 1508 solium,
3565 1439 3616 1497 id
3647 1445 3800 1500 estm-

2239 1546 2420 1602 gnum
2452 1528 2667 1585 Christi
2691 1547 2705 1586 :
2727 1532 2786 1585 et
2815 1528 3041 1586 sedebit
3061 1545 3241 1602 super
3259 1528 3403 1588 illud
3429 1528 3485 1587 in
3503 1529 3800 1589 tabernaculo

2239 1617 2555 1687 David,hoc
2566 1618 2739 1686 est,in
2752 1617 3038 1676 Ecclesia:
3053 1617 3126 1674 ad
3147 1617 3406 1690 primum
3422 1617 3544 1689 ejus
3559 1619 3800 1674 adventum

2235 1710 2326 1764 est
2354 1708 2740 1776 referendum,
2773 1711 2834 1764 et
2857 1708 2931 1764 ad
2961 1709 3200 1780 tempus
3227 1709 3415 1764 sextis
3458 1705 3627 1768 atatis
3650 1704 3700 1762 in
3718 1722 3804 1778 qua

469 1798 740 1872 Christus
768 1797 1004 1895 Judzeos
1033 1790 1366 1895 et.gentiles
1405 1789 1692 1890 redimam
1739 1788 2032 1895 veniebat,
2065 1788 2126 1843 in
2157 1830 2205 1895 B
2237 1797 2408 1852 modo
2461 1813 2692 1852 sumus.
2725 1796 2936 1869 Magna
2965 1794 3018 1851 si
3063 1794 3308 1868 quidem
3357 1793 3712 1855 misericordia
3731 1793 3802 1850 Dei

468 1886 687 1960 quibus
718 1882 1300 1956 comprehenduntur
1328 1877 1528 1936 omnia
1555 1894 1770 1952 genere.
1791 1877 2127 1945 hominum,

467 1977 553 2034 ita
580 1975 758 2032 etiam
789 1973 860 2030 ab
895 1975 1142 2044 utroque
1172 1967 1388 2043 populo
1410 1967 1737 2024 secundum
1759 1983 1997 2022 carnem
2019 1965 2128 2022 ori-

469 2065 680 2140 ginem.
699 2062 974 2119 traheret.

541 2177 570 2204 ι(
600 2155 672 2210 Et
699 2151 809 2208 erit
836 2150 991 2208 sicut
1015 2148 1138 2206 avis
1169 2147 1420 2221 fugiens,
1454 2149 1512 2202 et
1538 2145 1692 2200 sicut
1720 2143 1866 2217 pulli
1891 2145 1962 2200 de
1987 2142 2125 2200 nido

423 2251 438 2264 ’
469 2243 786 2309 avolantes,
817 2239 902 2296 sie
931 2241 1105 2295 erunt
1133 2236 1265 2294 filia:
1309 2235 1480 2292 Moab
1525 2234 1585 2289 in
1633 2237 1978 2289 transcensu
2018 2233 2123 2288 Ar-

469 2349 608 2390 non.
631 2355 660 2384 »
685 2329 862 2386 Vides
893 2326 1186 2400 quomodo
1217 2325 1290 2380 de
1321 2341 1439 2380 una
1469 2341 1530 2379 re
1557 2321 1772 2380 transit
1799 2322 1872 2377 ad
1922 2319 2122 2378 aliam.

469 2420 799 2478 Revertitur
825 2417 1040 2474 iterum
1071 2415 1142 2472 ad
1176 2411 1572 2486 captivitatem
1595 2409 1958 2468 Moab.Sicut
1977 2410 2121 2476 avis,

470 2509 682 2582 inquit,
715 2507 865 2580 fugit
893 2508 1028 2562 ante
1071 2501 1430 2574 accipitrem,
1461 2505 1522 2556 et
1567 2499 1721 2556 sicut
1767 2498 1912 2571 pulli
1962 2497 2121 2554 citis-

468 2599 620 2656 sime
647 2595 916 2654 avolant:
950 2593 1036 2652 sic
1064 2591 1176 2648 cite
1225 2589 1735 2663 transmigrabunt
1771 2585 1904 2644 ﬁlia:
1953 2587 2123 2643 Moab

469 2688 542 2744 de
571 2691 726 2744 terra
755 2701 867 2742 sua
905 2685 966 2740 in
1011 2685 1360 2749 transcensu
1407 2680 1602 2734 Arnen
1633 2694 1648 2733 :
1680 2693 1784 2748 per
1831 2693 1981 2749 quas
2023 2675 2122 2732 de-

469 2778 680 2834 bemus
707 2771 1030 2846 intelligere
1067 2769 1330 2827 civitates
1359 2772 1418 2824 et
1445 2768 1645 2832 urbes,
1672 2765 1760 2822 vel
1813 2781 2012 2821 revera
2037 2763 2122 2818 vi-

469 2883 566 2922 ros
595 2869 653 2921 et
681 2862 979 2919 mulieres.
1003 2861 1200 2916 Arnen
1229 2857 1434 2914 civitas
1456 2859 1564 2924 est,
1585 2853 1875 2910 terminus
1899 2852 2120 2909 Moabi-

469 2958 665 3012 tarum
697 2956 756 3008 et
781 2949 1275 3008 Amorrhaaorum.
1298 2947 1730 3003 Transcensum
1753 2945 1951 2998 autem
1980 2940 2124 2998 dicit

469 3045 705 3118 propter
733 3038 1147 3114 captivitatem.
1173 3037 1339 3093 Sicut
1366 3038 1540 3092 erunt
1567 3032 1626 3090 in
1649 3036 1999 3090 transcensu
2017 3031 2122 3085 Ar-

468 3149 607 3199 non,
637 3130 696 3187 id
727 3133 836 3202 est,
868 3128 954 3186 sic
983 3126 1326 3184 transibunt
1351 3125 1412 3180 in
1442 3121 1840 3195 captivitatem
1883 3137 1987 3193 per
2011 3119 2122 3174 Ar-

469 3235 609 3274 non.

541 3330 570 3358 ‹‹
601 3306 688 3362 Ini
727 3303 1039 3365 consilium
1069 3325 1097 3352 ››
1133 3299 1489 3364 Moabitidis,
1517 3298 1578 3354 id
1627 3301 1717 3354 est
1761 3300 1982 3352 contra.
2017 3295 2120 3352 Vel

469 3395 656 3463 aliter,
691 3419 719 3446 «
749 3393 837 3451 Ini
869 3391 1206 3456 consilium,
1240 3411 1269 3440 η
1301 3389 1359 3444 id
1391 3390 1502 3458 est,
1523 3387 1679 3442 intra
1699 3387 1759 3440 in
1783 3384 2116 3442 consilium.

471 3507 500 3536 «
534 3486 684 3558 Lege
711 3481 1024 3539 consilium
1055 3501 1083 3529 »
1110 3478 1220 3534 hoc
1241 3475 1572 3548 est,collige
1593 3473 1905 3531 consilium
1925 3477 2118 3540 tuum,

469 3577 528 3631 et
555 3571 860 3630 considera
891 3567 1187 3642 quomodo
1220 3567 1462 3622 evadere
1491 3563 1683 3636 possis
1703 3562 2118 3636 captivitatem.

473 3685 502 3715 ι(
533 3663 685 3718 Pone
714 3657 882 3734 quasi
933 3662 1166 3714 noctem
1214 3654 1492 3712 umbrum
1539 3657 1701 3708 tuam
1745 3652 1806 3708 in
1855 3651 2120 3720 meridie,

469 3749 760 3808 absconde
789 3747 1102 3822 fugientes,
1123 3749 1182 3803 et
1207 3759 1387 3818 Vagos
1409 3758 1483 3798 ne
1503 3743 1736 3815 prodas.
1763 3739 2125 3796 Habitabunt

469 3841 624 3912 apud
653 3843 709 3896 te
736 3837 968 3912 profugi
1001 3833 1136 3892 mei.
1163 3833 1332 3890 Moab
1363 3836 1489 3890 esto
1521 3830 1831 3887 latibulum
1865 3846 2066 3885 eorum
2089 3847 2124 3884 a

467 3929 616 3985 facie
644 3925 974 3983 vastatoris.
1001 3947 1030 3975 ››
1052 3924 1388 3981 Notandum
1421 3922 1561 3996 quia
1599 3923 1733 3976 ante
1777 3923 2006 3976 vastata
2035 3922 2125 3976 est

469 4013 836 4072 Hierusalem
869 4014 940 4068 ab
971 4011 1248 4085 Assyriis,
1269 4015 1328 4066 et
1345 4015 1550 4084 postea
1577 4026 1611 4064 a
1643 4007 1930 4064 Chaldaeis
1959 4010 2122 4063 ante-

469 4119 649 4174 quam
680 4100 848 4156 Moab
883 4117 897 4155 :
933 4101 1179 4171 ideoque
1209 4099 1545 4171 prmcipitur
1564 4097 1616 4152 ei
1639 4099 1704 4152 ut
1733 4097 2020 4169 fugientes
2049 4097 2122 4152 ad

471 4205 534 4246 se
563 4189 635 4244 de
664 4185 880 4260 populo
910 4187 1012 4244 Dei
1043 4186 1330 4257 suscipiat
1351 4191 1409 4241 et
1429 4185 1932 4240 abscondat.Pone
1955 4185 2123 4257 quasi

471 4281 702 4334 noctem
733 4276 940 4331 ubram
971 4279 1157 4344 tuam,
1183 4275 1238 4330 id
1263 4279 1354 4330 est
1384 4274 1575 4347 praebe
1601 4273 1817 4344 pepulo
1849 4291 2020 4330 mone
2042 4275 2126 4330 fu-

471 4365 652 4442 gienti
670 4365 742 4422 ab
768 4363 1022 4436 Assyriis
1038 4362 1178 4418 vela
1193 4361 1480 4418 Chaldaeis
1499 4361 1898 4418 defensionem
1917 4366 2081 4420 tuam
2107 4381 2121 4418 :

471 4460 540 4513 ut
568 4472 668 4512 eos
696 4453 1027 4511 abscondas
1058 4468 1094 4508 a
1122 4449 1270 4506 facie
1300 4447 1883 4524 persequentium.Et
1912 4449 1972 4504 in
2004 4467 2124 4506 me-

2237 1884 2425 1942 Patris
2455 1884 2584 1953 fuit,
2609 1889 2673 1940 ut
2703 1883 3074 1958 unigenitum
3103 1882 3323 1943 Filium
3353 1899 3518 1940 suum
3546 1898 3634 1954 pro
3657 1885 3805 1939 nostra

2235 1973 2426 2033 salute
2454 1975 2526 2030 ad
2551 1990 2659 2030 nos
2690 1973 3066 2030 redimendos
3092 1971 3386 2028 mitteret:
3409 1971 3506 2045 qui
3523 1970 3802 2028 sedetmodo

2235 2063 2296 2119 in
2329 2063 2496 2132 solio,
2529 2061 2648 2120 sive
2679 2063 2740 2119 in
2765 2061 3152 2118 tabernaculo
3181 2061 3384 2128 David,
3411 2061 3518 2117 hoc
3541 2062 3635 2130 est,
3659 2058 3708 2117 in
3729 2057 3802 2114 Ec-

2235 2151 2413 2210 clesia
2441 2152 2816 2224 requiescens
2839 2155 2899 2207 et
2928 2166 3186 2224 regnans
3215 2149 3278 2208 in
3307 2148 3566 2208 cordibus
3601 2145 3800 2206 ﬁdelium

2233 2259 2336 2314 per
2365 2242 2540 2298 ﬁdem
2573 2244 2632 2297 et
2659 2239 3054 2296 dilectionem.
3086 2240 3208 2296 Hoc
3235 2255 3368 2296 vero
3391 2238 3543 2310 quod
3567 2235 3797 2308 sequitur:

2231 2330 2514 2386 Judicans
2543 2328 2624 2398 (id
2656 2332 2746 2385 est
2765 2328 3128 2397 discernens)
3156 2332 3216 2384 et
3234 2343 3492 2400 qumrens
3503 2323 3802 2398 judicium,et

2229 2419 2503 2476 velociter
2530 2418 2780 2474 reddens
2810 2418 2968 2490 quod
2981 2419 3221 2488 justum
3243 2420 3363 2473 est:
3385 2412 3596 2488 proprie
3611 2411 3674 2468 ad
3685 2411 3798 2468 diem

2223 2507 2432 2580 judicii
2465 2507 2717 2580 pertinet
2741 2522 2754 2562 :
2778 2506 3014 2580 quando
3037 2505 3172 2578 ipse
3193 2505 3482 2564 discernet
3495 2503 3629 2560 inter
3641 2499 3798 2558 electos

2231 2601 2290 2653 et
2319 2597 2614 2669 reprobos,
2630 2595 2881 2652 reddens
2901 2593 3158 2668 singulis
3179 2595 3338 2668 quod
3351 2595 3572 2666 justum
3581 2585 3800 2657 estbonis

2231 2686 2385 2742 bona
2412 2689 2474 2742 et
2501 2683 2674 2740 malis
2704 2683 2879 2740 mala.
2910 2683 2982 2740 Et
3021 2683 3131 2740 hoc
3161 2682 3437 2740 velociter
3463 2679 3627 2748 faciet,
3651 2677 3799 2736 dicens

2231 2773 2430 2832 electis
2455 2792 2467 2830 :
2492 2773 2719 2842 Venite,
2751 2772 3041 2829 benedicti
3064 2771 3261 2829 Patris
3279 2771 3415 2830 mei.
3440 2793 3466 2821 ιι
3485 2771 3552 2828 Et
3565 2763 3796 2840 mprobis;

2233 2886 2263 2916 ‹‹
2295 2863 2586 2920 Discedite
2615 2880 2650 2918 ε.
2679 2877 2794 2931 me,
2828 2860 3124 2918 maledicti
3159 2861 3368 2932 (Matth.
3387 2862 3530 2929 xxv).
3559 2879 3586 2908 ››

2304 2915 3320 3023 .1assesassesnos;
3343 2915 3610 3022 superbus
3630 2937 3797 3000 estval-
3834 2915 3838 2919 ’

2231 3043 2322 3098 de.
2357 3041 2644 3115 Superbia
2671 3041 2801 3114 ejus
2830 3043 2890 3096 et
2917 3040 3262 3114 arrogantia
3287 3039 3416 3112 ejus
3459 3040 3518 3095 et
3551 3026 3798 3105 indignatio

2232 3131 2383 3203 ejus,
2415 3129 2731 3202 plusquam
2760 3128 3041 3188 fortitudo
3085 3127 3248 3200 ejus,
3281 3151 3310 3178 »
3343 3127 3400 3184 id
3443 3128 3530 3183 est
3567 3118 3800 3192 majores

2151 3195 2195 3262 θ
2231 3195 2510 3291 superbia
2532 3195 2683 3288 ejus,
2716 3231 2892 3289 quam
2926 3195 3213 3272 fortitudo
3235 3195 3391 3288 ejus.

2301 3330 2328 3357 «
2366 3305 2586 3362 Idcirco
2617 3327 2648 3354 »
2692 3303 3002 3371 subaudis,
3047 3303 3196 3376 quia
3245 3305 3432 3377 major
3473 3305 3556 3360 est
3593 3292 3798 3370 superbis

2228 3395 2358 3466 ejus
2384 3399 2444 3450 et
2469 3393 2796 3467 indignatio
2827 3395 3032 3448 contra
3047 3391 3576 3467 Dominum,quam
3592 3379 3798 3467 fortitudo

2229 3483 2428 3540 illius:
2453 3506 2480 3532 «
2505 3466 2756 3538 ululabit
2783 3481 2951 3538 Moab
2973 3481 3046 3538 ad
3077 3481 3282 3553 Moab,
3305 3505 3334 3534 »
3355 3466 3500 3538 cities
3519 3466 3797 3536 videlicetad

2230 3572 2404 3639 cives,
2459 3571 2636 3627 frater
2683 3570 2754 3626 ad
2807 3570 3069 3638 fratrem,
3105 3592 3135 3622 «
3167 3571 3476 3628 universus
3503 3590 3541 3621 -ιι
3585 3554 3798 3622 subaudis

2231 3659 2484 3732 Moab,f«
2516 3658 2786 3716 ululabit.
2823 3681 2852 3708 ››
2879 3658 3216 3716 Revertitur
3241 3659 3453 3718 iterum
3471 3657 3539 3716 ad
3557 3651 3696 3711 Moab
3711 3660 3799 3720 pro-

2231 3751 2426 3823 pheta.
3262 3758 3270 3766 ‘

2305 3860 2334 3889 ‹‹
2367 3838 2468 3894 His
2484 3837 2586 3910 qui
2603 3837 2874 3896 laetantur
2889 3852 3067 3908 super
3086 3851 3294 3894 muros
3309 3833 3454 3894 cocti
3467 3820 3799 3898 lateris,loqui-

2232 3927 2377 3982 mini
2408 3925 2612 4000 plagas
2643 3942 2802 3992 suas,
2837 3924 3118 3996 quoniam
3147 3924 3492 3983 suburbana
3523 3919 3710 3978 Esebon
3731 3925 3798 3966 va-

2231 4020 2386 4074 stata
2415 4018 2574 4084 sunt,
2608 4019 2668 4072 et
2694 4015 2864 4070 vinea
2891 4014 3192 4070 Sahama»
3213 4012 3494 4080 subaudis
3513 4000 3797 4068 desertaest-

2233 4107 2338 4162 Per
2366 4105 2476 4160 hoc
2506 4105 2662 4177 quod
2692 4103 2854 4170 dicit,
2885 4101 2980 4159 his
3027 4101 3303 4160 Moabitis
3351 4101 3450 4175 qui
3489 4085 3802 4177 confidunt-in

2224 4174 2637 4268 junctionibus
2667 4207 2972 4248 murorum
3003 4174 3800 4260 latericiorum,loquiminipla-

2233 4265 2338 4355 gas
2368 4281 2593 4351 suas,id
2609 4283 2700 4338 est
2715 4283 2964 4336 mortem
2976 4284 3035 4336 et
3045 4279 3446 4352 captivitatem
3463 4295 3476 4334 :
3491 4265 3802 4355 etpotentitm
3846 4325 3850 4329 Α

2233 4352 2495 4442 pristinae
2539 4367 2832 4426 felicitatis
2881 4367 3160 4438 ostendit,
3186 4372 3248 4425 et
3295 4367 3519 4441 plagam
3558 4352 3801 4442 mima?“

2233 4439 2652 4516 subversionis.
2685 4456 3038 4514 Suburbaua
3066 4439 3347 4514 dicuntur
3385 4439 3491 4511 vici
3535 4455 3590 4508 et
3627 4439 3803 4502 villula.

471 4545 617 4602 ridie
647 4543 808 4601 istud
838 4541 1118 4615 adimple,
1151 4540 1207 4596 id
1241 4521 1350 4608 est,
1381 4539 1442 4594 in
1471 4542 1675 4611 aperta
1723 4539 2126 4610 persecutione
2153 4560 2202 4625 Β
2233 4547 2596 4606 (uibar-entes
2627 4545 2985 4602 civitatibus,
3019 4545 3248 4602 Esebon
3279 4549 3488 4602 auiam.
3515 4536 3689 4596 civitas
3725 4521 3804 4586 fuit

471 4641 531 4693 et
562 4633 900 4708 captivitate
929 4631 1257 4690 abscondas
1287 4629 1580 4704 fugientes
1602 4625 1913 4684 Israelitas.
1941 4629 2012 4685 Et
2029 4647 2126 4686 va-

472 4741 578 4798 gos
607 4724 678 4777 de
707 4719 832 4778 loco
861 4722 936 4778 ad
966 4720 1162 4776 locum
1210 4720 1532 4794 fugitantes
1571 4732 1644 4772 ne
1673 4717 1904 4789 perdas,
1935 4717 2023 4774 vel
2056 4735 2128 4774 ne

473 4811 683 4874 tradas,
701 4810 974 4867 hostibus
996 4810 1142 4865 suis.
1167 4807 1409 4865 Vastata
1427 4805 1586 4862 enim
1609 4804 2126 4880 Hierusalem,qua3

473 4899 722 4958 conﬁnis
753 4901 841 4954 est
871 4897 998 4965 tibi,
1031 4897 1384 4958 habitabunt
1411 4894 1566 4967 apud
1606 4899 1664 4950 te
1713 4892 1944 4968 profugi
1989 4895 2126 4952 mei.

475 4989 722 5062 Ideoque
753 4986 1026 5060 principio
1047 4985 1174 5053 tibi,
1201 4984 1392 5049 Moab,
1415 4986 1478 5037 ut
1495 4982 1577 5037 sis
1595 4981 1905 5040 latibulum
1926 5000 2128 5040 eorum

475 5095 510 5134 a
540 5078 685 5134 facie
710 5075 1081 5150 Assyriorum
1111 5071 1200 5131 vel
1243 5070 1670 5127 Chaldaeorum.
1701 5093 1730 5120 ‹‹
1767 5071 1994 5130 Finitus
2041 5079 2133 5130 est

475 5165 686 5238 pulvis.
724 5189 751 5216 ››
779 5165 984 5222 Subito
1014 5162 1227 5220 transit
1256 5159 1542 5234 propheta
1571 5159 1643 5214 ad
1665 5158 2130 5218 interfectionem

477 5253 872 5310 Sennacherib
905 5270 918 5308 :
953 5253 1052 5326 qui
1084 5249 1276 5325 pulvis
1308 5246 1638 5321 appellatur
1666 5250 1722 5302 et
1761 5247 1960 5319 miser,
1993 5249 2133 5321 quia

478 5343 673 5398 omnis
701 5343 889 5415 gloria
917 5345 974 5398 et
1003 5339 1328 5398 dominatio
1360 5339 1490 5410 ejus
1537 5335 1650 5392 cito
1702 5337 1914 5393 transit
1963 5339 2130 5410 quasi

481 5429 674 5502 pulvis
704 5434 906 5504 raptus
936 5447 970 5486 a
998 5435 1167 5486 vento
1193 5432 1288 5484 :-et
1318 5424 1732 5482 miserabiliter
1759 5426 1831 5481 ab
1862 5425 1971 5482 hac
2001 5427 2132 5485 luce

483 5517 736 5584 transiit,
767 5517 1110 5575 interfectus
1139 5536 1174 5574 a
1204 5515 1344 5572 filiis
1391 5515 1518 5573 suis
1563 5514 1622 5570 in
1675 5517 1984 5588 praesentia
2029 5518 2129 5574 Dei

485 5603 578 5660 sui
625 5604 714 5673 (IV
742 5606 866 5676 Reg.
896 5609 1037 5675 χιχ.)
1077 5605 1303 5661 Finitus
1351 5607 1442 5659 est
1489 5601 1700 5676 pulvis,
1733 5603 2128 5664 Sennacherib

2235 4635 2448 4692 nobilis
2476 4633 2866 4696 Moabitarum
2897 4631 3052 4688 sicut
3080 4637 3141 4689 et
3170 4633 3457 4692 Sabama:
3489 4642 3603 4702 qua!
3627 4618 3806 4694 ιποΡίθτ

2234 4722 2676 4780 multitudinem
2706 4721 3058 4796 populorum
3084 4719 3258 4779 vinea
3285 4718 3612 4794 appellatur.
3637 4707 3802 4796 ευξξωκ

2239 4813 2412 4882 bana,
2443 4810 2659 4884 inquit,
2687 4791 2914 4867 Dsebon
2944 4811 3178 4868 deserta
3205 4791 3348 4866 sunt
3360 4791 3437 4866 ab
3455 4791 3804 4884 habitatoribus

2239 4900 2364 4958 suis
2389 4918 2404 4957 :
2427 4905 2486 4958 et
2516 4918 2632 4958 non
2662 4898 2854 4958 solum
2885 4899 3249 4965 suburbana,
3271 4898 3372 4955 sed
3390 4895 3558 4952 etiam
3577 4887 3684 4960 ipsa
3699 4879 3805 4974 οἰξάο

2237 4995 2350 5048 tas.
2375 5014 2400 5040 ει
2427 4989 2657 5046 Domini
2687 4987 2977 5063 gentium,
3011 5009 3040 5037 »
3073 4987 3132 5042 id
3163 4990 3255 5043 est
3285 4981 3564 5061 principes
3601 4977 3805 5063 Assyfw

2240 5096 2371 5134 rum
2403 5082 2460 5132 et
2489 5062 2910 5144 Chaldaeorum,
2945 5075 3046 5148 qui
3075 5073 3281 5131 multis
3307 5069 3567 5146 gentibus
3597 5062 3806 5148 domina-

2239 5168 2473 5236 bantur,
2503 5189 2530 5215 α
2564 5143 2904 5223 exciderunt
2934 5143 3164 5238 flagella
3191 5187 3218 5214 n
3239 5143 3387 5236 ejus,
3410 5159 3464 5215 id
3484 5159 3567 5214 est
3584 5143 3807 5240 habitato-

2240 5273 2334 5312 res
2365 5255 2616 5312 Sabama
2645 5232 3066 5320 occiderunt,'«
3100 5232 3286 5326 usque
3313 5249 3384 5307 ad
3427 5247 3581 5304 Jazer
3605 5261 3630 5289 ν
3655 5232 3804 5290 civita-

2239 5349 2357 5402 tem
2389 5368 2416 5395 ‹‹
2451 5345 2836 5416 pervenerunt
2868 5365 2896 5392 »
2929 5341 3042 5414 ipsi
3072 5339 3292 5398 domini
3322 5334 3570 5413 gentium
3588 5352 3612 5380 «
3633 5329 3804 5416 erravef

2241 5439 2379 5491 runt
2424 5415 2483 5488 in
2533 5433 2758 5489 deserto
2791 5447 2806 5486 ε
2840 5453 2868 5484 ››
2920 5431 3238 5488 lustrantes
3290 5427 3602 5484 universam
3640 5415 3802 5496 ιετηιξι

2240 5523 2650 5580 Moabitarum.
2701 5519 2848 5586 Quia
2898 5519 3122 5577 dixerat
3178 5515 3440 5590 superius
3493 5505 3708 5565 Sabama
3729 5504 3801 5590 _VI'

2240 5628 2410 5670 neam
2456 5627 2604 5680 esse,
2637 5607 2885 5667 servavit
2932 5608 3353 5681 metaphoram,
3383 5597 3704 5670 ειὼᾱυιιεοηε
3725 5578 3802 5634 ﬂ"
