4048 6190
216 338 336 403 801

1317 336 1723 401 COMMENT.
1771 336 1850 397 IN
1886 297 2187 399 lSAIAM.
2250 335 2395 398 LIB.
2445 336 2524 399 ιι.

3507 349 3625 410 802

216 472 396 546 gella.
421 470 706 528 Similiter
732 470 908 526 etiam
930 471 1179 527 servavit
1201 471 1831 543 metaphoram,diccns
1855 488 1869 527 :
1901 470 1955 538 Α
1986 469 2183 525 tudine
2198 469 2365 525 Moab
2380 470 2549 541 pauci
2562 472 3325 534 remanebuntvenientibus
3336 478 3627 536 hostibus.

220 585 250 613 ‹‹
289 560 641 634 progagines
668 559 798 631 ejus
821 558 1031 615 relictae
1053 564 1216 625 sunt,
1245 560 1605 616 transierunt
1634 576 1814 616 mare.
1840 580 1868 610 »

219 651 369 717 Quis
410 648 633 705 audivit
680 664 942 720 unquam
982 647 1121 704 huic
1158 648 1374 715 simile,
1407 653 1472 704 ut
1527 648 1876 722 propagines

219 740 529 795 vinearum
578 735 900 794 transirent
964 737 1165 793 mare?
1209 737 1562 811 Propagines
1617 737 1877 811 idtellige

221 828 506 902 fugitivos
551 825 704 882 filios
750 826 901 898 ejus,
936 826 1035 898 qui
1087 828 1449 883 transierunt
1509 845 1688 898 mare,
1733 828 1876 881 dum

221 918 585 973 ducerentur
616 915 677 970 in
708 915 1060 987 Babylonem
1091 914 1350 971 derelicti
1382 934 1417 971 a
1445 917 1583 971 Deo.
1622 941 1650 966 «ι
1694 917 1881 988 Super

220 1007 338 1064 hoc
369 1004 612 1080 plorabo
641 1003 703 1060 in
735 1004 876 1060 ﬂetu
907 1004 1076 1060 Jazer
1110 1004 1340 1061 vineam
1393 1006 1665 1062 Sabama.
1700 1027 1728 1054 ››
1758 1004 1882 1060 Vox

221 1095 525 1169 propheta:
556 1092 893 1165 plangentis
935 1092 1406 1166 magnitudinem
1454 1093 1742 1152 vastitatis
1790 1110 1882 1148 ur-

223 1186 397 1240 bium
426 1181 717 1239 nobilium
760 1181 1060 1254 quondam
1102 1181 1721 1254 Moabitarum.Super
1750 1183 1880 1249 hoc,

225 1272 455 1346 inquit,
468 1271 530 1327 id
559 1275 671 1339 est,
693 1286 873 1344 super
898 1270 1231 1326 vastitatem
1270 1271 1506 1327 urbium
1537 1271 1729 1342 Moab,
1759 1270 1883 1343 plo-

224 1365 472 1430 rabe,et
498 1360 562 1416 in
595 1360 733 1415 fletu
764 1360 953 1429 Jazer,
987 1358 1230 1432 plorabo
1281 1360 1459 1417 etiam
1504 1361 1736 1417 vineam
1782 1360 1884 1416 Sa-

227 1455 431 1510 bama.
463 1473 493 1500 ‹‹
525 1447 834 1506 Inebriabo
864 1452 921 1504 te
950 1447 1208 1521 lacryma
1239 1464 1387 1517 mea,
1407 1471 1436 1499 ››
1460 1466 1493 1505 o
1525 1473 1552 1500 ‹‹
1586 1450 1812 1506 Esebon
1830 1446 1889 1504 et

224 1540 446 1609 Eisele,
464 1558 496 1589 η
526 1537 586 1593 id
616 1542 729 1605 est,
749 1535 918 1593 valde
945 1536 1185 1608 plorabo
1214 1540 1290 1606 te,
1322 1536 1411 1595 vel
1436 1538 1576 1595 ﬁere
1600 1543 1655 1595 te
1676 1538 1888 1595 faciam

224 1632 399 1689 sicut
435 1644 543 1702 ego
582 1631 639 1683 te
686 1625 894 1695 deﬂeo,
928 1650 956 1677 ‹‹
984 1625 1265 1699 quoniam
1313 1643 1492 1699 super
1530 1628 1888 1684 vindemiam

226 1727 400 1777 tuam
428 1722 489 1774 et
516 1732 698 1789 super
744 1730 1000 1771 messem
1050 1719 1212 1772 tuam
1261 1732 1369 1772 vox
1416 1716 1772 1773 calcantium
1813 1716 1889 1771 ir-

228 1807 377 1865 ruit.
398 1827 429 1857 »
461 1802 791 1910 calatores
819 1801 879 1858 in
911 1802 1020 1858 hoc
1043 1800 1174 1904 loco
1203 1802 1613 1910 intelliguntur
1632 1802 1884 1859 Chaldaei
1913 1844 1962 1910 Β

227 1901 293 1953 et
317 1893 541 1968 Assyrii
568 1891 939 1967 praedatores,
957 1890 1058 1963 qui
1085 1890 1444 1948 vindemiam
1474 1896 1532 1948 et
1552 1906 1806 1949 messem
1828 1896 1886 1947 et

227 1984 437 2042 omnia
457 1984 615 2039 bona
645 1980 881 2038 illorum
909 1979 1021 2036 sibi
1051 1979 1438 2053 diripuerunt.

307 2098 336 2124 α
369 2074 441 2129 Et
458 2072 768 2128 auferetur
796 2068 995 2125 laetitia
1023 2073 1082 2125 et
1107 2069 1418 2126 exsultatio
1439 2070 1511 2126 de
1540 2070 1888 2139 Carmelo,et

228 2164 296 2219 in
323 2160 514 2219 vineis
541 2176 658 2217 non
690 2158 1006 2215 exsultabit
1035 2175 1224 2232 neque
1237 2160 1653 2231 jucundabit,»
1675 2161 1885 2215 subau-

230 2253 333 2309 dis
360 2248 727 2322 Moab,sicut
763 2249 924 2321 prior
961 2247 1366 2306 vindemiator.
1381 2248 1684 2305 Carmelus
1718 2266 1887 2304 mons

230 2346 330 2399 est
358 2339 758 2397 fertilissimus
788 2338 937 2394 inter
969 2337 1277 2394 Phoenicen
1309 2342 1367 2394 et
1395 2338 1761 2395 Palaestinam
1778 2338 1887 2394 im-

204 2430 467 2487 -minent
510 2426 879 2495 Ptolemaidi,
908 2426 967 2482 in
1017 2444 1134 2499 quo
1187 2426 1377 2483 Helias
1417 2428 1603 2484 oravit
1637 2428 1733 2500 (Ill
1763 2429 1885 2499 Reg.

230 2524 421 2589 ινιιι).
436 2518 506 2574 Et
534 2517 770 2590 ponitur
797 2533 949 2589 sape
978 2515 1038 2570 in
1067 2516 1371 2589 Scriptura
1399 2534 1566 2573 sacra
1594 2534 1700 2590 pro
1729 2516 1888 2572 omni

232 2606 558 2665 fertilitate.
570 2606 901 2672 Auferetur,
917 2604 1132 2677 inquit,
1145 2605 1338 2660 omnis
1354 2604 1554 2662 laetitia
1574 2606 1645 2662 de
1664 2605 1893 2661 Carme-

232 2698 320 2767 lo,
341 2697 402 2752 id
431 2699 540 2765 est,
563 2694 759 2751 omnis
789 2693 1062 2750 fertilitas
1093 2710 1271 2766 super
1320 2710 1497 2766 quam
1542 2693 1893 2749 laetabantur

235 2783 848 2854 Moabitas,auferetur
864 2782 941 2838 ab
970 2782 1075 2838 eis.
1100 2806 1129 2832 ‹‹
1155 2782 1371 2838 Vinum
1391 2782 1450 2837 in
1474 2781 1751 2838 torculari
1777 2799 1890 2837 non

234 2872 515 2943 ealeabit,
537 2895 567 2923 ››
587 2871 874 2929 subaudis
922 2870 1212 2939 Moabita;
1246 2894 1274 2920 (ι
1299 2886 1495 2927 vocem
1538 2870 1889 2926 calcantium

235 2961 531 3030 abstuli,»
542 2962 603 3017 id
623 2964 714 3018 est
740 2958 1024 3029 celeuma,
1038 2960 1192 3031 quod
1213 2963 1450 3016 cantare
1470 2964 1893 3016 consueverant

235 3056 505 3125 tempore
534 3050 861 3110 vindemias.

314 3164 345 3192 α
379 3140 570 3214 Super
596 3138 937 3196 bocventer
966 3154 1154 3195 meus.
1177 3160 1206 3188 ››
1236 3137 1358 3194 Vox
1381 3137 1675 3210 propheta:
1697 3136 1896 3194 dolen-

1982 560 2145 625 Quod
2176 577 2308 616 vero
2339 560 2483 616 dicit
2511 582 2538 610 ‹‹
2572 561 2631 616 in
2665 563 2854 619 tribus
2885 563 3058 619 annis
3103 566 3401 623 auferetur
3447 568 3635 641 gloria

1985 650 2212 718 Moab,»
2236 650 2545 723 dupliciter
2565 656 2756 723 potest
2776 652 3044 725 intelligi.
3062 654 3631 729 Diximussuperius,

1986 739 2123 811 quia
2157 739 2461 811 prophetia
2492 740 2605 795 ista
2634 746 2835 797 contra
2866 742 3191 798 Philistaaos
3219 748 3276 799 et
3324 745 3631 816 Moabitas,

1988 833 2216 883 mortuo
2237 829 2533 895 Achaz,ex
2564 848 2679 901 quo
2710 831 2992 903 prepheta
3015 830 3131 887 ista
3168 832 3316 888 dixit
3352 836 3525 905 coepit
3553 836 3638 890 di-

1988 917 2119 989 rigi.
2135 918 2204 972 Et
2225 922 2417 989 potest
2438 917 2851 991 intelligiquod
2877 920 3046 974 tertio
3058 938 3211 975 anno
3234 926 3363 993 post
3386 928 3634 979 mortem

1987 1005 2178 1061 Achaz
2217 1007 2289 1061 ab
2324 1006 2579 1079 Assyriis
2619 1008 2885 1063 Moabitze
2914 1008 3033 1064 sint
3052 1010 3283 1066 vastati.
3305 1012 3376 1066 Et
3395 1016 3484 1068 est
3503 1029 3636 1069 sen-

1990 1112 2093 1152 sus
2113 1111 2125 1149 :
2147 1094 2311 1149 Sicut
2332 1094 2729 1151 mercenarius
2743 1100 3039 1168 exspectat
3059 1098 3200 1153 solis
3219 1100 3639 1170 occubitum,et

1990 1184 2200 1239 diebus
2229 1200 2297 1239 ac
2328 1183 2602 1238 noctibus
2623 1185 2798 1239 ﬁnem
2818 1184 3011 1256 operis
3042 1186 3133 1241 sui
3154 1188 3543 1261 prmstolatur,
3576 1195 3641 1247 ut

1992 1275 2277 1327 statutam
2309 1272 2638 1327 mercedem
2671 1271 2954 1344 accipiat:
2986 1272 3071 1329 sic
3118 1278 3251 1345 post
3297 1279 3416 1333 tres
3455 1294 3641 1335 annos

1996 1361 2164 1417 Moab
2188 1361 2261 1417 ab
2280 1359 2534 1433 Assyriis
2570 1360 2880 1417 delebitur.
2897 1361 3094 1418 Potest
3113 1367 3171 1418 et
3199 1363 3271 1418 de
3294 1364 3644 1438 Babylonica

1992 1448 2330 1521 captivitate
2358 1448 2628 1521 intelligi,
2650 1451 2804 1522 quod
2848 1455 2982 1522 post
3018 1454 3250 1523 captam
3282 1452 3643 1511 Hierusalem

1997 1537 2168 1594 tertio
2199 1554 2353 1593 anno
2383 1555 2418 1594 a
2437 1534 2725 1593 Chaldaais
2740 1540 3027 1596 vastauda
3042 1540 3120 1598 sit
3150 1559 3164 1597 :
3196 1541 3286 1599 vel
3311 1544 3469 1614 quod
3494 1544 3649 1600 intra

1998 1631 2117 1683 tres
2145 1643 2331 1683 annos
2362 1625 2525 1682 nulla
2552 1626 2603 1681 ei
2634 1626 2838 1682 clausa
2861 1627 2939 1682 sit
2964 1628 3216 1700 requies.

2603 1715 2836 1771 CAPUT
2873 1716 3040 1774 XVII.

2075 1827 2103 1855 ‹‹
2134 1806 2294 1862 Onus
2325 1804 2615 1860 Damasci.
2648 1826 2679 1857 ››
2713 1805 3037 1861 Damascus
3067 1806 3272 1863 civitas
3312 1808 3425 1864 fuit
3453 1826 3645 1881 quon-

1993 1895 2130 1949 dam
2180 1893 2518 1966 metropolis
2564 1892 2743 1965 Syriw
2790 1889 3121 1965 provinciai,
3149 1897 3645 1967 quamxcondidit

1993 1982 2212 2039 Eliezer
2231 2000 2435 2038 servus
2457 1981 2722 2038 Abrahae.
2737 1981 2920 2053 Cujus
2942 2000 3041 2038 rex
3062 1983 3262 2053 Rasin,
3287 1985 3428 2057 quia
3446 1987 3646 2042 decem

1994 2072 2270 2128 tribubus
2281 2087 2514 2143 semper
2528 2071 2822 2143 praebebat
2832 2070 3116 2129 auxilium
3136 2073 3211 2128 ad
3233 2073 3647 2131 debellandum

1993 2161 2231 2228 Judam,
2260 2160 2475 2215 idcirco
2524 2159 2776 2231 Spiritus
2820 2163 3061 2217 sanctus
3109 2177 3213 2232 per
3244 2161 3474 2219 'lsaiam
3515 2179 3647 2235 pro-

1998 2250 2234 2323 phetam
2268 2250 2526 2304 minatur
2554 2248 2605 2303 ei
2635 2247 3032 2321 captivitatem
3072 2249 3651 2323 deuructioneinque

1998 2340 2091 2395 sui
2149 2340 2254 2393 Per
2274 2338 2626 2394 Damascum
2648 2353 2754 2409 ego
2775 2337 3070 2392 civitatem
3096 2338 3344 2411 regiam,
3365 2340 3652 2396 debemus

2000 2428 2324 2500 inteiligere
2352 2443 2588 2483 omnem
2619 2426 2981 2498 provinciam
3012 2426 3210 2499 Syriae,
3229 2444 3357 2499 quae
3381 2427 3655 2485 similiter

1996 2521 2224 2573 vastata
2251 2520 2361 2571 est.
2383 2516 2805 2587 Interpretatur
2824 2520 3019 2571 autem
3050 2514 3378 2573 Damascus
3411 2516 3651 2590 sangui-

2000 2624 2135 2662 nem
2169 2607 2443 2670 fundens,
2463 2605 2583 2659 sive
2603 2603 2848 2677 sanguis
2867 2603 3061 2659 cilicii.
3088 2606 3386 2670 Quantum
3409 2606 3481 2661 ad
3510 2605 3653 2661 litte-

2001 2712 2126 2751 ram
2149 2693 2418 2766 pertinet,
2432 2692 2782 2763 sanguinem
2803 2691 3052 2748 fundens
3072 2697 3226 2748 recte
3248 2696 3441 2765 potest
3461 2693 3655 2766 appel-

1998 2784 2128 2854 lari,
2148 2782 2288 2854 quia
2317 2782 2397 2837 ibi
2428 2780 2671 2853 sanguis
2689 2779 2828 2836 Abel
2849 2780 3018 2837 fusus
3048 2784 3186 2836 esta
3209 2781 3350 2837 Cain
3381 2781 3648 2852 (Genuv).

2000 2876 2296 2940 Quantum
2316 2887 2451 2927 vero
2471 2870 2546 2925 ad
2575 2869 2720 2925 istos
2740 2868 3010 2941 pertinet,
3024 2869 3372 2942 sanguinem
3398 2869 3651 2926 fundens

2000 2965 2121 3019 sive
2151 2961 2394 3034 sanguis
2435 2958 2611 3015 cilicii
2659 2958 3080 3032 interpretatur
3111 2976 3125 3015 :
3156 2961 3300 3032 quia
3344 2960 3651 3017 homicidae

2000 3056 2167 3109 erant
2196 3049 2565 3121 multumque
2597 3047 2947 3121 sanguinem
2999 3048 3335 3119 fundentes,
3366 3049 3649 3123 pmniten-

1998 3144 2143 3199 tiam
2174 3141 2498 3198 debuerant
2522 3154 2693 3211 agere
2725 3154 2739 3194 :
2770 3139 2927 3210 quod
2959 3138 3227 3210 signatur
3246 3155 3349 3211 per
3369 3138 3649 3195 cilicium.

240 3230 325 3288 tis
352 3213 535 3303 super
554 3226 973 3285 contritionem
1001 3227 1189 3283 Moab.
1216 3227 1404 3299 Super
1431 3226 1563 3294 hoc,
1587 3226 1797 3298 inquit,
1830 3227 1891 3282 id
1921 3213 1965 3279 (ἶ
2003 3234 2115 3289 Sed
2147 3230 2427 3304 quoniam
2457 3227 2569 3283 hoc
2598 3243 2717 3283 non
2747 3226 3027 3295 fecerunt,
3060 3226 3122 3282 in
3151 3227 3548 3300 captivitatem
3597 3231 3653 3284 et

240 3323 617 3392 est,propter
663 3315 1122 3375 destructionem
1170 3316 1361 3386 Moab,
1396 3340 1422 3366 «
1457 3316 1612 3373 sicut
1657 3316 1897 3389 cythara

242 3412 495 3479 sariat,»
526 3406 612 3464 sic
640 3406 875 3464 sonabit
913 3422 1123 3464 sensus
1169 3410 1227 3463 et
1264 3404 1595 3463 intellectus
1624 3422 1791 3463 meus
1822 3407 1895 3463 ad

243 3497 420 3554 Moab
458 3494 808 3569 plangendo,
840 3516 868 3546 ‹‹
897 3500 956 3552 et
976 3494 1203 3553 viscera
1230 3511 1360 3551 mea
1394 3517 1422 3545 υ
1453 3494 1574 3552 sive
1619 3494 1897 3552 interiora

238 3585 445 3644 cordis
472 3585 612 3656 mei,
640 3608 672 3636 «
705 3584 778 3643 ad
828 3601 1066 3642 murum
1100 3608 1129 3635 ››
1156 3586 1355 3642 Arnen
1403 3585 1655 3642 civitatis
1685 3608 1714 3636 «
1746 3586 1894 3642 cocti

238 3673 511 3747 lateris,»
542 3673 604 3731 id
631 3678 742 3742 est,
773 3678 1009 3747 propter
1037 3690 1275 3731 murum
1297 3674 1803 3747 destructum,qui
1825 3676 1897 3731 de

236 3764 429 3822 castis
457 3763 741 3825 lateribus
770 3764 1095 3821 aediﬁcatus
1126 3763 1256 3820 fuit.

312 3877 342 3904 τι
377 3854 452 3910 Et
495 3852 627 3921 erit,
665 3870 802 3910 cum
851 3853 1126 3927 apparuit
1170 3853 1327 3925 quod
1384 3850 1668 3909 laboravit
1725 3852 1896 3908 Moab

234 3958 425 4016 super
446 3941 692 4000 excelsis
715 3943 862 4014 suis,
897 3965 927 3993 ››
957 3943 1015 3997 id
1047 3942 1108 3998 in
1140 3941 1442 3999 montibus
1462 3945 1523 3997 et
1550 3941 1741 4011 tectis,
1763 3966 1791 3992 ‹‹
1814 3941 1897 3996 in-

237 4033 549 4107 gredietur
572 4033 647 4088 ad
677 4036 884 4089 sancta
905 4049 1033 4101 sua,
1053 4055 1080 4082 ››
1113 4031 1173 4088 id
1201 4035 1292 4088 est
1322 4030 1395 4088 ad
1426 4028 1601 4099 idola,
1635 4047 1764 4103 quis
1795 4047 1897 4104 pu-

239 4122 411 4181 tabat
454 4137 588 4179 eme
634 4125 859 4191 sancta,
891 4145 921 4172 «
955 4124 1021 4177 ut
1065 4121 1350 4192 obsecret,
1381 4123 1440 4176 et
1469 4118 1586 4175 no‘b
1623 4119 1894 4176 valebit»

239 4210 536 4271 subaudis
582 4210 645 4268 in
693 4210 778 4268 eis
824 4209 1085 4268 invenire
1114 4208 1420 4266 auxilium.
1453 4207 1707 4265 Maxima
1736 4208 1895 4265 enim

236 4299 620 4370 niseriaest,
640 4315 746 4359 nec
784 4300 846 4356 in
893 4299 987 4357 his
1037 4315 1186 4372 quos
1223 4313 1456 4370 semper
1481 4301 1756 4354 venerata
1784 4301 1893 4367 est,

237 4389 467 4446 habere
490 4387 1312 4447 subsidium.Advenientibus
1330 4386 1623 4459 siquidem
1643 4386 1895 4461 Assyriis

241 4485 425 4552 atque
450 4478 759 4549 Chaldaeis,
792 4478 1056 4538 ascendit
1103 4478 1274 4535 Moab
1322 4478 1397 4534 ad
1448 4475 1603 4532 idola
1629 4493 1739 4532 sua
1768 4493 1895 4549 qua:

2003 3318 2491 3395 deprmdationem
2522 3315 2940 3388 migraverunt.
2977 3336 3005 3366 ιι
3036 3316 3183 3372 Ecce
3210 3316 3533 3373 Damascus
3562 3317 3657 3372 de.

2004 3411 2159 3467 sinet
2187 3424 2317 3465 esse
2348 3406 2574 3471 civitas,
2601 3426 2630 3453 »
2651 3403 2937 3460 subaudis
2957 3402 3387 3476 potentissima,
3423 3426 3450 3456 ‹‹
3473 3407 3532 3461 et
3546 3404 3658 3461 erit

2004 3500 2158 3557 sicut
2184 3512 2426 3553 acervus
2474 3492 2740 3567 lapidum
2790 3492 2851 3549 in
2900 3492 3091 3549 ruina.
3125 3514 3154 3543 »ι
3188 3493 3301 3550 Sed
3340 3497 3654 3566 postquam

2004 3604 2206 3645 eversa
2235 3585 2414 3641 fuerit
2441 3584 2514 3639 ab
2540 3580 2818 3654 Assyriis.

2077 3702 2105 3730 ‹‹
2137 3676 2455 3741 Derelictm,
2482 3698 2509 3725 ››
2540 3673 2827 3730 subaudis
2840 3673 2922 3728 ab
2951 3671 3316 3737 hominibus,
3342 3669 3655 3727 «civitates

2003 3770 2182 3823 Aroer
2223 3764 2537 3837 gregibunt
2565 3766 2756 3828 erunt,
2786 3784 2815 3811 ››
2853 3760 3140 3816 subaudis
3173 3758 3235 3814 in
3282 3775 3523 3831 pascua,
3545 3782 3573 3808 «
3598 3763 3656 3815 et

2004 3854 2371 3926 requiescent
2397 3850 2502 3916 ibi,
2536 3872 2564 3900 »
2593 3851 2654 3905 in
2704 3848 2851 3921 ipsis
2893 3847 3119 3904 scilicet
3166 3847 3402 3919 pascuis
3449 3863 3655 3920 greges

2003 3941 2198 3999 ovium
2226 3958 2240 3996 :
2270 3963 2297 3991 ‹‹
2331 3943 2522 3995 etnon
2555 3938 2666 3993 erit
2684 3937 2785 4009 qui
2815 3940 3157 3992 exterreat.»
3179 3936 3248 3992 Et
3277 3940 3367 3991 est
3395 3953 3606 3992 sensus
3637 3952 3651 3991 :

2004 4034 2193 4088 Tanta
2221 4029 2332 4084 erit
2359 4028 2438 4084 ibi
2461 4026 2738 4093 solitudo,
2770 4030 2837 4082 ut
2865 4042 2972 4081 nec
3001 4024 3312 4082 insidiator
3354 4024 3654 4081 timendus

2003 4120 2102 4187 sit,
2135 4120 2236 4176 sed
2268 4119 2396 4174 sine
2426 4116 2635 4172 timore
2665 4119 2983 4187 pascentur
3010 4114 3112 4171 ibi.
3145 4116 3326 4171 Aroer
3356 4114 3514 4187 regio
3564 4118 3655 4170 est

2005 4207 2311 4283 provincia:
2342 4205 2540 4280 Syriis,
2569 4203 2796 4261 habens
2827 4202 3115 4276 plurimas
3152 4203 3438 4260 civitates.
3472 4203 3656 4259 Inter-

2004 4301 2270 4372 pretatur
2298 4299 2495 4351 autem
2515 4295 2695 4349 Aroer
2724 4292 2948 4366 myrica
2975 4295 3087 4363 est,
3100 4308 3232 4365 qua:
3252 4296 3346 4348 est
3374 4291 3549 4348 arbor
3577 4291 3659 4346 in-

2004 4390 2327 4451 fructuosa,
2351 4388 2408 4441 et
2436 4382 2701 4440 nascitur
2728 4382 2790 4437 in
2821 4380 3069 4439 desertis
3098 4380 3245 4439 locis
3264 4385 3447 4452 atque
3467 4380 3657 4437 salsu-

2004 4474 2345 4551 ginosis.Ac
2374 4472 2424 4529 si
2457 4472 2710 4528 diceret:
2735 4470 2899 4526 Sicut
2935 4468 3324 4541 myrica,-quze
3364 4471 3455 4523 est
3484 4468 3659 4523 arbor

237 4573 421 4625 antea
446 4568 854 4636 venerabatur,
885 4574 945 4625 et
973 4583 1224 4641 quorum
1248 4565 1604 4639 protectione
1625 4566 1897 4637 sperabat
1926 4584 1973 4649 ι)
2003 4565 2392 4629 infructuosa,
2412 4561 2674 4649 nascitur
2693 4558 2752 4649 in
2764 4556 3084 4649 solitudine
3110 4574 3123 4611 :
3149 4557 3230 4612 ita
3248 4556 3307 4610 in
3339 4554 3656 4611 solitudine

238 4674 306 4715 se
334 4658 647 4715 defendere
676 4658 750 4715 ab
780 4657 1053 4714 hostibus
1084 4675 1099 4713 :
1133 4658 1235 4713 sed
1267 4673 1383 4712 non
1413 4654 1632 4727 profuit
1660 4653 1734 4721 ei,
1757 4654 1895 4726 quia
1926 4646 1962 4649 ⁷
2003 4661 2062 4712 et
2088 4654 2215 4711 sine
2247 4654 2438 4707 fructu
2469 4646 2721 4704 universi
2756 4646 2905 4717 Syri.

212 4746 613 4804 ,insensibilia
637 4750 827 4817 erant,
861 4748 1025 4803 Tunc
1056 4745 1215 4802 enim
1246 4744 1519 4818 apparuit
1546 4744 1686 4815 quia
1729 4744 1892 4800 vani-

238 4842 429 4894 tatem
456 4836 702 4895 colebat.

313 4949 345 4979 α
377 4928 497 4984 Hoc
540 4927 784 4984 verbum
843 4926 1002 4998 quod
1064 4924 1299 4981 locutus
1343 4928 1434 4980 est
1478 4922 1763 4980 Dominus
1818 4924 1891 4980 ad

240 5016 437 5086 Moab,
473 5038 502 5066 ››
532 5016 591 5071 id
620 5020 711 5074 est
739 5021 942 5073 contra
973 5016 1163 5082 Moab,
1189 5036 1216 5064 «
1250 5030 1321 5070 ex
1347 5017 1488 5070 tunc
1522 5035 1549 5061 ››
1581 5013 1889 5082 subaudis,

234 5123 311 5163 ex
339 5124 460 5179 quo
488 5110 723 5162 creatus
748 5110 839 5163 est
858 5105 1134 5162 Moab.Et
1163 5104 1451 5160 Dominus
1481 5102 1598 5158 ait:
1626 5102 1891 5159 Moabitae

241 5201 303 5252 et
320 5196 672 5252 Ammanitae
695 5213 808 5252 non
826 5195 1129 5253 intrabunt
1148 5196 1208 5249 in
1230 5193 1547 5249 Ecclesium
1571 5190 1892 5249 meam.Vel

240 5301 315 5340 ex
327 5285 557 5353 tune,id
578 5291 765 5353 est,ex
783 5286 1026 5358 antiquo
1048 5290 1308 5356 tempore
1330 5300 1398 5339 ex
1419 5300 1536 5355 quo
1558 5282 1616 5337 in
1640 5299 1892 5355 praesen-

244 5374 329 5430 tia
345 5391 458 5429 sua
476 5375 592 5430 ista
611 5375 946 5447 destinavit,
960 5379 1019 5431 et
1050 5391 1204 5430 nunc
1226 5374 1458 5430 locutus
1478 5377 1570 5429 est
1588 5372 1893 5440 Dominus,

242 5464 448 5521 dicens
478 5481 493 5520 :
529 5488 557 5514 «ι
585 5464 651 5520 In
680 5464 871 5522 tribus
901 5464 1073 5521 annis
1101 5464 1271 5536 quasi
1303 5462 1443 5519 anni
1472 5462 1838 5528 mercenarii,
1863 5484 1891 5513 »

240 5557 298 5609 et
325 5558 558 5611 caetera.
578 5554 801 5611 Sensus
831 5553 1174 5627 hujusmodi
1206 5558 1296 5609 est
1328 5570 1341 5608 :
1376 5552 1532 5609 sicut
1552 5551 1895 5624 paucissimi

242 5649 551 5711 remanent
583 5643 799 5702 racemi
832 5648 965 5718 post
990 5642 1462 5717 vindemiatores,
1495 5642 1577 5709 ita
1606 5658 1675 5701 ex
1704 5641 1899 5701 multi-

2075 4768 2103 4793 ‹‹
2132 4745 2200 4798 Et
2216 4738 2468 4797 cessabit
2489 4737 2561 4792 ad
2560 4734 2907 4807 jutorium,»
2926 4732 3211 4789 subaudis
3234 4732 3503 4789 Damasci
3527 4755 3553 4783 ‹‹
3582 4732 3654 4789 ab

2004 4830 2302 4906 prraim,
2334 4832 2392 4883 et
2416 4841 2665 4897 regnum
2695 4841 2731 4879 a
2760 4824 3064 4891 Damasco,
3089 4844 3117 4872 ››
3149 4822 3456 4887 subaudis,
3471 4839 3657 4878 cessa-

2002 4924 2089 4978 bit
2118 4939 2132 4977 :
2164 4919 2302 4992 quia
2331 4916 2487 4972 ultra
2517 4931 2632 4969 non
2664 4913 2933 4986 regnabit
2981 4916 3046 4968 ut
3094 4912 3278 4984 prius.
3311 4933 3339 4961 ‹‹
3374 4912 3443 4965 Et
3483 4913 3657 4965 erunt

2003 5008 2260 5082 reliquias
2293 5004 2469 5079 Syria:
2492 5002 2645 5059 sicut
2673 5001 2860 5076 gloria
2889 5001 3143 5058 ﬁliorum
3174 4998 3528 5066 lsrael,dicit
3550 4998 3657 5054 Dc~

2002 5100 2221 5158 minus.
2256 5119 2283 5147 ››
2316 5093 2510 5151 Gloria
2538 5091 2633 5148 hic
2660 5091 2877 5148 ironice
2907 5108 3010 5163 pro
3042 5087 3364 5162 ignominia
3394 5086 3653 5159 ponitur,

2002 5192 2112 5247 hoc
2157 5192 2266 5253 est,
2296 5184 2530 5259 qualem
2582 5180 2827 5253 gloriam
2876 5178 3116 5234 habebit
3177 5175 3373 5243 Israel,
3403 5176 3543 5230 dum
3593 5175 3653 5231 in

2003 5278 2398 5352 captivitatem
2417 5273 2683 5336 ducetur,
2700 5267 2836 5340 quia
2856 5283 2970 5322 non
2992 5266 3052 5320 in
3074 5265 3189 5320 Deo
3210 5264 3309 5320 sed
3337 5264 3395 5318 in
3417 5262 3653 5321 homine

2006 5368 2202 5443 posuit
2229 5380 2392 5435 spem
2427 5375 2595 5415 suam
2627 5356 2842 5411 :talem
2876 5354 3177 5409 habebunt
3196 5352 3412 5443 etSyri
3443 5352 3543 5425 qui
3566 5353 3653 5409 eis

2006 5442 2429 5533 promittebant
2458 5446 2762 5510 auxilium,
2777 5447 2842 5498 ut
2860 5446 3210 5533 separarent
3237 5442 3369 5499 illos
3388 5459 3423 5498 a
3445 5442 3654 5533 timore

2006 5531 2129 5614 Dei,
2162 5539 2316 5615 quod
2348 5540 2405 5593 et
2433 5536 2713 5592 fecerunt.
2741 5532 2928 5590 Ambo
2957 5532 3115 5589 enim
3146 5532 3206 5590 in
3255 5531 3651 5608 captivitatem

2006 5633 2167 5695 ducti
2196 5630 2336 5690 sunt
2365 5629 2423 5687 et
2452 5622 2537 5683 illi
2568 5626 2626 5684 et
2656 5620 2777 5684 isti.
