4048 6190
272 281 395 345 805

1401 295 1808 360 COMMENT.
1856 292 1935 360 IN
1980 300 2272 362 ISAIAM.
2330 307 2475 368 LIB.
2524 309 2602 370 II.

3562 327 3680 394 806

271 421 464 474 trema
511 424 676 492 parte
707 423 894 478 noctis
919 441 932 478 :
957 447 984 473 «
1009 440 1140 480 ecce
1189 427 1442 482 turbatio
1476 451 1504 476 »
1535 446 1712 502 super
1763 429 1922 486 illam
1953 431 2008 499 Α
2039 438 2126 488 est
2157 437 2346 491 nuntii
2379 442 2560 496 nostri
2588 464 2616 493 «
2639 443 2862 502 veloces
2888 450 2956 504 ad
2991 457 3222 523 gentem
3253 457 3424 514 Israel
3445 465 3680 519 convul-

269 506 714 565 multitudinem
744 511 953 584 angelo
986 513 1214 569 Domini
1249 515 1566 587 przeliaute.
1592 543 1617 568 ‹‹
1645 519 1708 574 In
1739 524 1925 575 matu-

267 595 394 652 tino
420 621 448 647 »
471 598 744 654 similiter
774 601 1027 658 turbatio
1052 627 1078 653 ‹‹
1109 609 1166 658 et
1195 621 1309 658 non
1339 607 1620 663 subsistet
1654 630 1675 658 η
1711 611 1924 664 exerci-

270 691 372 742 tus
401 686 583 742 illius.
614 712 640 737 ‹‹
677 689 807 745 Haec
837 695 928 746 est
970 711 1103 764 pars
1135 692 1370 750 illorum
1421 696 1520 768 qui
1550 702 1926 754 vastaverunt

266 793 402 840 nos,
434 781 491 832 et
521 794 656 850 pars
701 779 1102 850 diripientium
1145 800 1271 837 nos.
1302 807 1328 831 »
1353 785 1636 856 Propheta
1666 787 1925 859 loquitur

266 883 340 920 ex
370 883 620 939 persona
646 868 844 941 pepuli
883 869 1076 939 Israel,
1101 876 1159 926 et
1183 873 1383 944 jungit
1411 892 1473 928 se
1496 873 1631 930 illis.
1659 879 1792 942 Quae
1818 878 1924 932 fuit

268 973 410 1029 ergo
467 973 605 1031 pars
662 958 1036 1032 Assyriorum
1093 961 1193 1032 qui
1257 967 1632 1019 vastaverunt
1686 981 1920 1021 omnem

266 1044 472 1113 Israel,
505 1051 564 1102 et
592 1049 690 1120 qui
725 1049 880 1104 bona
911 1049 1144 1105 illorum
1178 1051 1290 1106 sibi
1323 1051 1728 1123 diripuerunt?
1760 1055 1830 1110 Ut
1862 1057 1919 1110 in

265 1134 566 1206 pulverem
619 1137 1020 1208 redigerentur
1065 1143 1238 1211 atque
1289 1140 1920 1216 favillam,eousumpti

265 1225 344 1279 ab
374 1225 508 1297 igne
539 1225 852 1298 spirituali.

863 1317 1096 1374 CAPUT
1133 1319 1329 1374 XVIII.

345 1429 368 1453 (ι
395 1404 488 1458 Vae
511 1409 676 1460 terra:
697 1406 963 1479 cymbalo
985 1406 1231 1476 alarum,
1248 1427 1376 1481 quze
1403 1416 1492 1466 est
1516 1417 1678 1468 trans
1701 1413 1916 1470 flumen

264 1493 627 1566 Ethiopian.»
653 1495 1019 1552 Convertitur
1034 1514 1206 1553 verus
1235 1515 1426 1555 sermo
1449 1503 1824 1574 propheticus
1845 1505 1916 1560 ad

262 1582 602 1655 Egyptum,
637 1587 695 1640 et
732 1585 985 1658 appellat
1031 1586 1189 1642 illam
1221 1589 1555 1660 cymbalum
1587 1590 1812 1647 alarum
1844 1593 1916 1648 ob

261 1665 676 1744 hujuscemodi
707 1689 936 1730 causas.
961 1675 1130 1732 Nilus
1153 1693 1403 1749 magnus
1427 1677 1657 1747 fluvius,
1679 1681 1803 1754 ipse
1830 1687 1918 1738 est

260 1758 413 1870 .Gion
433 1761 672 1870 veniens
703 1779 807 1836 per
825 1763 1254 1870 Ethiopiam‘et
1284 1783 1526 1870 currens
1558 1786 1660 1842 per
1692 1771 1915 1870 -
1944 1803 1994 1870 Β

256 1852 414 1905 tum.
439 1847 545 1917 Qui
577 1856 894 1924 antequam
926 1854 1283 1911 divideretur
1313 1856 1370 1910 in
1405 1861 1627 1929 septem
1660 1857 1811 1915 rivos
1841 1861 1915 1916 ab

255 1938 587 1996 Alexandro
637 1955 1128 2015 magno,nccnon
1175 1949 1234 2000 et
1284 1949 1488 2018 postea
1517 1963 1651 2004 cum
1702 1966 1914 2024 magno

256 2029 461 2084 sonitu
492 2029 728 2099 ﬂuebat,
752 2037 952 2105 utpote
982 2050 1084 2108 per
1108 2039 1385 2091 montana
1405 2037 1764 2096 descendens
1790 2058 1803 2095 :
1827 2057 1917 2097 ve-

257 2113 372 2173 luti
403 2117 551 2174 solet
577 2119 807 2177 sonitus
838 2121 1158 2179 multarum
1186 2125 1515 2197 garrituum
1547 2144 1673 2184 esse
1694 2130 1910 2187 avium.

256 2205 334 2262 Et
364 2207 493 2264 ideo
522 2208 927 2281 hujuscemodi
952 2213 1269 2269 multitudo
1291 2214 1490 2287 populi
1514 2215 1738 2274 alarum
1762 2237 1914 2275 eom-

255 2301 507 2368 paratur
552 2298 769 2354 sonitui
805 2317 818 2355 :
850 2300 1013 2356 velox
1042 2302 1258 2375 quippe
1286 2303 1666 2378 concitusque
1717 2309 1910 2363 avium

253 2384 512 2458 volatus,
537 2387 786 2461 cymbali
813 2391 1072 2446 sonitum
1106 2393 1316 2448 reddit.
1341 2393 1534 2451 Potest
1561 2396 1737 2451 etiam
1769 2398 1910 2454 sim-

254 2474 493 2547 pliciter
526 2475 608 2533 ita
657 2477 901 2551 intelligi
944 2497 957 2535 :
1002 2480 1140 2552 quia
1197 2481 1320 2553 ipse
1365 2483 1578 2539 fluvius
1627 2484 1910 2542 citissime

252 2581 526 2630 currens,
549 2567 808 2622 sonitum
841 2567 1067 2624 alarum
1097 2568 1154 2623 in
1181 2571 1422 2626 modum
1444 2572 1692 2645 cymbali
1711 2574 1906 2632 habet.

250 2644 606 2726 Cymbalum
638 2651 863 2711 alarum
896 2657 1112 2712 dicitur
1139 2662 1372 2732 propter
1402 2644 1764 2717 velocitatem
1797 2664 1911 2718 fru-

249 2756 395 2814 gum
431 2742 573 2798 inibi
627 2744 1018 2813 nascentium,
1044 2745 1182 2818 quia
1230 2747 1384 2803 sicut
1431 2749 1556 2805 avis
1585 2751 1700 2805 cito
1730 2751 1905 2822 volat,

249 2833 338 2886 ita
369 2831 466 2886 ille
497 2832 711 2889 fluvius
739 2835 1173 2906 comparatione
1195 2835 1442 2892 aliarum
1473 2841 1760 2894 terrarum
1793 2840 1907 2896 cito

247 2920 452 2993 fruges
501 2926 761 2995 generat,
812 2921 930 2978 Deo
987 2925 1068 2981 ita
1125 2925 1489 2999 disponente.
1523 2926 1798 2984 Dicamus
1851 2935 1908 2986 et

246 3013 464 3084 quarto
513 3012 709 3080 modo,
743 3012 1134 3086 intelligentes
1164 3032 1268 3087 per
1295 3015 1628 3089 cymbalum
1677 3018 1904 3075 alarum

247 3097 540 3156 auxilium
572 3104 631 3156 et
660 3101 1099 3174 protectionem,
1125 3119 1302 3176 quam
1354 3104 1436 3159 illi
1487 3106 1906 3178 promittebant

248 3189 489 3246 duabus
519 3167 814 3247 tribubus.
846 3192 1009 3258 Quod
1051 3167 1160 3266 per
1190 3192 1313 3249 alas
1352 3167 1634 3250 auxilium
1677 3199 1734 3252 et
1770 3213 1903 3269 pro-
1935 3167 1988 3241 (τ’

245 3279 571 3334 tectionem
594 3277 917 3353 intelligere
932 3281 1273 3351 debeamus,
1298 3282 1609 3341 Psalmista
1627 3287 1906 3357 ostendit,

249 3367 458 3424 dicens
478 3368 551 3424 ad
584 3367 769 3425 Deum
793 3387 843 3425 τι(
869 3370 990 3426 Sub
1023 3371 1233 3427 umbra
1260 3370 1487 3428 alarum
1517 3377 1751 3431 tuarum
1776 3394 1907 3449 pro-

248 3462 383 3539 tege
415 3473 511 3513 me
541 3457 712 3528 (Psal.
734 3458 874 3528 xvr).
900 3481 928 3508 ››
957 3458 1176 3516 Idcirco
1206 3475 1343 3533 ergo
1375 3462 1636 3519 minatur
1661 3465 1906 3539 Egypto

247 3534 541 3604 Dominus
579 3546 755 3619 mala,
779 3545 920 3620 quia
946 3547 1100 3605 sicut
1146 3548 1311 3623 Syria
1360 3551 1558 3607 decem
1609 3553 1904 3624 tribubus,

246 3634 333 3688 ita
361 3632 462 3688 isti
486 3651 595 3690 sua
613 3635 826 3692 virtute
847 3636 1072 3704 confisi,
1098 3637 1491 3709 promittendo
1523 3639 1652 3697 istis
1681 3647 1903 3712 protec-

243 3721 492 3790 tionem,
515 3721 780 3780 tulerunt
809 3725 880 3780 ab
926 3725 1010 3780 eis
1059 3725 1328 3782 timorem
1379 3727 1632 3784 Domini.
1664 3731 1760 3786 νω
1791 3733 1902 3802 (in-

242 3810 396 3882 quit)
421 3815 587 3866 terra;
618 3813 867 3884 Egypti,
891 3813 1029 3885 quia
1060 3814 1117 3869 in
1152 3815 1362 3872 umbra
1401 3816 1626 3872 alarum
1659 3836 1900 3876 suarum

241 3895 540 3971 promittit
571 3899 853 3955 auxilium
904 3901 1134 3957 duabus
1177 3903 1470 3971 tribubus,
1495 3906 1645 3962 sicut
1690 3908 1899 3965 Dama-

240 4005 381 4044 scus
414 3987 655 4045 decem:
682 3989 821 4062 quia
850 3994 1002 4046 terra
1042 3991 1268 4065 Egypti
1326 3998 1415 4049 est
1469 3999 1634 4051 trans
1681 3997 1899 4054 flumen

238 4075 570 4150 Ethiopim,
602 4078 673 4134 ad
704 4083 795 4136 est
837 4083 1002 4136 trans
1052 4080 1206 4136 rivos
1237 4081 1348 4136 Nili
1383 4083 1644 4140 fluminis
1677 4087 1778 4158 qui
1829 4088 1899 4144 de

238 4165 538 4237 Ethiopia
568 4165 716 4222 fluit.
751 4167 913 4234 Quod
949 4172 1144 4224 autem
1175 4170 1442 4242 sequitur
1469 4189 1483 4226 :

312 4277 341 4306 ι(
375 4254 486 4320 Qui
528 4255 712 4312 mittit
757 4256 816 4312 in
877 4257 1025 4312 mari
1079 4257 1332 4331 legatos;
1362 4283 1388 4309 ››
1421 4261 1560 4332 quia
1617 4263 1898 4337 Egyptus

236 4343 395 4416 apud
431 4345 850 4425 grammaticps
881 4346 1162 4404 feminino
1205 4363 1414 4421 genere
1447 4356 1679 4424 semper
1708 4356 1896 4425 profe-

236 4437 422 4499 ratur,
447 4436 641 4506 potest
668 4432 749 4491 ita
780 4417 1010 4504 i‘esolvi,
1034 4435 1172 4508 quia
1192 4417 1494 4510 Egyptius
1525 4417 1777 4513 populus
1807 4444 1896 4500 vel

2036 537 2216 591 sam,»
2246 525 2352 581 hoc
2383 533 2473 584 est
2503 538 2831 602 separatam
2865 554 2899 592 a
2929 538 3068 608 Deo,
3092 545 3149 596 et
3176 561 3210 598 a
3239 549 3393 603 terra
3423 567 3533 606 sua
3553 554 3680 624 jam

2034 626 2101 665 ex
2133 614 2386 671 maxima
2414 623 2596 690 parte,
2619 626 2677 675 et
2705 623 3080 682 dilaceratam
3113 614 3684 706 impugnationc'As-

2034 701 2375 791 syriorum,«
2403 707 2473 760 ad
2507 710 2786 780 populum
2811 717 3107 784 quondam
3136 701 3514 791 terribilem,»
3537 731 3679 786 dum

2034 787 2215 880 Deum
2241 790 2495 849 habebat
2515 801 2956 868 protectorem.«
2984 803 3116 861 Post
3136 826 3366 880 quem,»
3396 787 3681 875 subaudis

2033 879 2370 948 populum,«
2395 900 2508 938 non
2531 891 2620 940 est
2649 887 2799 943 alius
2827 914 2852 937 »
2874 892 2955 947 ita
2986 879 3282 965 terribilis,
3301 901 3358 956 id
3381 907 3488 971 est,
3507 907 3680 977 cujus

2032 969 2304 1036 potentia!
2323 971 2520 1028 nullus
2539 981 2970 1049 comparandus
2985 988 3125 1052 est,“
3143 987 3211 1042 ad
3235 969 3682 1068 gentemexsvpe-

2031 1058 2285 1123 cantem,
2311 1078 2338 1106 »
2366 1059 2652 1118 subaudis
2681 1065 2780 1118 Dei
2813 1068 3097 1127 auxilium
3127 1074 3212 1129 vel
3242 1058 3534 1148 nostrum,
3559 1058 3607 1133 u-
3620 1087 3680 1140 et

2031 1143 2430 1203 conculcatam
2470 1171 2495 1198 ››
2527 1168 2562 1206 a
2591 1152 2836 1210 diversis
2871 1159 3164 1229 gentibus,
3190 1186 3219 1212 ιι
3250 1167 3421 1234 cuius
3463 1143 3676 1228 terram

2033 1231 2296 1302 flumina,
2325 1258 2352 1284 ››
2385 1237 2440 1291 id
2473 1243 2563 1294 est
2603 1241 2814 1298 diversi
2857 1263 3021 1318 reges
3051 1255 3109 1304 et
3138 1253 3452 1328 principes,
3476 1281 3503 1309 «
3538 1261 3680 1316 diri-

2030 1328 2343 1392 puerunt,»
2367 1327 2485 1416 sive
2511 1330 2768 1401 populati
2793 1331 3245 1412 sunt.Quodque
3267 1327 3534 1416 sequitur
3554 1372 3580 1398 ‹‹
3606 1351 3677 1406 ad

2030 1415 2287 1466 montem
2314 1415 2568 1471 nominis
2587 1419 2814 1476 Domini
2834 1425 3255 1501 exercituum,»
3267 1415 3524 1491 montem
3543 1438 3680 1495 Sion

2029 1497 2339 1600 dupliciter
2365 1509 2558 1600 potest
2584 1506 2851 1582 intelligi.
2880 1511 3162 1583 Primum,
3191 1497 3257 1574 ut
3284 1537 3318 1576 a
3346 1527 3512 1595 parte
3540 1541 3678 1600 pro-

2028 1587 2214 1659 phetae
2245 1590 2323 1645 sit
2352 1590 2595 1663 dictum,
2621 1598 2790 1668 quasi
2837 1599 3228 1676 interrogatus
3265 1587 3576 1685 ab-aliquo
3606 1616 3678 1672 ad

2026 1689 2204 1747 quam
2235 1684 2467 1770 gentem
2499 1681 2586 1737 vel
2621 1688 2836 1742 terram
2876 1690 3175 1749 mitterent
3215 1694 3300 1750 illi
3329 1681 3586 1770 nuntios,
3619 1708 3680 1759 et

2026 1768 2410 1839 responderit,
2445 1773 2517 1827 ad
2561 1772 2756 1830 locum
2815 1778 3071 1836 nominis
3126 1782 3360 1841 Domini
3417 1768 3676 1848 montem

2025 1855 2283 1950 Sion,ad
2314 1860 2660 1920 Jerusalem.
2687 1866 2880 1923 Potest
2907 1872 2964 1925 et
3007 1889 3042 1926 a
3082 1877 3248 1944 parte
3275 1876 3676 1950 Egyptiornm

2023 1945 2355 2021 principum
2384 1970 2512 2008 esse
2544 1954 2789 2027 dictum,
2809 1959 2977 2030 quasi
3009 1945 3407 2038 interrogative
3427 1970 3674 2040 nuntiis,

2023 2037 2537 2131 quibus‘dicebant
2559 2060 2572 2098 :
2595 2045 2698 2113 Ite,
2720 2046 2910 2119 angeli
2932 2049 3154 2108 veloces
3179 2069 3192 2109 :
3217 2071 3334 2126 quo
3355 2037 3677 2131 (inquiunt)

2024 2125 2336 2198 praecipitis
2371 2135 2435 2185 ut
2465 2147 2691 2202 eamus,
2722 2137 3117 2207 reponderunt
3148 2125 3382 2213 ironice‘,
3408 2125 3506 2219 qui
3539 2125 3675 2205 mit;

2021 2215 2222 2270 tebant
2251 2234 2349 2272 eos
2379 2219 2450 2274 ad
2484 2219 2676 2278 locum
2711 2223 2810 2278 ubi
2833 2228 3132 2298 quondam
3165 2231 3276 2287 fuit
3307 2215 3519 2290 nomen
3550 2237 3672 2292 Dei.

2023 2303 2078 2358 id
2111 2309 2199 2359 est
2230 2307 2300 2362 ad
2337 2312 2596 2365 montem
2627 2311 2788 2368 Sion.

2093 2417 2120 2443 «
2145 2395 2361 2452 Omnes
2382 2397 2742 2457 habitatores
2765 2404 2923 2459 orbis
2944 2407 3044 2478 qui
3063 2409 3374 2466 moramini
3405 2413 3464 2468 in
3497 2418 3673 2485 terra,

2021 2499 2154 2538 cum
2177 2483 2462 2541 elevatum
2489 2489 2662 2546 fuerit
2693 2492 2929 2565 signum
2964 2496 3023 2551 in
3055 2500 3358 2556 montibus
3379 2483 3672 2575 videbitis,

2019 2575 2075 2625 et
2103 2572 2436 2644 clangorem
2472 2578 2620 2632 tuba:
2655 2581 2963 2638 audietis.»
2987 2586 3323 2658 Alloquitur
3353 2591 3527 2647 modo
3548 2572 3674 2649 om;

2020 2659 2287 2731 nipotens
2317 2663 2473 2719 Deus
2503 2683 2707 2724 omnes
2755 2669 2814 2723 in
2874 2675 2992 2726 toto
3027 2675 3164 2730 orbe
3217 2685 3669 2750 commorantes,

2016 2748 2216 2804 dicens
2236 2768 2248 2804 :
2268 2753 2580 2822 Attendite,
2605 2773 2810 2813 omnes
2833 2765 3056 2832 gentes.
3076 2762 3221 2818 Cum
3244 2764 3531 2823 elevatum
3555 2748 3674 2825 fue-

2016 2837 2092 2891 rit
2121 2838 2356 2910 signum
2389 2842 2639 2898 victoria:
2670 2847 3040 2919 Assyriorum
3074 2851 3134 2906 in
3166 2853 3470 2912 montibus
3494 2851 3670 2931 [Egy—

2017 2926 2294 3000 ptiorum,
2321 2935 2460 2986 tunc
2481 2932 2771 3002 videbitis,
2797 2937 2853 2991 id
2878 2941 2985 3004 est,
3010 2936 3348 3015 intelligetis
3371 2945 3529 3015 quod
3561 2926 3668 3020 ego

2013 3015 2386 3087 cogitaverim
2427 3026 2484 3076 et
2525 3025 2898 3096 praeceperim
2941 3045 3116 3101 super
3162 3030 3496 3105 IEgyptum,
3528 3015 3669 3108 quia

2015 3108 2155 3159 tunc
2188 3106 2520 3180 clangorem
2561 3112 2714 3167 tubae
2756 3113 3030 3184 audietis,
3055 3117 3474 3192 incipientibus
3513 3106 3668 3198 pug-

2018 3211 2156 3250 nare
2183 3197 2458 3269 Assyriis.

2089 3307 2116 3333 ‹‹
2138 3285 2284 3350 Quia
2300 3285 2419 3342 haec
2435 3287 2872 3348 dicitDominus
2888 3294 2959 3349 ad
2980 3311 3105 3351 me:
3127 3297 3436 3364 Quiescam
3458 3301 3518 3358 in
3541 3302 3666 3360 loco

2019 3387 2208 3442 meo,»
2226 3375 2282 3428 id
2305 3375 2474 3431 estin
2498 3377 2836 3437 ccelcstibus
2855 3383 3122 3454 sedebo,«
3148 3390 3206 3442 et
3227 3387 3660 3462 considerabo,-

2016 3462 2300 3519 subaudis
2313 3463 2586 3536 quisnam
2604 3468 2876 3526 adveniat
2891 3471 3201 3540 ﬁnis.Quid
3220 3475 3451 3535 loeutus
3463 3481 3668 3538 estDe-

2016 3550 2215 3606 minus
2232 3553 2303 3607 ad
2325 3554 2778 3626 prophetam.Ea
2790 3575 2918 3630 quze
2938 3566 3268 3632 sequuntur
3283 3581 3329 3620 :«
3347 3565 3666 3638 Sicut,»ino

2014 3640 2194 3711 quit,«
2223 3641 2548 3698 meridiana
2568 3642 2692 3699 dies
2723 3644 2879 3701 clara
2902 3650 3082 3715 est,et
3111 3649 3266 3706 sicut
3297 3653 3482 3710 nubes
3513 3655 3663 3712 roris

2012 3727 2071 3781 in
2099 3729 2192 3782 die
2213 3731 2481 3785 messis.»
2505 3732 2574 3786 Et
2605 3736 2694 3786 est
2723 3749 2952 3790 sensus.
2980 3735 3146 3791 Sicut
3166 3735 3224 3790 in
3248 3743 3368 3794 toto
3391 3740 3486 3797 die
3515 3739 3663 3800 nihil

2011 3821 2100 3872 est
2119 3816 2334 3872 clarius
2358 3818 2620 3891 meridie,
2634 3824 2690 3875 et
2705 3819 2858 3876 sicut
2878 3824 3238 3881 messoribus
3257 3827 3514 3900 fatigatis
3534 3847 3662 3904 grai

2010 3903 2280 3961 tissimus
2325 3909 2414 3961 est
2464 3923 2578 3975 ros,
2600 3908 2737 3980 quia
2766 3914 2824 3965 et
2852 3911 2935 3966 eis
2983 3916 3222 3984 praestat
3271 3903 3658 3991 refrigerium,

2009 3996 2066 4047 et
2095 3999 2322 4049 arentes
2343 3995 2592 4068 stipulas
2620 3997 2929 4055 calcabiles
2953 4001 3110 4071 facit,
3135 4003 3219 4060 sic
3241 4021 3433 4063 sermo
3465 4009 3660 4066 omnis

2008 4098 2183 4154 quem
2207 4084 2587 4140 considerabo
2619 4086 2678 4141 in
2711 4085 2836 4144 loco
2868 4106 2998 4146 meo
3019 4092 3301 4151 adversus
3325 4096 3656 4170 Egyptum',

2006 4172 2382 4243 gratissimus
2403 4175 2515 4230 erit
2535 4176 2814 4233 omnibus
2836 4177 2894 4233 in
2918 4195 3011 4235 me
3035 4181 3557 4256 credentibus.Vel,
3581 4186 3658 4244 si-

2007 4265 2106 4316 cut
2135 4279 2202 4318 ea
2221 4277 2348 4334 quae
2377 4264 2446 4320 de
2479 4281 2606 4321 rore
2635 4265 2794 4322 dicta
2837 4272 2976 4324 sunt
3015 4267 3246 4342 placent
3276 4275 3657 4346 messoribus,

2007 4350 2088 4406 ita
2117 4349 2369 4423 placebit
2400 4358 2458 4409 et
2486 4355 2739 4428 Assyriis
2761 4373 2869 4413 sua
2899 4374 2933 4413 a
2964 4375 3055 4414 me
3085 4375 3365 4417 concessa
3393 4361 3655 4422 victoria.

2077 4463 2104 4489 «
2137 4443 2283 4496 Ante
2315 4459 2568 4499 messem
2613 4445 2770 4500 enim
2815 4449 2972 4502 totus
3011 4447 3287 4517 effloruit,
3313 4471 3342 4498 ››
3373 4451 3659 4510 subaudis

235 4519 515 4577 Mesraim
539 4520 640 4594 qui
667 4526 724 4579 et
751 4525 1050 4597 Egyptus,
1078 4524 1258 4581 mittit
1287 4527 1345 4580 in
1377 4528 1522 4582 mari
1556 4527 1796 4603 legatos,
1835 4536 1888 4591 id
1923 4541 1974 4610 ι]
2004 4529 2256 4601 populus
2278 4531 2600 4604 zEgyptius,
2629 4554 2656 4584 «
2688 4536 2744 4588 et
2776 4537 3007 4588 matura
3037 4535 3336 4605 perfectio,
3370 4539 3657 4609 genuinas

232 4615 322 4666 est
349 4609 593 4666 nuntios
614 4611 684 4667 ad
709 4612 857 4668 duas
885 4614 1131 4682 tribus,«
1151 4613 1285 4670 etin
1308 4615 1463 4673 vasis
1486 4620 1687 4692 papyri
1714 4639 1893 4696 super
1930 4609 1939 4610 ί
1999 4618 2100 4672 Vit.
2133 4641 2160 4668 υ
2195 4619 2616 4691 Metaphoricos
2658 4619 2923 4691 loquitur
2951 4622 3023 4676 de
3055 4622 3268 4694 populo
3317 4625 3654 4685 Judieorum

232 4716 439 4772 aquas,
469 4722 498 4748 ››
521 4701 807 4756 subaudis
856 4703 1038 4758 mittit
1085 4703 1384 4775 epistolas,
1411 4707 1764 4777 promittens
1813 4712 1898 4768 eis

230 4786 544 4842 auxilium.
568 4789 732 4855 Quod
751 4806 884 4845 vero
905 4790 1048 4847 dicit
1067 4791 1126 4847 in
1149 4793 1303 4848 vasis
1327 4795 1551 4867 papyri,
1581 4796 1666 4852 vel
1703 4798 1760 4853 in
1793 4818 1896 4856 na-

226 4876 423 4942 vibus,
447 4875 734 4934 debemus
757 4878 1080 4953 intelligere
1102 4898 1168 4936 ex
1189 4899 1406 4955 papyro
1429 4883 1598 4941 factis
1621 4903 1748 4959 quae
1773 4893 1898 4945 tan-

227 4969 298 5019 tae
330 4965 772 5039 magnitudinis
819 4971 909 5023 est
956 4970 1110 5041 apud
1145 4970 1295 5039 illos,
1331 4972 1484 5028 sicut
1543 4974 1600 5028 in
1653 4975 1897 5034 historia

227 5053 560 5111 Alexander
589 5055 824 5124 dicitur,
859 5061 925 5112 ut
964 5075 1138 5115 naves
1173 5059 1307 5115 inde
1355 5060 1521 5118 ﬁant.
1555 5064 1745 5120 Etiam
1795 5084 1897 5139 per

228 5159 369 5199 vasa
392 5142 630 5200 chartas
651 5161 970 5217 possumus
995 5147 1316 5221 intelligere
1339 5167 1406 5206 ex
1436 5169 1654 5226 papyro
1687 5155 1889 5225 factas,

231 5231 329 5286 ubi
363 5231 696 5306 antiquitus
727 5234 1112 5292 scribebatur.
1138 5238 1285 5304 Quia
1324 5238 1494 5295 sicuti
1529 5241 1586 5296 in
1619 5261 1752 5300 vase
1784 5245 1890 5301 ali-

229 5321 368 5392 quid
398 5321 756 5390 continetur,
793 5323 874 5380 ita
914 5325 973 5380 in
1005 5325 1226 5382 chartis
1257 5327 1516 5400 scriptio.
1554 5331 1807 5388 Possunt
1835 5337 1893 5389 et

226 5410 398 5467 tertio
431 5410 608 5467 modo
639 5413 891 5486 capsulze
931 5413 1326 5471 indieulorum
1362 5418 1543 5491 accipi
1573 5436 1640 5475 ex
1671 5438 1888 5494 papyro

229 5496 569 5556 factam‘Cu‘m
592 5497 712 5556 illis
733 5511 870 5575 ergo
887 5503 1149 5576 epistolis
1166 5505 1476 5561 mittebant
1494 5507 1731 5564 nuntios
1748 5526 1888 5569 suos

228 5587 479 5662 Egyptii
512 5589 586 5646 ad
617 5588 766 5648 ditas
796 5590 986 5649 tribus
1026 5591 1306 5650 dicentes.
1337 5615 1366 5646 «
1400 5596 1480 5652 Ite
1523 5597 1736 5670 angeli,
1763 5621 1792 5649 »
1826 5600 1884 5657 id

2008 4706 2118 4761 sub
2142 4708 2565 4779 significatione
2587 4709 2817 4776 messis,
2843 4709 2944 4764 sed
2967 4727 3079 4766 non
3114 4716 3306 4784 potest
3335 4731 3439 4787 per
3457 4716 3656 4774 omnia

2005 4795 2247 4850 verbum
2277 4814 2307 4852 e
2338 4798 2508 4852 verbo
2547 4797 2792 4869 exponi:
2829 4816 3039 4855 sensus
3078 4803 3273 4858 tamen
3313 4802 3652 4876 hujusmodi

2005 4888 2129 4938 est:
2157 4885 2662 4949 Quemadmodum
2695 4892 2926 4959 segetes
2955 4893 3088 4946 ante
3120 4892 3516 4948 maturitatem
3539 4893 3653 4949 cito

2005 4979 2376 5045 erumpentes
2407 4979 2672 5047 pereunt,
2697 4983 2752 5033 et
2784 4982 3101 5051 antequam
3132 4979 3408 5051 perfectio
3438 4983 3654 5053 tempo~

2004 5063 2084 5118 ris
2113 5062 2306 5118 veniat
2348 5065 2767 5136 germinantes,
2792 5066 3027 5124 inutiles
3064 5072 3237 5122 sunt:
3263 5067 3347 5123 sic
3377 5072 3651 5141 ngyptus

2002 5153 2214 5225 peribit
2234 5157 2291 5208 et
2311 5154 2478 5226 quasi
2502 5154 2740 5211 inutiles
2767 5155 3088 5210 ramusculi
3110 5155 3358 5212 falcibus
3382 5156 3501 5211 sive
3527 5156 3649 5228 gla-

2001 5243 2115 5297 diis
2163 5245 2234 5299 ab
2282 5244 2535 5316 Assyriis
2583 5244 2992 5315 praecidantur.
3019 5243 3182 5298 Unde
3228 5247 3284 5299 et
3333 5245 3644 5318 sequitur:

2000 5357 2028 5383 ‹‹
2063 5334 2455 5390 Przecidentur
2483 5334 2800 5390 ramusculi
2835 5334 2965 5404 ejus
2997 5332 3314 5402 falcibus,»
3339 5334 3395 5390 id
3427 5339 3516 5390 est
3544 5335 3647 5393 ha.

2000 5421 2275 5476 bitatores
2295 5422 2424 5492 ejus
2445 5420 2636 5493 gladio
2663 5421 3034 5493 Assyriorum
3057 5421 3502 5484 interﬁcientur.
3527 5447 3555 5475 «
3579 5425 3650 5482 Et

1997 5526 2125 5581 quae
2156 5509 2430 5564 derelicta
2455 5509 2672 5564 fuerint
2697 5531 2724 5557 »
2747 5509 2822 5563 ab
2844 5510 3099 5582 Assyriis
3122 5533 3148 5561 ‹‹
3173 5510 3595 5570 abscindentur
3615 5538 3644 5565 η

1997 5615 2032 5655 a
2058 5595 2359 5656 Chaldaeis.
2385 5620 2411 5649 «
2436 5596 2876 5671 Excutientur,»
2899 5599 3189 5659 subaudis
3217 5601 3287 5660 de
3321 5595 3480 5662 terra
3511 5619 3642 5676 sua,
