4048 6190
488 282 606 346 807

914 277 1320 342 HAYMONIS
1351 273 1895 339 HALBEBSTA'I‘.
1929 267 2172 334 EPISG.
2207 270 2377 333 OPP.
2409 273 2612 338 PARS
2643 277 2690 340 I.
2721 313 2801 322 —
2828 279 3224 342 COMMENT.
3254 281 3436 344 BIBL.
3689 289 3774 350 808

491 440 519 467 «
551 425 608 476 et
636 417 1040 490 relinquentur
1067 410 1246 468 simul
1287 409 1492 466 avibus
1521 406 1811 463 montium
1841 409 1900 460 et
1929 403 2136 492 bestiis
2163 403 2219 470 Α
2245 410 2444 463 vatum
2479 427 2492 464 :
2528 414 2584 464 et
2612 427 2746 466 cum
2779 411 2962 468 Maria
2997 417 3056 468 et
3090 412 3297 486 Joseph
3327 415 3394 470 ad
3419 431 3593 473 vocem
3617 421 3776 492 angeli,

490 513 714 576 terrae,»
733 502 1018 562 subaudis
1039 501 1110 556 ad
1135 497 1526 555 devorandum
1550 499 1609 552 et
1627 494 2026 560 lacerandum,
2051 490 2135 546 illi

491 597 712 674 scilicet
743 593 844 667 qui
883 587 1170 646 interfecti
1210 585 1447 648 fuerint.
1476 606 1504 635 «
1531 589 1590 640 et
1619 587 1819 640 aestate
1856 585 2140 655 perpetua

489 669 664 742 erunt
691 698 869 754 super
897 696 1032 735 cum
1061 677 1346 743 volucres,
1367 697 1394 725 »
1419 674 1477 729 id
1517 677 1608 729 est
1647 689 1823 744 super
1851 669 2134 744 populum

489 771 880 838 interfectum,
905 790 931 817 ‹‹
965 770 1024 822 et
1051 780 1256 821 omnes
1285 761 1482 818 bestiae
1513 765 1678 816 terrae
1709 775 1886 832 super
1914 757 2079 812 illum
2107 778 2135 804 »

487 862 858 918 interiectum
890 855 1172 932 populum
1205 877 1232 903 «
1267 851 1645 925 hycmabunt.
1669 871 1698 898 »
1723 845 2138 920 Hyperbolicos

487 951 770 1026 loquitur.
799 949 925 1004 Non
957 945 1115 1001 enim
1145 957 1350 998 omnes
1379 939 1577 994 bestiae
1606 937 1840 994 venient
1870 936 1940 990 ad
1972 935 2138 990 devo-

487 1025 740 1099 randum
761 1053 1004 1110 corpora
1029 1034 1288 1100 illorum,
1310 1031 1412 1085 sed
1433 1045 1536 1100 per
1553 1027 1664 1082 hoc
1685 1025 1808 1081 vult
1827 1025 2135 1080 ostendere

487 1133 805 1188 maximam
837 1123 1276 1181 multitudinem
1307 1117 1387 1174 ibi
1418 1117 1779 1173 interfectam
1810 1129 1939 1170 esse
1969 1118 2133 1185 Egy-

485 1221 768 1294 ptiorum,
801 1220 860 1272 ct
887 1216 1112 1268 tantam
1141 1213 1206 1264 ut
1243 1210 1440 1263 aestate
1487 1210 1545 1261 et
1587 1204 1792 1278 hyeme
1837 1201 2134 1258 sufficien-

485 1290 630 1365 tiam
663 1305 774 1364 sibi
807 1303 1058 1359 habeant
1101 1296 1300 1354 bestiae
1333 1311 1459 1368 quae
1504 1290 1898 1358 convenerint,
1930 1294 1987 1346 et
2016 1305 2131 1345 non

486 1397 576 1469 sit.
593 1392 911 1452 necessitas
945 1388 1119 1445 aliam
1149 1383 1404 1458 praedam
1437 1397 1712 1455 quaerere.

559 1466 587 1536 tt
613 1485 676 1540 In
697 1487 956 1553 tempore
975 1475 1074 1532 illo
1095 1476 1386 1532 deferetur
1405 1487 1624 1528 munus
1645 1468 1892 1525 Domino
1912 1466 2131 1523 exerci—

485 1579 660 1646 tuum.
679 1590 712 1628 a
734 1567 1016 1644 populo,»
1039 1563 1323 1620 subaudis
1356 1559 1554 1629 Israel,
1577 1582 1606 1609 ‹‹
1641 1556 1933 1629 divulso,»
1955 1556 2013 1612 id
2045 1559 2134 1612 est

485 1643 754 1735 separato
775 1658 846 1716 ad
872 1661 1103 1728 tempus
1123 1670 1156 1708 a
1177 1652 1293 1708 Deo
1309 1654 1367 1706 et
1387 1667 1422 1704 a
1441 1653 1597 1704 terra
1621 1664 1749 1715 sua,
1773 1649 1831 1702 et
1850 1662 1884 1702 a
1914 1643 2130 1718 populo

489 1775 510 1803 α
547 1749 860 1806 dilacerate
894 1766 922 1794 ››
955 1741 1024 1798 ab
1066 1739 1336 1797 hostibus
1385 1735 1574 1809 primo
1625 1738 1758 1808 post
1786 1749 1962 1806 quem
2014 1749 2129 1788 non
2160 1767 2210 1850 Β

491 1843 512 1850 -
551 1841 584 1850 -ι
659 1839 697 1850 -ο
897 1834 910 1850 ι
1002 1829 1105 1850 λε-
1151 1829 1225 1850 ει-
1281 1823 1554 1850 i-__:1.:1:..
1605 1846 1628 1850 -_
1664 1827 1869 1850 ηηιη
1938 1837 2111 1850 πη,

483 1841 596 1899 fuit
623 1839 796 1904 alius,
823 1829 1109 1892 subaudis
1151 1829 1233 1884 ita
1281 1823 1578 1896 terribilis,
1601 1846 1628 1873 ‹‹
1663 1827 1890 1896 agente,
1937 1837 2135 1894 exspe-

485 1934 678 1988 ctante
703 1951 730 1978 ››
754 1924 855 1982 Dei
878 1920 1184 1986 auxilium,
1207 1916 1580 1989 exspectante
1617 1911 1742 1980 diu,
1769 1931 1792 1961 ι
1817 1913 1986 1982 cujus
2025 1914 2134 1965 ter-

484 2038 610 2078 ram
642 2015 1012 2091 diripuerunt
1039 2006 1302 2074 ﬂumina,
1321 2027 1350 2056 ››
1375 2021 1539 2076 reges
1576 2000 1846 2058 videlicet
1877 2018 1944 2056 ac
1971 1997 2130 2070 prin-

484 2111 532 2167 ci
539 2126 646 2183 pes
668 2089 1031 2163 diversarum
1062 2095 1348 2172 gentium,
1377 2115 1404 2144 ‹‹
1427 2092 1500 2149 ad
1521 2091 1715 2146 locum
1739 2089 1996 2146 nominis
2027 2089 2134 2144 D0.

484 2179 630 2254 mini
663 2197 922 2250 montem
953 2188 1114 2244 Sion.
1137 2208 1159 2235 ιι
1191 2182 1516 2240 Revertitur
1541 2179 1756 2235 iterum
1779 2195 1970 2235 sermo
1997 2195 2128 2250 pro-

485 2271 754 2360 pheticus
783 2281 854 2336 ad
889 2274 1066 2334 Israel
1110 2276 1168 2328 et
1205 2269 1491 2345 promittit
1519 2270 1569 2326 ei
1603 2269 1756 2324 bona
1784 2268 1984 2325 dicens
2016 2287 2030 2326 :
2065 2270 2128 2326 In

482 2357 745 2446 tempore
765 2368 865 2424 illo
885 2367 1113 2424 vastata
1129 2362 1371 2434 ZEgypto
1393 2374 1766 2430 nequaquam
1796 2357 1827 2412 J
1835 2359 1980 2414 udas
2005 2375 2130 2432 spe-

484 2462 638 2520 rabit
678 2461 739 2516 in
788 2457 999 2513 umbra
1046 2447 1419 2524 [Egypti,sed
1469 2447 1686 2502 deferet
1743 2463 1962 2502 munus
1995 2447 2126 2504 fidei

483 2553 890 2620 bonorumque
930 2556 1195 2614 operum,
1247 2554 1470 2594 necnon
1500 2539 1558 2593 et
1585 2535 1701 2592 alia
1753 2551 1998 2592 munera
2053 2537 2125 2592 ad

481 2641 678 2698 locum
709 2633 964 2694 nominis
994 2626 1248 2696 Domini,
1271 2626 1381 2682 hoc
1411 2629 1498 2682 est
1527 2626 1600 2681 ad
1630 2625 1914 2697 templum
1946 2624 2125 2682 illius.

481 2734 601 2788 Hoc
630 2731 825 2792 autem
847 2719 1155 2796 impletum
1177 2719 1266 2774 est
1286 2715 1396 2774 sub
1417 2714 1727 2771 Zorobabel
1759 2713 2006 2787 aliisque
2027 2718 2130 2773 du-

481 2799 668 2889 cibus,
687 2813 942 2890 quando,
976 2807 1348 2884 permittente
1381 2804 1546 2877 Cyro,
1589 2808 1724 2876 post
1759 2805 2130 2878 septuaginta

481 2923 668 2965 annos
683 2905 754 2960 de
770 2899 1100 2975 captivitate
1121 2895 1438 2952 redierunt.
1453 2893 1534 2949 De
1549 2893 1766 2966 quibus
1784 2895 2126 2951 muneribus

478 2997 732 3070 legimus
762 2993 820 3048 in
849 2987 1145 3054 Zacharia,
1171 3001 1416 3042 coronas
1461 2999 1590 3040 esse
1626 2983 1808 3038 factas
1852 2983 1910 3038 in
1952 2984 2126 3040 domo

481 3085 712 3142 Domini
743 3081 870 3156 ipso
900 3075 1288 3153 praecipiente.

1096 3217 1330 3275 CAPUT
1367 3215 1506 3272 XIX.

553 3374 580 3400 ‹‹
615 3348 778 3406 Onus
819 3343 1071 3418 Egypti.
1103 3342 1248 3397 Ecce
1293 3339 1578 3396 Dominus
1626 3343 1900 3398 ascendet
1947 3361 2127 3418 super

482 3439 700 3496 nubem
725 3435 932 3501 levem,
953 3436 1012 3489 et
1033 3429 1392 3504 ingredietur
1416 3427 1474 3484 in
1507 3430 1911 3503 lﬁgyptum,et
1932 3450 2124 3490 move-

479 3529 702 3586 buntur
721 3521 1038 3582 simulacra
1059 3517 1286 3593 IEgypti
1311 3534 1346 3574 a
1369 3516 1514 3573 facie
1535 3516 1684 3588 ejus,
1698 3521 1755 3573 et
1773 3535 1873 3574 cor
1895 3521 2123 3595 Egypti

477 3617 738 3692 tabescet
767 3631 802 3670 a
827 3611 972 3670 facie
991 3610 1140 3682 ejus.
1164 3630 1191 3658 »
1214 3607 1344 3663 Hanc
1375 3623 1502 3678 qua:
1533 3607 1604 3662 de
1632 3606 1874 3680 Egypto
1905 3609 2000 3665 hic
2032 3609 2122 3665 di-

477 3711 712 3777 cuntur,
735 3710 858 3762 tam
900 3701 972 3758 ad
1011 3701 1141 3774 ejus
1179 3694 1658 3760 destructionem,
1684 3714 1811 3770 qua:
1837 3699 1994 3753 venit
2022 3716 2126 3772 per

475 3795 950 3870 Assyrios,quam
967 3790 1037 3846 ad
1057 3786 1288 3844 Domini
1307 3786 1618 3842 adventum
1637 3790 1884 3859 possunt
1899 3788 2120 3844 referri.

478 3886 755 3942 Dicamus
783 3881 964 3955 igitur
991 3875 1284 3952 quomodo
1333 3875 1405 3930 ad
1455 3875 1765 3948 Egyptum
1816 3877 2120 3948 pertineat.

476 3973 704 4030 Nubcm
733 3971 920 4026 levem
965 3965 1223 4040 appellat
1259 3962 1577 4020 exercitum
1627 3964 1997 4039 Assyriorum
2031 3985 2121 4024 ve-

476 4061 686 4127 locem.
725 4057 871 4115 Dicit
911 4071 1048 4127 ergo
1097 4053 1384 4126 propheta
1413 4053 1550 4126 quia
1597 4071 1971 4127 nequaquam
2021 4073 2125 4128 per

478 4145 752 4220 angelum
793 4142 1081 4217 percutiet
1127 4141 1411 4198 Dominus
1462 4144 1767 4215 [Egyptum
1803 4161 1816 4198 2
1853 4145 1953 4200 sed
1997 4145 2122 4218 ipse

479 4233 756 4306 ascendet
797 4247 976 4304 super
1030 4230 1347 4286 exercitum
1405 4231 1776 4304 Assyriorum
1827 4233 2122 4290 velocissi-

479 4339 668 4398 mum,
690 4327 747 4380 et
776 4319 1137 4394 ingredietur
1156 4319 1486 4392 Egyptum.
1508 4319 1696 4392 Super
1714 4322 1932 4378 nubem
1964 4323 2121 4380 enim

475 4410 846 4486 Assyriorum
877 4407 1140 4466 ascendit
1168 4405 1474 4474 Dominus,
1497 4407 1637 4480 quia
1663 4407 1789 4481 ipse
1819 4409 2125 4483 inspiravit

2245 504 2403 556 metu
2427 499 2671 578 Herodis
2692 499 2841 572 fugit
2867 499 2924 555 in
2956 501 3257 574 (Egyptum
3278 501 3468 572 (Matth.
3489 506 3548 574 ιι)
3571 506 3630 560 ad
3655 510 3776 580 cujus

2243 587 2578 661 ingressum
2621 591 2814 662 potest
2851 605 3000 658 esse,
3034 593 3097 644 ut
3125 589 3424 646 simulacra
3465 593 3778 668 Egyptiorum

2244 681 2600 744 corruerent,
2621 680 2722 732 aut
2747 676 2923 732 etiam
2943 681 3468 747 commutescerent,
3488 685 3539 737 et
3555 683 3695 739 corda
3715 703 3777 742 sa-

2245 767 2531 840 pientium
2573 765 2971 838 Egyptiorum
3013 784 3215 840 pavore
3246 768 3594 824 tabescerent.
3615 769 3777 830 Aliter:

2245 859 2546 931 lEgyptus,
2573 872 2700 928 qua:
2719 855 3137 928 interpretatur
3164 857 3402 912 tenebrae
3430 856 3510 912 vel
3535 874 3718 931 meror,
3734 861 3782 917 si-

2243 947 2485 1022 gniﬁcat
2512 945 2669 1000 hunc
2692 946 3003 1014 mundum,
3019 944 3118 1018 qui
3139 945 3385 1001 tenebris
3410 945 3714 1004 inﬁdelitatis
3726 954 3780 1006 te-

2243 1037 2488 1108 gebatur
2515 1038 2648 1090 ante
2679 1033 2910 1090 Domini
2943 1034 3272 1090 adventum.
3295 1034 3576 1106 Ingressus
3598 1039 3782 1110 estergo

2243 1123 2528 1182 Dominus
2549 1123 2881 1196 IEgyptum,
2896 1123 2952 1178 id
2977 1126 3066 1178 est
3085 1123 3240 1178 hunc
3257 1123 3658 1190 mundum,cum
3674 1125 3781 1181 nube

2243 1213 2374 1285 levi,
2396 1213 2453 1268 id
2485 1215 2576 1268 est
2603 1228 2739 1267 cum
2774 1229 3011 1284 corpore
3041 1211 3200 1266 nullo
3228 1211 3436 1283 peccati
3461 1212 3675 1286 pondere
3693 1229 3780 1286 gra-

2239 1306 2392 1368 vato,
2419 1305 2477 1357 et
2504 1304 2798 1357 commota
2835 1303 2976 1356 sunt
3012 1297 3324 1356 simulacra
3353 1315 3368 1354 :
3395 1300 3600 1373 quando
3624 1300 3780 1358 relictis

2240 1389 2414 1448 idolis
2440 1391 2514 1447 ad
2544 1389 2730 1446 Deum
2773 1387 2886 1445 fide
2924 1392 3362 1464 concurrerunt,
3384 1392 3438 1444 et
3461 1386 3598 1444 idola
3619 1389 3780 1444 confre-

2239 1483 2469 1552 gerunt.

2311 1594 2338 1620 ‹‹
2362 1570 2434 1626 Et
2452 1584 2798 1626 concurrere
2818 1567 3028 1624 faciam
3059 1566 3352 1642 lEgyptios
3381 1566 3650 1623 adversum
3672 1565 3785 1639 Egy.

2239 1658 2452 1734 ptios,»
2475 1657 2532 1712 id
2564 1662 2655 1714 est
2685 1656 2838 1713 cives
2869 1659 3073 1712 contra
3103 1656 3254 1712 cives
3280 1671 3334 1711 τα
3357 1659 3412 1712 et
3437 1654 3780 1734 pugnabitur»

2239 1729 2542 1822 I‘Egyptius
2565 1771 2591 1798 «
2617 1750 2822 1802 contra
2845 1745 3085 1801 fratrem
3117 1760 3346 1802 suum.»
3368 1729 3694 1800 Venientibus
3712 1743 3782 1797 As-

2241 1836 2414 1911 syriis
2434 1835 2522 1893 vel
2543 1834 2836 1904 Chaldeis,
2851 1833 3208 1908 completum
3229 1831 3439 1889 esthoc
3461 1849 3472 1888 :
3493 1831 3608 1887 aliis
3623 1830 3785 1886 tradere

2241 1941 2304 1982 se
2332 1925 2684 1996 volentibus,
2714 1928 2772 1980 et
2801 1923 2932 1980 aliis
2975 1939 3301 1998 repugnare
3345 1921 3646 1979 nitentibus.
3671 1917 3784 1975 Unde

2239 2016 2393 2072 facta
2420 2019 2510 2072 est
2537 2031 2653 2070 non
2695 2012 2927 2069 modica
2957 2012 3166 2068 seditio
3199 2012 3348 2068 inter
3390 2027 3498 2067 eos.
3526 2009 3586 2064 Et
3619 2008 3704 2063 hoc
3724 2011 3785 2062 est

2237 2101 2651 2176 gravissimum
2675 2099 2899 2156 malum
2921 2103 2980 2154 et
3000 2115 3217 2172 magna
3237 2096 3480 2166 miseria,
3500 2099 3557 2152 ut
3573 2093 3703 2151 hoste
3717 2109 3782 2148 su-

2239 2190 2608 2263 perveniente
2642 2188 2797 2244 civcs
2845 2187 3001 2242 intra
3029 2204 3094 2244 se
3125 2186 3458 2242 seditionem
3487 2185 3718 2240 moveant.
3741 2179 3784 2235 In

2239 2279 2468 2336 Domini
2502 2293 2734 2352 quoque
2770 2276 3046 2344 adventu,
3073 2280 3133 2331 et
3161 2273 3547 2349 praedicatione
3568 2267 3784 2344 apostolo-

2236 2385 2390 2436 rum,
2412 2368 2618 2424 eadem
2647 2365 2941 2422 discordia
2971 2363 3216 2436 impleta
3260 2367 3349 2419 est
3394 2363 3532 2418 inter
3573 2358 3725 2415 ﬁdeles
3743 2359 3782 2411 et

2236 2455 2502 2513 infideles
2539 2456 2600 2511 in
2631 2459 2752 2512 toto
2799 2453 3042 2525 mundo,
3065 2452 3202 2508 aliis
3255 2452 3476 2508 credere
3515 2447 3780 2508 volentibus,

2235 2545 2366 2602 aliis
2397 2544 2751 2601 nolentibus.
2775 2542 2938 2600 Unde
2967 2541 3258 2597 Dominus
3287 2541 3366 2596 ait
3386 2557 3399 2595 :
3419 2563 3444 2590 «
3466 2539 3575 2595 Non
3599 2533 3700 2592 veni
3720 2550 3784 2605 pa-

2234 2651 2360 2691 cem
2393 2635 2624 2690 mittere
2655 2633 2714 2688 in
2744 2638 2982 2700 terram,
3006 2630 3110 2686 sed
3147 2629 3422 2703 gladium.
3443 2626 3571 2682 Veni
3587 2623 3706 2680 enim
3729 2637 3784 2676 se-

2235 2739 2440 2795 parare
2459 2721 2760 2778 hominem
2780 2721 3060 2777 adversus
3083 2723 3314 2792 patrem
3335 2733 3498 2774 suum
3516 2713 3682 2788 (Matth.
3699 2712 3784 2779 ιλ»

2233 2815 2293 2868 et
2321 2814 2527 2868 caetera
2553 2827 2680 2884 quae
2717 2812 3068 2881 sequuntur.

2306 2925 2333 2951 «
2353 2902 2424 2957 Et
2439 2899 2633 2956 dirum
2640 2903 2811 2972 petur
2823 2897 3066 2972 spiritus
3079 2897 3308 2972 Egypti
3324 2896 3380 2952 in
3396 2893 3671 2952 visceribus
3681 2889 3785 2962 ejus,

2233 2994 2293 3046 et
2319 2988 2632 3046 consilium
2657 2988 2806 3060 ejus,
2824 3011 2852 3036 »
2875 2987 3166 3044 subaudis
3187 3004 3304 3060 quo
3327 2983 3578 3042 rebellare
3599 2979 3784 3037 nitetur:

2235 3102 2265 3130 «
2287 3077 2682 3153 prmcipitabo,
2700 3099 2728 3127 ››
2753 3077 2812 3133 id
2843 3081 2952 3144 est,
2975 3075 3122 3132 nihil
3173 3075 3397 3145 faciam,
3417 3098 3442 3125 «
3464 3076 3516 3130 et
3547 3069 3787 3139 interroga-

2227 3169 2386 3224 .bunt
2413 3165 2732 3226 simulacra
2762 3183 2871 3222 sua
2895 3169 2950 3222 et
2971 3164 3250 3234 dominos
3278 3181 3412 3222 suos
3437 3167 3490 3218 ct
3514 3153 3789 3234 pythoncset

2234 3257 2468 3316 ariolos.
2497 3281 2518 3308 ο
2545 3257 2685 3314 Orta
2730 3255 3014 3314 seditione
3045 3253 3106 3310 in
3155 3259 3390 3329 Egypto
3435 3255 3488 3309 et
3527 3246 3788 3306 imminente

2233 3349 2420 3416 hoste,
2443 3345 2697 3420 spiritus
2733 3344 3054 3416 scindetur,
3083 3343 3152 3399 id
3201 3348 3292 3400 est
3319 3341 3567 3400 voluntas
3606 3329 3785 3420 Εςγριῇ,

2233 3416 2719 3493 ουῐιοιίεἶίἱνθῐιεει
2761 3431 3126 3506 sapientibus
3163 3437 3221 3490 et
3249 3449 3363 3489 non
3406 3429 3586 3486 eadem
3612 3416 3787 3506 volenti-

2232 3526 2367 3582 bus.
2395 3525 2560 3581 Tunc
2607 3522 2778 3579 ibunt
2806 3504 2864 3579 e—t
2901 3522 3356 3596 interrogabant
3402 3519 3658 3575 daemones
3691 3504 3788 3566 resi-

2233 3613 2438 3670 dentes
2467 3612 2528 3668 in
2559 3610 2893 3668 simulacris
2922 3609 3068 3678 suis,
3091 3614 3156 3666 et
3175 3610 3399 3666 divinos
3429 3607 3537 3663 sive
3559 3604 3704 3666 vates,
3725 3609 3791 3669 py-

2231 3701 2441 3759 thones
2472 3717 2705 3773 quoque
2735 3703 2794 3757 ct
2836 3698 3068 3768 ariolos,
3094 3715 3210 3755 cur
3240 3699 3319 3755 ita
3349 3692 3691 3755 acciderit:et
3711 3697 3789 3740 non

2232 3789 2491 3864 proderit
2519 3789 2624 3846 eis.
2649 3787 2930 3845 Similiter
2953 3788 3011 3844 in
3046 3789 3284 3844 Domini
3314 3787 3569 3852 adventu,
3595 3775 3789 3852 spiritus,

2231 3879 2289 3936 id
2315 3879 2692 3954 est:voluntas
2713 3879 2892 3950 hujus
2915 3877 3118 3933 mundi
3147 3877 3334 3934 scissa
3354 3881 3439 3932 est
3460 3893 3472 3930 :
3495 3871 3609 3930 aliis
3625 3864 3790 3926 crede"!

2229 3969 2586 4037 volentibus,
2615 3971 2673 4024 et
2715 3966 2847 4023 aliis
2891 3967 3381 4040 repugnantibus.
3405 3965 3554 4022 Tunc
3592 3967 3790 4033 persecu-

2231 4062 2390 4114 tores
2441 4061 2782 4114 sanctorum
2841 4059 2898 4112 et
2953 4055 3324 4112 credentium
3382 4041 3794 4123 interrogaverunt

2229 4146 2388 4204 idola
2415 4165 2524 4203 sua
2561 4149 2619 4202 et
2665 4143 2914 4210 divinos,
2937 4160 3116 4216 quare
3167 4143 3310 4201 talia
3352 4145 3537 4201 exorta
3578 4127 3792 4194 essentia

2232 4237 2476 4306 mundo,
2500 4239 2567 4292 ut
2593 4235 2862 4292 homines
2882 4233 3220 4292 deserentes
3246 4223 3794 4306 antiquamconsuetu-

2233 4325 2428 4384 dinem
2460 4341 2619 4382 nova:
2651 4322 2787 4380 fidei
2817 4339 2879 4380 se
2909 4326 3207 4396 aptarent.
3229 4322 3508 4396 Pythonas
3527 4319 3645 4374 sunt
3661 4306 3793 4396 qui}?t

2229 4413 2545 4486 ventiloqui
2569 4392 2966 4486 appellantur,
2983 4426 3050 4466 eo
3074 4392 3232 4483 quod
3265 4392 3507 4482 habeant
3526 4405 3577 4462 in
3597 4419 3649 4459 se
3675 4392 3792 4486 mali-

477 4503 564 4561 θίε
593 4483 654 4558 in
685 4500 859 4557 corde
889 4503 954 4555 Ut
995 4496 1333 4572 Pecuterent
1370 4495 1704 4569 ίΕὲΥΡίυΠι,
1727 4501 1784 4552 et
1811 4497 1937 4571 ipse
1965 4501 2127 4559 dedit
2153 4509 2202 4578 ι)
2231 4519 2412 4578 gnum
2437 4483 2922 4576 spiritum,cujus
2943 4499 3328 4570 inspiratione
3347 4497 3658 4576 plerumque
3675 4483 3795 4578 falsa.

475 4593 753 4650 virtutem
775 4587 1029 4646 bellandi
1049 4591 1113 4642 ut
1127 4603 1189 4642 se
1211 4583 1592 4642 ulcisceretur
1607 4585 1676 4640 de
1700 4585 1957 4644 inimicis
1977 4591 2124 4665 suis,

478 4681 590 4758 qui.
611 4680 892 4754 populum
933 4694 1108 4733 suum
1153 4692 1264 4731 sua
1310 4674 1700 4748 promissione
1750 4677 2122 4739 seduxerunt.

479 4772 730 4846 Ipsoque
751 4767 1110 4841 ingrediente
1125 4782 1258 4822 cum
1275 4765 1528 4838 Assyriis
1545 4765 1603 4820 in
1621 4765 1954 4841 (Egyptum,
1969 4774 2127 4827 mota

479 4863 622 4920 sunt
650 4855 969 4916 simulacra
991 4852 1406 4927 Egyptiarum,
1423 4854 1520 4925 qui
1556 4872 1672 4927 prm
1691 4856 1968 4914 omnibus
1991 4876 2128 4933 gen-

479 4951 639 5008 tibus
667 4947 825 5004 idola
853 4943 1122 5001 colebant
1149 4959 1160 4996 :
1185 4941 1323 5014 quia
1351 4943 1646 4999 confracta
1679 4950 1819 5002 sunt
1848 4947 1922 5002 ab
1951 4949 2125 5022 Assy-

481 5039 606 5108 riis,
625 5037 712 5094 vel
731 5036 908 5092 etiam
931 5031 1178 5089 Domino
1199 5035 1474 5103 operante
1496 5031 1716 5087 factum
1739 5039 1848 5105 est,
1871 5040 1935 5090 ut
1951 5039 2126 5110 Assy-

481 5125 988 5190 riisvenientibus,
1013 5123 1306 5177 daamones
1339 5119 1441 5192 qui
1471 5121 1528 5174 in
1562 5119 1734 5177 idolis
1763 5123 2126 5196 colebantur,

483 5233 766 5290 responsa
805 5217 945 5270 dare
991 5229 1106 5267 non
1157 5213 1414 5283 possent.
1445 5209 1607 5265 Tunc
1638 5226 1738 5265 cor
1768 5211 1994 5285 [Egypti
2040 5219 2126 5270 ta-

485 5305 632 5372 buit,
657 5305 777 5361 sive
797 5302 1007 5359 defecit
1027 5299 1360 5366 consilium,
1385 5316 1498 5354 non
1521 5298 1814 5371 reperiens
1835 5303 2126 5373 quomodo

487 5392 684 5449 hostes
713 5410 852 5449 suos
880 5391 1122 5447 evadere
1168 5393 1384 5462 posset.
1417 5387 1702 5444 Dominus
1731 5389 1907 5446 etiam
1953 5409 2131 5464 super

489 5481 704 5537 nubem
743 5481 926 5538 levem
965 5476 1246 5546 ascendit,
1271 5477 1505 5550 quando
1549 5493 1762 5550 corpus
1801 5479 2126 5536 humanum

490 5569 710 5646 accepit
730 5568 889 5626 nullo
908 5568 1180 5628 humanae
1196 5563 1622 5625 commistionis
1643 5566 1864 5628 semine
1883 5585 2132 5650 praegra-

2233 4577 2579 4666 plerumque
2608 4589 2786 4645 etiam
2825 4589 2940 4644 Deo
2971 4587 3347 4662 permittente
3375 4603 3504 4644 vera
3527 4577 3794 4666 loquuntur.

2233 4681 2410 4737 Arioli
2441 4682 2583 4736 sunt
2611 4678 3040 4759 .incantatorcs,
3073 4676 3176 4748 qui
3225 4668 3681 4732 incantationibus
3703 4657 3795 4733 qui-

2233 4770 2484 4827 busdam
2515 4773 2574 4826 et
2599 4765 2961 4824 carminibus
2993 4780 3115 4820 rem
3145 4768 3452 4838 peragunt.

2307 4882 2334 4909 ‹‹
2357 4859 2428 4914 Et
2449 4857 2681 4913 tradum
2703 4854 3011 4927 [Egyptum
3038 4853 3096 4907 in
3121 4870 3335 4909 manus
3356 4849 3688 4931 dominorum
3705 4849 3798 4931 cru.-

2235 4947 2478 5019 delium,
2501 4949 2558 5002 et
2587 4961 2684 5000 rex
2717 4943 2884 4999 fortis
2917 4941 3319 4998 dominabitur
3337 4955 3548 5006 eorum,
3570 4932 3638 4990 ait
3661 4928 3802 5019 Domi-

2235 5055 2407 5094 nus.»
2433 5017 2496 5090 In
2523 5032 2846 5088 multorum
2869 5031 3241 5088 dominorum
3271 5047 3476 5086 manus
3495 5023 3708 5097 legimus
3723 5017 3802 5066 tra-

2236 5126 2418 5181 ditam
2450 5137 2578 5179 esse
2627 5123 2959 5195 IEgyptum.
2985 5121 3248 5176 Primum
3269 5119 3499 5193 quidem
3541 5101 3802 5195 expugnat.a

2235 5217 2324 5270 est
2353 5213 2422 5267 ab
2453 5184 2962 5282 Assyriisjvdeindc
2989 5227 3022 5264 a
3042 5184 3578 5269 Nabuchodonosor,
3600 5184 3802 5285 tertioab

2235 5300 2578 5364 Alexandro,
2601 5299 2670 5353 ad
2697 5297 2971 5354 ultimum
2993 5316 3027 5354 a
3048 5298 3348 5366 Romanis,
3369 5291 3588 5370 quando
3611 5286 3801 5375 Antonio

2236 5397 2294 5448 et
2323 5390 2626 5462 Cleopatra
2671 5387 2965 5459 superatis
2992 5389 3294 5462 Augustus
3329 5387 3573 5442 Romano
3614 5376 3801 5462 impetit?

2237 5451 2590 5552 subjugavit.
2615 5477 2728 5532 Sed
2747 5451 2841 5532 ἐκ
2885 5475 2980 5532 his
3017 5451 3290 5532 omnibus
3321 5471 3602 5531 Chaldaeos
3627 5451 3802 5517 constat

2239 5570 2420 5628 fuisse
2451 5563 2826 5640 crudeliores,
2855 5564 3148 5623 Romanos
3175 5563 3538 5644 potentiores.
