4090 6192
269 365 401 426 813

283 588 384 644 sed
403 589 640 658 propter
659 583 918 657 legiones
939 585 1357 651 Romanorum,
1373 601 1500 656 qum
1522 585 1816 640 instructae
1839 586 1938 640 As-

283 676 436 749 syrio
467 674 658 730 milite
685 673 1094 730 custodiebant
1120 675 1431 747 Egyptum
1459 692 1470 730 :
1497 675 1583 736 vel
1616 673 1755 747 quia
1777 679 1935 736 utra-

283 781 397 838 que
426 781 592 838 gens,
617 781 686 820 ea
712 780 840 835 quae
872 765 1028 837 apud
1055 782 1116 822 se
1148 765 1471 834 abundant,
1507 765 1564 819 in
1597 764 1713 820 alia
1756 781 1935 820 causa

277 855 618 912 commercii
643 854 944 910 transfert.
1431 923 1440 932 '

351 969 378 994 ‹‹
415 945 478 1000 In
510 943 602 999 die
633 942 734 998 illa
763 943 871 999 erit
901 941 1076 999 Israel
1107 943 1316 998 tertius
1353 943 1636 1016 ngyptio,
1670 947 1726 997 et
1753 944 1930 1014 Assy-

265 1034 404 1090 rius
433 1031 758 1090 benedictio
789 1031 848 1088 in
881 1032 1070 1089 medio
1101 1037 1286 1104 terrae,
1310 1033 1403 1088 cui
1427 1032 1722 1088 benedixit
1737 1031 1933 1088 Domi-

265 1142 394 1179 Anus
421 1122 804 1178 exercituum.
829 1144 859 1170 »
884 1121 1160 1194 Legimus
1193 1122 1252 1178 in
1282 1121 1431 1178 libro
1463 1122 1930 1178 Machabzeor-um

277 1213 434 1285 quod
467 1227 716 1284 regnum
749 1211 928 1268 Israel
957 1211 1271 1284 aliquando
1315 1228 1488 1284 reges
1533 1212 1928 1285 Assyriorum,

275 1302 596 1374 aliquando
627 1301 1028 1373 {Egyptiorum
1059 1301 1170 1358 sibi
1193 1301 1588 1358 vindicabant.
1609 1303 1674 1357 In
1693 1301 1928 1357 Domini

273 1409 410 1447 vero
443 1393 716 1461 adventu,
749 1406 938 1462 neque
967 1390 1220 1462 Assyriis
1253 1393 1377 1446 erat
1407 1391 1812 1463 subjugatum,
1837 1408 1930 1446 ne-

273 1497 390 1552 que
421 1480 700 1552 zEgyptiis
724 1497 736 1534 :
762 1480 864 1536 sed
897 1480 1006 1536 sub
1039 1479 1300 1538 Romano
1331 1481 1576 1552 imperio
1607 1483 1732 1536 erat
1759 1497 1927 1536 cons-

263 1570 454 1626 tituta
481 1569 706 1636 civitas,
741 1573 796 1625 et
823 1570 1108 1640 ejusdem
1129 1568 1481 1625 conditionis
1511 1573 1634 1626 erat
1663 1587 1839 1640 quam
1871 1573 1929 1626 et

270 1658 382 1714 illi.
409 1658 582 1728 Quia,
605 1659 758 1716 sicut
773 1659 1106 1716 serviebant
1127 1657 1378 1731 [Egyptii
1401 1663 1456 1714 et
1471 1659 1692 1732 Assyrii
1715 1659 1926 1714 Roma-

273 1749 388 1818 nis,
419 1747 504 1804 ita
531 1753 590 1804 et
621 1747 816 1804 Israel.
851 1749 930 1804 Ac
961 1748 1010 1804 si
1045 1747 1260 1804 diceret
1287 1747 1418 1804 aliis
1447 1747 1637 1803 verbis
1663 1764 1676 1803 :
1703 1747 1928 1818 Nequa-

1364 362 1767 424 COMMENT.
1807 362 1892 422 Μ
1931 359 2236 426 ῘΒΑΙΔΜ.
2267 366 2516 428 -ιῙᾸΒ.
2557 366 2640 426 II.

275 513 400 554 non
426 496 651 552 idcirco
678 493 818 552 dicit
839 497 1002 568 quod
1033 499 1238 567 postea
1259 495 1506 568 subjecti
1525 496 1776 552 fuissent
1804 493 1888 550 illi
1914 511 1926 550 :
1953 495 2016 564 Α

3559 377 3689 438 θη

2105 521 2142 550 .‹‹
2177 499 2247 554 Et
2277 498 2420 554 dixit
2445 500 2751 570 Dominus,
2786 500 2938 558 sicut
2976 518 3178 560 servus
3225 522 3414 575 meus,
3447 527 3476 556 ››
3511 507 3693 568 Isaias

2046 610 2074 637 ‹‹
2098 588 2419 645 ambulavit
2449 590 2643 645 nudus
2675 593 2731 644 et
2759 590 3165 663 discalceatus,
3195 594 3372 649 trium
3403 612 3694 654 annorum

2044 677 2281 749 signum
2314 673 2370 733 et
2401 682 2732 751 portentum
2755 681 2864 736 erit
2884 697 3060 754 super
3077 683 3414 756 zEgyptum,
3435 689 3493 740 et
3517 702 3696 758 super

2041 767 2393 838 Ethioplam.
2429 791 2456 818 ››
2487 769 2780 841 Propheta:
2801 769 2908 825 viri
2929 773 3693 846 portendenteserant,quia

2044 872 2159 911 non
2189 857 2388 912 sulum
2421 875 2490 916 ea
2519 877 2644 931 qua:
2676 859 2964 930 dicebant,
2999 862 3100 918 sed
3131 861 3308 918 etiam
3347 880 3533 936 .opera
3561 862 3688 920 illo-

2041 961 2172 1000 rum
2203 945 2548 1020 plerumque
2579 947 2736 1004 aliud
2763 950 3222 1024 praefigurabant
3255 968 3267 1008 :
3301 951 3456 1008 sicut
3491 953 3548 1007 in
3581 951 3688 1008 hoc

2038 1033 2164 1090 loco
2193 1052 2513 1108 possumus
2545 1054 2911 1110 cognoscere.
2939 1039 3279 1096 Notandum
3301 1045 3528 1108 autem,
3551 1042 3689 1115 quia

2041 1140 2176 1179 cum
2209 1125 2370 1196 dicit,
2407 1125 2586 1180 trium
2617 1144 2904 1182 annorum
2937 1127 3174 1200 signum
3206 1128 3333 1198 erit,
3367 1147 3481 1186 non
3513 1131 3685 1188 debe-

2040 1229 2174 1268 mus
2203 1216 2408 1286 putare
2433 1215 2584 1286 quod
2615 1231 2720 1286 per
2739 1219 2864 1272 tres
2894 1233 3078 1272 annos
3109 1216 3240 1272 ierit
3267 1218 3550 1290 propheta
3579 1237 3685 1276 nu-

2029 1301 2150 1356 .dus
2185 1319 2197 1357 :
2231 1305 2330 1359 sed
2363 1321 2465 1376 per
2495 1320 2806 1360 numerum
2837 1321 3126 1360 annorum
3169 1322 3487 1378 possumus
3521 1307 3686 1362 intel-

2037 1389 2214 1463 ligere
2245 1392 2370 1448 dies
2405 1409 2418 1446 :
2449 1393 2602 1464 quod
2635 1392 2694 1448 in
2727 1392 3022 1449 volumine
3069 1392 3384 1450 Ezechielis
3425 1395 3686 1450 ostendi-

2025 1485 2154 1549 tur,
2187 1481 2416 1536 dicente
2441 1481 2691 1538 Domino
2723 1483 2794 1536 ad
2840 1498 2974 1538 eum
3010 1499 3022 1537 :
3057 1482 3223 1540 Diem
3267 1499 3370 1554 pro
3421 1501 3593 1553 anno,
3617 1483 3685 1540 id

2036 1574 2144 1640 est,
2181 1569 2238 1624 in
2273 1587 2450 1643 quam
2483 1571 2638 1625 diem
2668 1587 2771 1642 pro
2803 1588 2956 1640 anno
2981 1571 3120 1626 dedi
3153 1571 3279 1626 tibi.

2108 1682 2134 1710 α
2171 1659 2265 1716 Sic
2297 1657 2545 1714 minabit
2574 1677 2672 1716 rex
2697 1659 3070 1732 Assyriorum
3101 1659 3491 1732 captivitatem
3514 1662 3684 1735 Egy-

2034 1747 2142 1820 pti,
2168 1753 2226 1804 et
2255 1747 2831 1822 transmigrationem
2863 1748 3184 1822 zEthiopiaa,
3209 1749 3485 1820 juvenem
3505 1753 3573 1806 et
3595 1767 3664 1807 se

253 1855 451 1909 -quam
482 1853 618 1910 ergo
637 1836 818 1898 Israel
840 1837 994 1894 inter
1011 1837 1279 1910 Assyrios
1297 1841 1356 1893 et
1375 1836 1670 1910 {Egyptios
1695 1837 1925 1892 medius
1955 1869 2006 1936 B
2029 1854 2189 1906 nem,
2207 1837 2448 1908 nudam,
2463 1841 2520 1893 et
2539 1837 3628 1912 discalceatamdiscoopertisnatibus.
3651 1861 3679 1890 υ

265 1927 592 1995 vexabitur,
625 1925 710 1982 sic
739 1926 850 1982 erit
874 1927 958 1982 eis
983 1925 1192 1982 tertius
1217 1925 1393 1998 :qu-ia
1421 1926 1673 1982 servient
1702 1924 1786 1980 illi
1809 1927 1923 1982 duo
1955 1924 2004 1936 ““’
2035 1926 2333 1982 Subaudis
2377 1926 2567 1983 tribus
2612 1927 2802 1996 annis,
2827 1927 2990 1984 «sicut
3035 1943 3240 1984 servus
3285 1943 3452 1984 meus
3501 1927 3680 1984 Isaias

265 2015 472 2087 populi
505 2015 784 2072 Romanis
815 2015 970 2072 sicut
1002 2015 1198 2084 Israel,
1231 2019 1288 2070 et
1319 2015 1432 2070 erit
1461 2015 1545 2072 eis
1596 2015 1920 2072 benedictio

251 2104 330 2160 in
379 2105 572 2162 medio
620 2109 808 2166 terrea.
843 2107 1031 2171 Quare
1077 2103 1447 2160 benedictio?
1477 2104 1616 2176 quia
1663 2105 1734 2160 de
1781 2104 1919 2161 Sion

249 2194 452 2250 .exibit
479 2193 588 2262 lex,
622 2197 678 2250 et
706 2193 947 2250 verbum
977 2193 1212 2256 Domini
1238 2195 1308 2250 de
1337 2193 1788 2263 Hierusalem,id
1809 2198 1917 2260 est,

263 2283 646 2339 benedicatur
683 2283 741 2337 in
786 2286 904 2340 toto
952 2283 1195 2349 mundo,
1227 2283 1286 2338 in
1340 2282 1640 2354 apostolis,
1672 2282 1918 2354 aliisque

249 2371 660 2428 credentibus.
694 2371 798 2432 Cui
847 2389 982 2445 ergo
1033 2372 1143 2428 erit
1191 2371 1367 2428 Israel
1416 2371 1789 2428 benedictio?
1827 2371 1916 2432 llli

249 2461 480 2533 populo
512 2461 604 2522 cui
635 2461 930 2520 benedixit
961 2462 1262 2530 Dominus,
1285 2461 1344 2516 id
1367 2465 1476 2532 est,
1504 2461 1576 2516 ab
1606 2460 1705 2516 illo
1735 2461 1915 2516 bene-

245 2551 510 2618 dicetur,
545 2567 724 2623 aquo
774 2555 908 2608 ante
954 2549 1434 2618 maledicebatur,
1475 2550 1572 2606 cui
1622 2550 1916 2606 benedixit

255 2639 572 2696 Dominus.
606 2663 634 2690 «
669 2639 1018 2698 Benedictus
1057 2638 1315 2712 populus
1364 2656 1531 2695 meus
1577 2639 1828 2710 1Egypti,
1857 2643 1915 2694 et

251 2745 412 2801 opus
443 2745 730 2786 manuum
771 2745 1034 2790 mearum
1063 2727 1298 2801 Assyrio
1329 2728 1424 2784 sit.
1461 2751 1490 2776 »
1522 2728 1616 2782 llic
1647 2728 1913 2800 regiones

253 2835 380 2890 pra:
411 2818 686 2874 omnibus
707 2817 1042 2891 regionibus
1065 2818 1368 2874 abundant
1389 2816 1768 2873 multitudine
1791 2817 1914 2874 Mo-

253 2907 611 2976 naehorum,
642 2906 886 2978 ideoque
916 2925 950 2964 a
975 2906 1227 2968 Domino
1277 2906 1541 2963 benedici
1591 2909 1908 2962 merentur.

251 3019 281 3046 κ
322 2997 642 3054 Ηωιιθάὶιδε
673 3001 869 3056 autem
901 3013 1034 3054 mea
1063 2995 1261 3052 Israel.
1287 3019 1314 3046 »
1349 2998 1536 3062 Quare
1565 2995 1912 3052 haereditas?

249 3086 409 3152 Quia
436 3085 518 3140 ibi
549 3090 638 3142 est
663 3091 858 3154 natus,
890 3085 1169 3154 nutrit-us,
1189 3103 1422 3156 passus,
1447 3085 1645 3156 ibique
1667 3071 1912 3140 redemit

249 3191 447 3248 genus
477 3174 825 3243 humanum,
855 3174 935 3230 ibi
966 3178 1024 3234 et
1053 3175 1388 3232 resurrexit.

890 3317 1122 3376 CAPUT
1159 3317 1272 3374 XX.

327 3464 360 3492 «
381 3442 448 3500 In
482 3459 634 3499 anno
661 3458 776 3514 quo
805 3441 1104 3516 ingressus
1121 3447 1209 3500 est
1223 3442 1482 3502 Thartan
1497 3443 1556 3498 in
1573 3445 1908 3517 )Egyptum,

243 3549 396 3587 cum
425 3531 690 3588 misisset
718 3547 852 3588 eum
884 3533 1106 3604 Sargon
1135 3549 1236 3590 rex
1269 3534 1642 3607 Assyriorum
1693 3539 1750 3590 et
1797 3553 1910 3607 pu-

243 3623 498 3692 gnasset
527 3625 731 3678 contra
759 3623 1004 3678 Azotum
1037 3626 1094 3677 et
1123 3623 1376 3694 cepisset
1403 3623 1620 3692 eam,in
1651 3627 1910 3696 tempore

243 3709 350 3764 illo
387 3708 621 3766 locutus
649 3714 740 3766 est
767 3709 1054 3770 Dominus
1085 3711 1143 3766 in
1167 3728 1347 3768 manu
1369 3712 1530 3768 Isaiae
1549 3712 1654 3768 ﬁlii
1671 3715 1907 3769 Amos.»

241 3800 470 3854 Azotus
503 3816 620 3856 una
649 3803 737 3862 est
768 3799 912 3860 urbs
941 3799 1384 3857 Philistinorum
1409 3801 1818 3873 potentissima
1839 3801 1910 3858 de

241 3887 519 3959 quinque
549 3887 794 3944 urbibus
827 3905 1004 3961 quam
1034 3889 1251 3962 Ssrgon
1277 3907 1376 3946 rex
1405 3891 1774 3962 Assyriorum
1806 3890 1908 3963 qui

242 3981 304 4032 et
333 3977 740 4034 Sennacherib
769 3977 1118 4050 appellatur,
1154 3979 1254 4050 qui
1295 3983 1520 4051 septem
1571 3979 1909 4036 nominibus

241 4069 631 4136 nuncupatus
661 4070 772 4135 est,
805 4071 873 4124 ut
903 4067 1112 4128 beatus
1145 4067 1530 4140 Hieronymus
1561 4068 1909 4136 dicit,misso

239 4155 400 4210 duce
429 4155 719 4210 exercitus
749 4155 841 4211 sui
873 4155 1132 4216 Thartan
1164 4157 1399 4213 nomine
1430 4157 1582 4230 cepit
1612 4175 1676 4214 ac
1697 4157 1905 4214 tenuit.

239 4243 354 4300 Illo
387 4249 656 4316 tempore
685 4245 920 4316 quando
957 4244 1079 4302 haec
1129 4247 1270 4304 urbs
1319 4250 1490 4318 capta
1537 4253 1644 4314 est,
1673 4247 1908 4304 locutus

238 4335 338 4388 est
365 4331 436 4388 in
466 4349 648 4390 manu
683 4333 874 4402 Isaia,
905 4334 964 4390 id
993 4339 1083 4394 est
1107 4336 1168 4390 in
1199 4336 1531 4408 operatione
1559 4335 1912 4394 illius.Talia

239 4419 410 4476 enim
437 4437 616 4494 opera
645 4423 855 4495 agebat
881 4423 1189 4496 propheta,
1224 4429 1289 4482 ut
1317 4424 1533 4498 dignus
1581 4429 1738 4482 esset
1784 4443 1910 4482 ser-

239 4525 492 4566 monem
521 4508 624 4564 Dei
657 4511 877 4567 audire.

2033 2013 2354 2070 ambulavit
2410 2015 2600 2072 tribus
2656 2014 2885 2085 diebus,
2944 2018 3002 2071 et
3049 2019 3194 2071 tunc
3233 2015 3679 2088 «ignominiam

2023 2102 2280 2176 ngypti,
2317 2126 2344 2154 ››
2373 2103 2665 2160 subaudis
2693 2104 2974 2160 videbunt
3003 2120 3226 2176 omnes,
3249 2121 3390 2164 cum
3435 2104 3522 2162 ita
3569 2105 3678 2162 mi-

2030 2191 2270 2247 nabitur
2299 2193 2358 2248 in
2387 2192 2810 2265 captivitatem.

2100 2303 2128 2331 κ
2161 2282 2230 2335 Et
2259 2281 2573 2349 timebunt,
2595 2304 2622 2332 ››
2639 2282 2967 2340 saubaudis
2985 2283 3173 2338 Judaei
3195 2304 3222 2332 ‹‹
3247 2287 3305 2338 et
3319 2283 3680 2340 confunden-

2027 2374 2124 2426 tur
2153 2371 2224 2426 ab
2254 2371 2546 2443 jE'thiopia
2567 2388 2676 2444 spe
2705 2375 2892 2428 suaet
2924 2373 2996 2428 ab
3027 2373 3269 2444 Egypto
3300 2371 3492 2444 gtocia
3507 2388 3676 2430 sua.»

2025 2460 2210 2516 Judaei
2237 2459 2644 2532 gloriabantur
2665 2461 2726 2516 in
2763 2461 3046 2534 Aigyptiis
3091 2461 3194 2534 qui
3239 2461 3325 2517 eis
3374 2460 3676 2534 prem-itte-

2019 2550 2166 2606 bant
2191 2550 2610 2621 protectienem
2641 2555 2697 2606 et
2727 2551 3022 2608 habebant
3049 2551 3326 2606 ﬁduciam
3362 2551 3422 2604 in
3449 2550 3672 2608 Ait-hio—

2017 2639 2196 2710 pibus
2229 2640 2328 2710 qui
2351 2643 2528 2694 erant
2555 2639 2839 2712 rEgyptiis
2869 2640 3093 2696 sociati.
3126 2640 3272 2698 Cum
3303 2656 3440 2712 ergo
3469 2639 3674 2696 audis—

2015 2731 2152 2784 sent
2197 2733 2256 2784 et
2305 2729 2587 2784 vidissent
2633 2732 2754 2784 tam
2801 2727 3098 2801 [Egyptios
3147 2745 3326 2799 quam
3369 2727 3669 2798 Althiopes

2021 2817 2234 2873 minari
2283 2817 2343 2872 in
2393 2816 2786 2890 captivitatem
2833 2816 3221 2889 ignominiose
3259 2816 3344 2872 ab
3391 2815 3666 2887 Assyriis,

2019 2906 2345 2964 timuerunt
2371 2905 2558 2974 valde,
2589 2909 2646 2961 et
2675 2906 3036 2962 erubuernnt
3069 2906 3233 2977 quod
3282 2921 3447 2978 spem
3496 2921 3667 2962 suam

2019 2995 2080 3050 in
2111 2995 2228 3050 illis
2255 2993 2581 3068 posuerint.

2093 3107 2120 3134 ι(
2153 3085 2224 3140 Μ
2254 3084 2408 3140 dieet
2437 3083 2733 3168 habitator
2770 3083 2951 3156 hujus
2995 3083 3204 3142 insulae
3253 3085 3312 3140 in
3353 3083 3451 3142 die
3479 3083 3601 3144 illa.
3637 3106 3668 3134 ››

2019 3172 2217 3229 Insula
2243 3172 2460 3230 dicitur
2487 3189 2552 3230 eo
2583 3174 2736 3244 quod
2766 3174 2828 3228 in
2859 3173 3086 3244 salo,'id
3100 3173 3274 3230 estin
3287 3173 3444 3234 mari
3461 3173 3546 3234 sit
3565 3190 3668 3246 pe-

1937 3241 1984 3318 C
2019 3262 2230 3322 sita.Et
2250 3241 2617 3318 Hierusalem
2632 3261 2827 3318 insula
2847 3241 3350 3335 appellatur,quia
3363 3261 3544 3326 variis
3559 3241 3669 3324 ad-

2019 3353 2408 3408 versariorum
2439 3352 2945 3424 persecutionibus
2973 3353 3388 3410 tendebaturm
3405 3351 3672 3414 Haecine

2019 3446 2144 3498 erat
2173 3459 2310 3514 spes
2329 3443 2628 3508 nostra,ad
2649 3459 2796 3514 quos
2817 3442 3192 3515 confugimus
3212 3441 3273 3498 in
3295 3440 3672 3508 auxﬂinmmt

2019 3531 2334 3590 liberarent
2353 3549 2460 3588 nos
2475 3549 2509 3588 a
2521 3532 2670 3590 facie
2691 3532 2844 3604 regis
2863 3531 3234 3603 Assyriorum
3257 3548 3269 3586 :
3297 3535 3356 3590 et
3373 3531 3669 3603 quomodo

2020 3638 2126 3676 nos
2147 3623 2400 3694 effugere
2419 3621 2823 3694 potuerimus?
2838 3621 3156 3692 «Nunquid
3177 3620 3291 3676 ista
3309 3623 3399 3676 est
3415 3635 3549 3691 spes
3571 3635 3667 3676 no-

2017 3714 2142 3766 stra
2166 3727 2342 3782 quam
2373 3711 2736 3770 habebamus
2767 3710 2826 3764 in
2857 3711 3100 3782 IEgypto
3125 3713 3183 3766 et
3201 3707 3572 3779 lEthiepia,et
3594 3707 3666 3764 ad

2018 3799 2125 3856 hos
2157 3800 2530 3871 confugimus
2553 3803 2617 3854 ut
2637 3798 2806 3855 nobis
2827 3799 3150 3870 praeberent
3169 3795 3582 3868 auxilium,qui
3603 3813 3668 3854 se

2018 3889 2089 3946 de
2119 3887 2468 3961 captivitatis
2508 3887 2662 3944 malo
2713 3905 2914 3944 eruere
2963 3886 3368 3959 nequiverunt.
3393 3885 3472 3946 Et
3497 3885 3550 3946 si
3581 3884 3667 3948 illi

2018 3977 2174 4050 capti
2195 3980 2357 4045 Sunt,
2373 3977 2666 4049 quomodo
2687 3994 2795 4032 nos
2816 3977 3068 4049 effugere
3088 3974 3445 4048 poterimus?
3463 3974 3668 4034 Consi-

2019 4067 2276 4124 deranda
2303 4070 2393 4122 est
2423 4065 2784 4138 providentia
2811 4065 2936 4131 Dei,
2962 4065 3253 4137 quomodo
3271 4063 3473 4124 omnia
3493 4077 3672 4136 regna

2019 4159 2221 4212 contra
2249 4173 2310 4211 se
2334 4155 2392 4210 in
2425 4154 2762 4226 superbiam
2794 4153 3014 4214 elevata
3043 4152 3668 4221 destruxerit,«eorum-

2019 4263 2133 4318 que
2165 4249 2512 4319 potestatem
2543 4245 2615 4302 ad
2657 4243 2910 4302 nihilum
2955 4242 3282 4304 deduxerit.
3307 4246 3526 4304 Contra
3571 4243 3672 4300 Dei

2019 4335 2381 4394 volun-tatem
2415 4333 2590 4392 Israel
2640 4333 2896 4408 speravit
2937 4333 3004 4390 in
3056 4333 3335 4392 Damasco
3383 4336 3441 4388 et
3491 4333 3674 4405 Syriis

2022 4424 2270 4498 ideoque
2299 4429 2419 4482 tam
2451 4424 2532 4480 illi
2567 4424 2668 4497 qui
2711 4421 3059 4480 adversariis
3103 4421 3206 4478 Dei
3253 4420 3674 4492 promittebant

2020 4513 2326 4582 auxilium,
2351 4531 2527 4586 quam
2549 4513 2632 4568 illi
2657 4513 2756 4584 qui
2781 4512 2840 4566 in
2865 4510 3012 4583 ipsis
3043 4507 3674 4581 sperabant,vastat_ilet

320 4621 348 4648 α
383 4597 552 4656 Vade
579 4602 640 4654 et
669 4598 824 4656 solve
853 4617 1090 4656 saccum
1117 4601 1188 4658 de
1217 4600 1438 4658 lumbis
1469 4602 1607 4660 tuis.
1643 4627 1672 4652 »
1697 4605 1912 4660 Saccus
1943 4619 1994 4686 Β
2025 4603 2300 4676 captivati
2331 4607 2470 4660 sunt
2495 4602 2568 4657 ab
2597 4599 2872 4672 Assyriis.
2905 4596 3186 4686 Judas,id
3207 4596 3458 4686 est,duae
3481 4595 3674 4686 tribus

237 4688 674 4745 vestimentum
701 4693 792 4746 est
821 4689 1144 4746 cilicinum.
1179 4691 1282 4748 llic
1313 4692 1470 4748 enim
1502 4696 1626 4748 erat
1677 4693 1915 4749 habitus
1946 4685 1972 4686 έν
2017 4692 2394 4748 conﬁdebant
2422 4691 2482 4744 in
2513 4690 2776 4761 lEgypto,
2809 4690 2867 4744 et
2891 4685 3140 4760 Egyptii
3171 4685 3232 4742 in
3279 4685 3672 4759 IEthiopibus,

237 4776 638 4850 prophetalis,
685 4777 1018 4852 plangentis
1077 4779 1294 4836 delicta
1349 4781 1569 4853 populi.
1605 4784 1737 4838 «Et
1783 4782 1916 4838 fecit

235 4869 336 4922 sic
357 4884 370 4923 :
393 4891 424 4916 »
449 4868 669 4924 vadens
700 4868 896 4926 nudus
925 4873 982 4924 et
1011 4868 1418 4926 discalceatus.
1444 4870 1592 4926 Mira
1619 4871 1914 4943 prophetae

237 4955 606 5014 obedientiaz
637 4973 648 5012 :
683 4958 836 5029 quod
871 4957 958 5013 vir
995 4957 1403 5016 nobilissimus
1452 4977 1566 5015 non
1619 4959 1918 5016 erubuerit

235 5047 456 5103 nudus
497 5046 788 5116 incedere,
821 5049 922 5104 sed
972 5049 1074 5104 Dei
1129 5049 1429 5122 praeceptis
1475 5050 1732 5119 obedire,
1767 5049 1916 5106 nihil

235 5135 566 5192 honestius
589 5137 888 5207 judicans,
913 5137 1252 5210 deposuerit
1273 5155 1532 5210 saccum,
1555 5157 1672 5212 quo
1691 5140 1916 5210 abjeeto

233 5225 456 5281 nudus
489 5225 622 5282 fuit.
657 5225 844 5282 Unam
876 5226 1036 5284 enim
1058 5227 1312 5284 habebat
1333 5229 1695 5294 tunicam,ut
1715 5229 1922 5286 beatus

235 5314 652 5386 Hieronymus
683 5315 864 5382 dicit”
881 5315 1190 5388 ipsamque
1221 5317 1535 5372 cilicinam.
1567 5316 1702 5374 Ideo
1727 5321 1920 5373 autem

227 5401 518 5458 diximus
549 5402 720 5460 illum
751 5405 1190 5462 nobilissimum
1221 5405 1424 5472 fuisse,
1457 5405 1791 5477 quia(sicut
1821 5407 1924 5464 He-

229 5489 400 5546 braei
430 5493 697 5565 tradunt)
731 5497 906 5552 tanta:
952 5493 1273 5550 nobilitatis
1325 5494 1454 5564 fuit,
1489 5499 1554 5550 ut
1601 5495 1922 5564 Manasses,

225 5596 356 5638 rex
400 5579 655 5638 duarum
707 5583 972 5640 tribuum
1021 5583 1180 5642 ﬁlius
1229 5584 1484 5644 Ezechiae
1533 5585 1708 5660 regis,
1739 5585 1922 5642 ﬁliam

229 5669 392 5746 ejus
421 5669 718 5750 acciperet
743 5671 808 5734 in
831 5689 1100 5736 uxorem.

2025 4781 2138 4853 ipsi
2157 4797 2386 4853 quoque
2403 4780 2475 4836 ab
2490 4778 2746 4851 Assyriis
2763 4775 3168 4848 Chaldaeisque
3187 4774 3323 4832 victi
3337 4777 3676 4848 'sunt.Assy-

2025 4870 2096 4926 rii
2128 4869 2362 4942 superbi
2393 4872 2584 4936 erant,
2617 4872 2890 4941 putantes
2922 4883 2984 4922 se
3003 4865 3250 4922 victores
3270 4867 3547 4924 exsistere
3567 4879 3676 4926 sua

2025 4960 2236 5015 virtute
2267 4976 2300 5012 a
2329 4956 2614 5014 Chaldaeis
2643 4973 2890 5031 regnum
2921 4972 3124 5014 eorum
3145 4951 3597 5028 periit.Chaldmi
3613 4955 3676 5010 et

2027 5047 2326 5120 Babylonii
2358 5053 2668 5104 erexerunt
2695 5051 2870 5120 caput
2898 5051 3104 5104 contra
3131 5045 3467 5111 Dominum,
3493 5059 3528 5098 θ.
3555 5041 3675 5100 Me-

2031 5137 2122 5193 dis
2148 5141 2204 5192 et
2235 5137 2426 5193 Persis
2457 5137 2746 5211 suppositi
2779 5141 2938 5192 sunt.
2972 5137 3155 5192 Persae
3185 5137 3242 5190 et
3271 5131 3424 5190 Medi
3449 5130 3526 5190 ab
3545 5129 3676 5188 Ale-

2031 5227 2256 5284 xandro
2287 5244 2523 5300 magno.
2550 5227 2874 5282 Alexander
2903 5241 3156 5296 magnus
3187 5239 3322 5280 cum
3353 5237 3416 5280 se
3447 5222 3681 5292 putaret

2031 5334 2160 5374 esse
2191 5320 2254 5372 ut
2283 5317 2492 5386 Deum,
2521 5331 2740 5372 veneno
2767 5313 2960 5384 periit,
2987 5327 3356 5386 regnumque
3405 5311 3534 5382 ejus
3573 5323 3681 5383 per

2033 5411 2226 5479 partes
2284 5405 2538 5462 divisum
2569 5421 2602 5460 a
2633 5401 2909 5460 Romanis
2966 5407 3056 5458 est
3111 5403 3473 5475 superatum,
3503 5403 3563 5456 et
3619 5399 3680 5454 in

2027 5513 2235 5553 eorum
2265 5497 2612 5566 potestatem
2647 5493 3318 5550 redactum.Romanum
3335 5489 3677 5564 imperium,

2027 5587 2190 5660 quod
2219 5583 2390 5657 quasi
2421 5582 2652 5638 ferratis
2694 5580 2968 5638 dentibus
3015 5582 3430 5654 unguibusque
3467 5593 3682 5638 carnes

2031 5679 2373 5738 sanctorum
2399 5673 2697 5746 laceravit,
2714 5673 2842 5750 jam
2865 5675 3114 5748 apparet
3139 5670 3678 5748 destruet-timeam,
