4090 6192
407 377 528 443 815

833 377 1246 438 HAYMONIS
1276 370 1815 434 HALBERSTAT.
1852 363 2098 430 EPISC.
2129 361 2304 426 OPP.
2335 362 2538 426 PARS
2569 363 2619 424 Ι.
2650 399 2726 408 -
2755 363 3163 426 COMMENT.
3193 361 3390 424 BIBL.

3690 357 3805 418 816

409 517 470 571 et
497 513 833 570 destruetur
859 511 918 566 in
949 509 1042 566 die
1053 507 1434 581 judicii,cum
1457 522 1704 580 regnum
1729 502 1945 561 Christi
1965 501 2061 558 ad-
2087 499 2144 566 Α
2171 501 2261 554 est
2288 497 2432 553 mihi
2463 497 2523 553 in
2556 497 2930 554 miraculum.
2965 519 2994 546 »
3023 496 3144 552 Vox
3191 495 3504 568 prophetis,
3539 491 3639 566 qui
3687 492 3810 548 ideo

409 601 650 658 venerit.

1033 686 1267 742 CAPUT
1306 685 1445 740 XXI.

485 801 512 827 ‹‹
532 777 693 832 Onus
713 775 927 831 deserti
946 777 1188 832 maris.»
1207 776 1362 830 Mare.
1387 774 1715 847 appellatur
1737 773 1792 826 in
1813 772 1923 826 hoc
1938 770 2064 826 loco

412 865 690 940 Babylon,
720 869 956 938 propter
987 864 1428 920 multitudinem
1462 863 1812 936 populorum
1845 879 1972 932 quae
2005 861 2064 913 in

411 971 481 1011 ea
509 957 652 1022 erat,
686 955 840 1010 unde
870 959 929 1010 et
959 971 1062 1026 per
1087 953 1402 1009 Jeremiam
1434 951 1650 1006 dicitur
1671 952 1741 1005 ad
1764 948 2066 1004 Nabucho-

409 1045 696 1101 donosor:
717 1066 748 1094 «
765 1042 1070 1100 Desertum
1095 1042 1266 1097 faciet
1285 1041 1570 1096 Dominus
1593 1055 1753 1094 mare
1783 1039 1912 1109 ejus
1933 1039 2061 1105 (Jer.

410 1135 507 1203 ιι).
543 1155 572 1182 ››
603 1133 766 1200 Quod
797 1132 1094 1187 desertum
1135 1131 1370 1195 dicitur,
1405 1129 1544 1201 quia
1591 1127 1928 1183 derelictum
1977 1130 2068 1182 est

411 1239 448 1279 a
475 1221 615 1290 Deo,
647 1223 706 1277 et
731 1224 1077 1276 evacuatum
1107 1219 1180 1274 ah
1215 1217 1642 1272 habitatoribus
1671 1216 1816 1271 suis.
1842 1240 1869 1265 «
1901 1216 2066 1270 Sicut

411 1308 676 1366 turbines
725 1309 798 1364 ab
851 1307 1043 1364 Africo
1096 1307 1356 1376 veniunt,
1390 1307 1460 1361 de
1508 1307 1736 1361 deserto
1783 1304 1962 1373 venit,
1993 1305 2065 1360 dc

409 1402 566 1454 terra
593 1395 862 1453 horribili
893 1396 1036 1452 visio
1070 1397 1218 1451 dura
1249 1395 1516 1450 nuntiata
1546 1399 1634 1449 cst
1680 1393 1846 1448 mihi.
1884 1416 1912 1442 ››
1946 1398 2066 1448 Vox

411 1484 724 1560 Babylonis
753 1489 862 1541 est.
895 1485 1060 1541 Sicut
1106 1486 1178 1540 ab
1207 1484 1421 1552 Africo,
1455 1483 1512 1538 id
1561 1487 1652 1538 est
1701 1484 1774 1538 ab
1823 1481 2066 1538 australi

411 1579 598 1650 parte,
629 1578 971 1648 tempestas
998 1574 1310 1630 vehemens
1359 1573 1556 1629 venire
1604 1571 1905 1628 consuevit
1938 1588 1950 1628 :
1985 1571 2074 1626 ita

411 1662 559 1720 mihi
589 1665 661 1720 de
691 1665 922 1720 deserto
955 1663 1257 1719 Medorum
1289 1667 1346 1717 et
1375 1663 1686 1718 Persarum
1705 1661 1947 1719 vastitas
1968 1677 2064 1716 ve-

412 1752 519 1826 nit,
549 1755 607 1809 et
637 1753 709 1808 de
737 1755 894 1808 terra
922 1750 1211 1822 horribili,
1242 1750 1299 1805 id
1332 1753 1421 1806 est
1463 1747 1730 1816 terribili,
1763 1748 1932 1820 cujus
1959 1763 2065 1802 nec

410 1858 624 1898 nomen
653 1840 856 1898 audire
889 1857 1133 1912 possum
1175 1838 1300 1895 sine
1351 1837 1683 1894 formidine.
1714 1837 1874 1892 Visio
1916 1837 2066 1891 dura

412 1929 684 1988 nuntiata
701 1933 792 1987 est
811 1927 1272 1997 mihi,adventus
1293 1927 1515 1983 scilicet
1539 1927 1839 1982 Medorum
1862 1929 1918 1981 ct
1939 1924 2066 1980 Per-

411 2035 634 2076 sarum.
667 2017 819 2085 Quid
867 2017 1074 2073 durius
1105 2033 1283 2089 quam
1315 2015 1668 2088 captivitatis
1699 2013 1966 2071 malum?
1995 2015 2068 2069 Et

411 2107 554 2180 quid
576 2106 782 2164 durius
803 2121 981 2178 quam
1008 2105 1080 2160 ab
1098 2105 1243 2176 ipsis
1261 2105 1544 2176 subjectis
1562 2121 1677 2158 non
1699 2102 1891 2159 solum
1914 2103 2069 2157 bona

411 2193 776 2270 temporalia,
808 2193 911 2250 sed
939 2194 1118 2250 etiam
1148 2193 1327 2248 vitam
1359 2195 1705 2264 praesentem
1736 2191 1996 2247 auferri?

483 2308 512 2335 «
545 2283 654 2348 Qui
685 2281 1024 2338 incredulus
1045 2286 1154 2349 est,
1174 2304 1203 2332 »
1229 2281 1286 2335 id
1309 2285 1397 2336 est
1417 2280 1516 2352 qui
1542 2279 1796 2336 infidelis
1817 2284 1906 2335 est
1927 2280 2063 2348 Deo,

409 2371 498 2430 vel
529 2371 769 2428 domino
800 2369 1153 2428 suo.Darius
1173 2370 1258 2425 vel
1289 2370 1472 2442 Cyrus
1493 2392 1520 2419 «
1550 2368 1867 2424 infideliter
1886 2367 2066 2440 agit,»

413 2459 700 2518 subaudis
721 2463 924 2516 contra
944 2458 1248 2514 dominum
1273 2475 1448 2514 suum
1469 2457 2067 2525 Balthasar,occidcn-

414 2551 486 2607 do
515 2550 682 2606 illum
710 2567 723 2606 :
748 2572 776 2599 «
801 2553 858 2604 et
882 2549 980 2621 qui
1004 2547 1388 2621 depopulator
1411 2571 1438 2598 »
1465 2547 1583 2604 sive
1603 2551 1862 2603 vastator
1882 2570 1908 2597 «
1932 2565 2067 2602 vas-

412 2643 516 2708 tat,
541 2663 570 2688 ››
593 2637 880 2696 subaudis
908 2654 1022 2693 me.
1053 2637 1174 2693 Vox
1207 2638 1394 2710 ipsius
1427 2635 1758 2710 Babylonis.
1792 2636 2068 2703 Quamvis

412 2727 568 2784 enim
599 2727 717 2784 Deo
747 2726 1122 2799 permittente
1152 2725 1294 2781 illud
1331 2727 1513 2797 fieret,
1537 2730 1732 2781 tamen
1754 2724 2070 2780 inﬁdeliter

412 2820 659 2889 egerunt
695 2815 906 2872 Darius
953 2819 1011 2872 et
1059 2815 1241 2888 Cyrus
1289 2820 1492 2871 contra
1540 2814 1845 2870 dominum
1891 2831 2067 2870 suum

414 2904 739 2962 Balthasar.
773 2929 801 2956 ‹‹
834 2905 1096 2962 Ascende
1128 2904 1313 2972 Elam,
1338 2903 1540 2960 obside
1563 2905 1732 2960 Bede.
1763 2928 1790 2953 »
1811 2904 1930 2960 Vox
1956 2904 2068 2960 Do-

412 2992 558 3048 mini
590 2991 942 3066 alloqucntis
974 2991 1412 3047 multitudinem
1447 2991 1752 3046 Persarum
1784 2995 1842 3046 et
1873 2991 2068 3046 Medo-

412 3095 565 3134 rum.
596 3078 760 3134 Elam
791 3095 1044 3151 namque
1077 3077 1374 3150 provincia
1403 3083 1494 3134 est
1515 3079 1822 3134 Persarum
1845 3083 1902 3134 et
1925 3079 2070 3134 civi-

410 3169 524 3235 tas,
556 3183 660 3238 per
706 3184 885 3238 quam
933 3166 1344 3240 intelliguntur
1390 3167 1660 3222 homines
1709 3167 1780 3222 de
1819 3166 1981 3223 Elam
2013 3171 2070 3222 et

413 3235 668 3310 Persida.
700 3235 985 3322 (tacende,
1023 3235 1240 3326 inquit,
1272 3273 1304 3311 ο
1335 3255 1623 3312 exercitus
1669 3254 1854 3324 Elam,
1890 3255 1948 3310 id
1981 3261 2073 3312 est
2099 3235 2144 3303 (ἶ

413 3341 515 3414 qui
540 3341 612 3398 de
640 3341 806 3398 Elam
839 3341 1137 3414 provincia
1181 3342 1366 3414 venis,
1397 3346 1454 3400 ct
1483 3361 1515 3398 ο
1547 3344 1833 3400 exercitus
1883 3345 2068 3414 Mede,

413 3429 515 3503 qui
545 3429 618 3486 de
649 3429 819 3486 Meda
848 3447 932 3502 es,
965 3429 1168 3486 obside
1197 3430 1574 3504 Babylonem.
1599 3434 1670 3488 Et
1697 3437 1787 3489 est
1817 3451 2028 3490 sensus
2053 3451 2067 3491 :

413 3519 497 3576 Ne
524 3517 802 3591 timentis,
838 3537 871 3576 o
903 3519 1055 3576 Medi
1096 3524 1152 3576 et
1201 3521 1382 3592 Persi,
1413 3525 1640 3577 vastare
1691 3522 2068 3596 Babylonem,

415 3607 716 3666 ascendite
747 3626 926 3683 super
945 3626 1126 3682 equos
1145 3613 1454 3678 vestros,et
1471 3611 1733 3668 obsidete
1753 3611 2066 3668 civitatem.

415 3723 444 3750 «
475 3699 722 3756 Omnem
753 3699 1038 3773 gemitum
1070 3700 1200 3771 ejus
1239 3715 1468 3756 cessare
1515 3700 1643 3755 feci.
1679 3723 1708 3750 υ
1741 3699 2072 3774 Tripliciter

413 3787 536 3844 haec
565 3788 856 3846 sententia
875 3791 1066 3860 potest
1085 3787 1610 3861 intelligi.0mnem
1633 3789 1916 3862 gemitum
1941 3791 2069 3861 ejus

407 3895 637 3936 cessare
668 3877 928 3950 feci,quo
949 3881 1004 3933 te
1025 3882 1083 3934 et
1113 3877 1260 3934 alias
1288 3883 1490 3950 gentes
1519 3895 1751 3951 gemere
1784 3879 2064 3936 faciebat:

404 3966 496 4025 vel
527 3967 684 4040 quod
715 3965 914 4022 nullus
936 3967 1063 4038 jam
1097 3971 1294 4038 gemat
1325 3985 1564 4039 pressus
1595 3969 1856 4040 potentia
1873 3966 2067 4042 Baby-

408 4054 584 4124 lonis,
616 4071 723 4110 seu
751 4055 906 4126 quod
939 4054 1119 4110 tantis
1151 4055 1322 4112 malis
1355 4057 1574 4113 afflicta
1622 4057 1718 4127 sit,
1753 4062 1821 4112 ut
1868 4074 2065 4114 coram

409 4146 467 4199 te
497 4157 730 4214 gemere
759 4158 876 4197 non
909 4143 1138 4198 audeat.

483 4252 513 4282 ‹‹
545 4230 855 4303 Propterea
883 4230 1087 4303 repleti
1126 4237 1267 4288 sunt
1311 4232 1500 4289 lumbi
1548 4235 1662 4290 mei
1712 4235 1928 4304 dolore,
1962 4255 2063 4293 an-

410 4319 608 4394 gustia
634 4318 895 4392 possedit
925 4335 1036 4387 me,
1074 4319 1228 4376 sicut
1277 4322 1552 4393 angustia
1603 4324 2002 4395 parturientis.
2036 4349 2064 4376 »

409 4408 534 4466 Vox
561 4407 857 4482 prophetae
887 4407 1220 4482 plangentis
1263 4409 1614 4482 Babylonem
1662 4411 1873 4485 spiritu
1925 4431 2064 4486 pro-

410 4498 652 4572 phetali.
687 4499 1016 4572 Propterea,
1051 4498 1260 4572 inquit,
1293 4499 1432 4572 quia
1464 4499 1719 4573 Babylon
1763 4503 1944 4558 tantis
1975 4508 2066 4560 est

2172 587 2427 659 appellat
2453 604 2582 643 eam
2613 586 2965 660 Babylonem
2996 585 3290 649 dilectam,
3325 583 3462 655 quia
3492 583 3667 638 homo
3695 584 3816 636 erat

2172 677 2229 729 et
2259 675 2328 730 de
2358 675 2700 730 hominibus
2743 675 3094 746 loquebatur
3125 690 3138 728 :
3172 671 3387 727 idcirco
3439 687 3554 726 non
3597 672 3817 741 poterat

2175 781 2288 818 non
2317 763 2511 818 dolere
2540 781 2718 836 super
2745 763 2926 818 tantis
2952 760 3205 817 miseriis
3237 775 3462 816 eorum.
3496 758 3690 814 Posita
3720 774 3816 812 au-

2173 856 2289 907 tem
2321 853 2372 907 ei
2405 857 2528 908 erat
2549 852 2607 906 in
2641 850 3014 920 miraculum,
3040 865 3221 922 quare
3253 849 3336 905 sic
3367 848 3482 904 cito
3514 846 3817 920 potuerita

2173 941 2456 1012 subjectis
2487 940 2683 997 everti.

2249 1052 2276 1081 ‹‹
2309 1029 2461 1085 Pone
2492 1046 2780 1098 mensam,
2805 1026 3202 1101 contemplare
3222 1026 3282 1082 in
3308 1025 3817 1098 speculam,come-

2173 1120 2376 1175 dentes
2406 1123 2464 1174 et
2491 1114 2779 1174 bibentes.
2807 1117 3062 1191 Surgite,
3092 1115 3407 1189 principes,
3439 1113 3678 1186 arripite
3707 1113 3819 1185 cly-

2175 1225 2370 1280 peum.
2397 1230 2424 1257 »
2454 1207 2768 1280 Dupliciter
2795 1211 2987 1279 potest
3017 1205 3264 1277 intelligi
3302 1204 3568 1259 istud.Et
3589 1202 3748 1258 Persi
3768 1205 3821 1258 et

2175 1297 2348 1366 Medi,
2381 1296 2596 1352 sumite
2627 1296 2823 1351 cibum
2856 1296 3052 1350 futuro
3092 1293 3287 1366 przelio
3337 1296 3736 1366 praeparantes
3765 1295 3822 1346 ut

2173 1385 2349 1440 fortes
2381 1385 2510 1441 sitis
2542 1385 2612 1440 ad
2645 1384 3048 1440 dimicandum
3078 1388 3136 1438 et
3163 1381 3548 1437 occidendum
3579 1377 3822 1451 Babylo-

2173 1473 2321 1529 nios.
2346 1474 2608 1547 Cumque
2638 1471 3011 1530 comederitis
3034 1477 3092 1527 et
3121 1467 3825 1541 biberitis,surgite,arma

2172 1561 2428 1635 arripite,
2457 1561 2808 1636 Babylonem
2829 1559 3132 1617 debellato.
3158 1559 3422 1631 Cumque
3444 1556 3824 1614 debellaveri-

2172 1652 2271 1720 tis,
2306 1649 2783 1724 contemplamini
2815 1649 2874 1705 in
2903 1648 3224 1722 speculam,
3259 1647 3318 1704 id
3351 1651 3440 1703 est
3459 1663 3529 1702 ea
3549 1663 3678 1718 qua
3701 1661 3826 1700 exa-

2173 1746 2301 1798 rata
2330 1745 2469 1797 sunt
2499 1740 2557 1796 in
2589 1741 2807 1813 pariete
2838 1739 3118 1811 perﬁcite,
3144 1737 3283 1810 quia
3305 1737 3459 1792 Deus
3482 1751 3743 1809 regnum
3763 1735 3830 1790 is-

2173 1830 2294 1886 tius
2315 1828 2662 1885 numeravit.
2683 1827 2895 1884 Aliter:
2922 1826 2966 1882 Ο
2986 1825 3414 1899 Babylon,para
3434 1823 3557 1896 regi
3579 1828 3684 1879 tuo
3710 1823 3828 1879 Bal-

2175 1919 2376 1975 thasar
2405 1934 2691 1985 mensam,
2726 1921 2783 1973 et
2809 1914 3205 1988 contemplare
3244 1915 3400 1987 quod
3449 1917 3583 1987 post
3630 1913 3829 1969 cibum

2174 2009 2402 2064 eveniat
2428 2008 2502 2064 ei.
2536 2007 2652 2063 Vos
2683 2011 2903 2078 autem,
2935 2004 3065 2061 Dari
3091 2008 3148 2061 et
3178 2005 3338 2077 Cyre,
3371 2004 3470 2076 qui
3510 2019 3649 2059 cum
3699 2019 3831 2076 rege

2175 2096 2502 2166 comeditis,
2531 2095 2751 2169 surgite
2772 2101 2828 2150 et
2849 2094 3160 2150 interﬁcite
3180 2092 3487 2150 dominum
3506 2090 3831 2148 virum.Vel

2175 2187 2590 2260 contemplare,
2616 2203 2649 2242 o
2680 2184 3004 2254 Balthasar,
3036 2183 3191 2256 quod
3222 2182 3301 2239 sit
3332 2183 3390 2236 in
3422 2181 3644 2254 pariete
3683 2182 3833 2238 scri-

2175 2281 2343 2350 ptum
2378 2293 2444 2331 ;‹‹
2481 2276 2670 2342 Mane,
2701 2273 2933 2345 Techel,
2967 2272 3184 2329 Phares
3213 2272 3372 2344 (Dan.
3401 2271 3477 2342 v).
3512 2291 3542 2322 ››

2248 2390 2275 2416 ‹‹
2311 2365 2440 2420 Ilmc
2470 2365 2627 2420 enim
2673 2363 2818 2419 dixit
2855 2362 3000 2418 mihi
3050 2361 3335 2417 Dominus
3367 2378 3381 2416 :
3410 2359 3570 2416 Vade
3599 2365 3661 2416 et
3691 2377 3838 2433 pone

2175 2453 2623 2528 speculatorem,
2657 2458 2715 2508 et
2745 2452 3138 2525 quodcunque
3175 2449 3405 2518 viderit,
3437 2449 3777 2505 annuntiet.
3809 2471 3835 2499 ι»

2177 2543 2610 2616 Speculatorem
2644 2543 2839 2598 hocin
2871 2540 2996 2597 loco
3048 2539 3392 2613 prophetam
3445 2538 3839 2611 intelligimus

2179 2630 2412 2702 Isaiam,
2428 2630 2527 2702 qui
2545 2629 3102 2703 spcculabaturquaa
3125 2627 3411 2684 Dominus
3433 2632 3837 2700 prazcepturus

2176 2723 2301 2774 erat
2331 2736 2509 2791 super
2537 2717 2912 2791 Babylonem.
2949 2716 3243 2789 Propheta:
3271 2731 3525 2788 namque
3564 2716 3835 2788 specula-

2176 2810 2330 2862 tores
2361 2805 2827 2878 appellabantur,
2859 2805 3013 2862 sicut
3042 2805 3114 2861 ad
3155 2803 3510 2860 Ezechielem
3561 2805 3787 2861 dicitur
3815 2822 3829 2860 :

2178 2919 2204 2944 ‹‹
2241 2895 2344 2951 Fili
2376 2895 2656 2961 hominis,
2689 2893 3115 2966 speculatorem
3147 2893 3281 2950 dedi
3309 2898 3366 2949 te
3393 2893 3609 2949 Domni
3655 2893 3832 2950 Israel

2177 2984 2400 3055 (Exerit.
2435 2987 2542 3054 ιιι).
2577 3007 2604 3033 ››
2635 2983 2774 3040 Tale
2806 2987 2894 3040 est
2923 2999 2988 3039 ac
3028 2983 3077 3039 si
3128 2983 3344 3039 diceret
3374 3000 3388 3038 :
3420 2983 3836 3056 Temetipsum

2177 3073 2468 3129 constitue
2520 3071 2968 3146 speculatorem,
2999 3076 3059 3129 et
3099 3087 3462 3144 quaecunque
3509 3071 3780 3130 audieris
3807 3090 3841 3128 a

2177 3179 2270 3219 me
2302 3162 2387 3220 vel
2418 3161 2633 3219 videris
2665 3162 2875 3235 spiritu
2903 3160 3250 3234 prophetali,
3277 3161 3589 3218 annuntia.

2254 3273 2282 3302 «
2313 3252 2383 3307 Et
2402 3251 2550 3308 vidit
2585 3275 2612 3300 ››
2645 3250 2741 3307 ille
2772 3251 3124 3324 speculator,
3157 3250 3216 3306 id
3249 3254 3356 3316 est,
3377 3265 3483 3322 ego
3503 3251 3695 3322 vidi,«
3721 3269 3845 3308 cur-

2182 3359 2312 3396 rum
2335 3341 2585 3398 duorum
2608 3357 2916 3413 equorum,
2936 3363 2964 3390 »
2985 3339 3095 3397 hoc
3117 3339 3427 3412 est,bigam
3447 3355 3580 3412 quae
3603 3341 3844 3398 duobus

2179 3430 2346 3502 equis
2363 3431 2500 3486 duci
2522 3429 2768 3502 solebat,
2785 3444 3195 3487 «ascensorem
3213 3429 3362 3485 asini
3384 3433 3442 3485 et
3462 3445 3846 3487 ascensorem

2179 3519 2408 3589 cameli,
2435 3543 2463 3570 »
2487 3519 2772 3576 subaudis
2795 3518 3000 3585 vidi,id
3027 3523 3117 3576 est
3144 3516 3242 3576 ille
3269 3533 3551 3574 ascensor
3570 3519 3681 3590 qui
3705 3519 3844 3576 resi-

2180 3608 2378 3680 debat,
2409 3626 2512 3680 pro
2544 3609 2712 3681 cquis
2743 3609 3018 3665 utebatur
3063 3606 3401 3680 disparibus
3450 3607 3842 3674 animalibus,

2178 3699 2346 3755 asino
2391 3698 2662 3755 videlicet
2706 3704 2763 3754 et
2811 3697 3053 3755 camelo.
3084 3699 3372 3753 Ascensor
3421 3697 3534 3752 iste
3583 3696 3845 3754 duorum

2179 3787 2544 3857 animalium,
2561 3787 2909 3860 intelligitur
2923 3787 3109 3860 Cyrus
3124 3785 3225 3858 qui
3241 3786 3492 3842 duorum
3517 3801 3843 3859 regnorum

2177 3877 2416 3948 exstitit,
2450 3877 2655 3933 Persia:
2686 3881 2742 3931 et
2772 3875 2994 3941 Medias,
3028 3879 3160 3948 post
3189 3878 3436 3930 mortem
3469 3874 3637 3930 Darii
3662 3891 3844 3931 avun-

2177 3967 2291 4023 culi
2315 3966 2656 4023 sui.Asinus
2675 3981 2922 4039 regnum
2946 3964 3254 4021 Persarum
3276 3963 3552 4035 est,quod
3574 3967 3720 4020 ante
3737 3963 3843 4036 Cy-

2177 4074 2309 4112 rum
2340 4055 2594 4130 ignobile
2624 4055 2754 4121 fuit,
2787 4059 2844 4110 et
2874 4052 3097 4110 nullius
3127 4051 3432 4127 dignitatis
3453 4052 3615 4108 inter
3633 4057 3846 4109 caetera

2175 4143 2652 4219 regna.Camelus
2682 4143 2984 4200 Medorum
3016 4158 3264 4216 regnum
3293 4141 3572 4213 est,quod
3605 4157 3846 4214 semper

2175 4235 2286 4290 fuit
2306 4234 3194 4308 potentissimum.Ascensorem
3210 4247 3345 4304 ergo
3362 4231 3508 4304 bigae
3528 4231 3692 4287 vidit
3709 4248 3846 4304 pro-

2175 4325 2353 4398 pheta
2366 4321 2858 4395 venientem,quia
2874 4337 3008 4378 cum
3033 4320 3217 4378 Medis
3238 4323 3296 4376 et
3316 4319 3506 4376 Persis
3526 4319 3700 4376 venit
3721 4321 3848 4394 ipse

2173 4414 2356 4486 Cyrus
2385 4417 2588 4470 contra
2618 4411 2970 4484 Babylonem
3000 4409 3218 4484 pariter
3245 4426 3382 4466 cum
3411 4409 3714 4466 avunculo
3740 4425 3851 4465 suo

2174 4503 2364 4560 Dario.
2387 4526 2415 4554 «
2438 4504 2509 4558 Et
2537 4500 2966 4574 contemplatus
2995 4503 3130 4556 est»
3153 4497 3579 4573 speculator,id
3610 4502 3711 4554 est
3739 4513 3850 4571 ego

411 4587 632 4662 repleta
664 4587 937 4657 miseriis,
971 4587 1175 4660 repleti
1223 4591 1364 4645 sunt
1414 4588 1602 4644 lumbi
1653 4591 1766 4646 mei
1817 4591 2014 4648 dolore
2047 4609 2062 4650 :
2095 4609 2143 4674 Ι)
2175 4592 2606 4665 contemplatus
2636 4608 2790 4659 sum,
2823 4614 2850 4641 «
2883 4589 3198 4664 diligenter
3215 4587 3399 4644 multo
3429 4587 3687 4644 intuitu.
3727 4611 3757 4637 υ

411 4677 566 4734 sicut
594 4675 781 4733 lumbi
812 4675 1128 4733 mulierum
1150 4677 1624 4750 parturientium.
1639 4680 1923 4753 Angustia
1943 4699 2073 4754 pos-

413 4765 566 4824 sedit
594 4781 709 4835 me,
742 4765 1065 4838 praevidens
1097 4770 1268 4822 tantae
1292 4767 1693 4824 multitudinis
1715 4770 2063 4843 sanguinem

412 4855 602 4924 fundi,
637 4854 791 4911 sicut
819 4858 910 4910 est
958 4855 1234 4927 angustia
1283 4857 1685 4928 parturientis.
1713 4883 1740 4910 ‹‹
1775 4860 2000 4929 Corrui,
2036 4887 2064 4912 ››

412 4941 699 5000 subaudis
725 4941 786 4996 in
817 4941 1118 4998 tristitiam
1149 4942 1238 4998 vel
1269 4942 1328 4997 in
1361 4948 1596 5015 terram,
1617 4964 1751 5003 cum
1775 4949 2062 5017 audirem,
2103 4935 2112 4945 ’

413 5030 700 5093 subaudis
717 5030 1016 5088 miseriam
1034 5030 1364 5103 Babylonis,
1382 5039 1557 5089 contu
1567 5036 1768 5093 rbatus
1781 5055 1914 5094 sum
1927 5055 2062 5094 cum

411 5121 668 5179 viderem
698 5120 759 5178 in
789 5120 1000 5194 spiritu
1033 5121 1490 5177 destructionem
1521 5123 1669 5193 ejus.

487 5232 517 5262 κ
545 5211 616 5267 Et
643 5209 884 5280 inaruit,
921 5232 950 5259 ››
981 5209 1038 5265 id
1090 5213 1181 5266 est
1227 5209 1437 5266 defecit
1464 5235 1491 5261 ‹‹
1526 5227 1625 5267 cor
1657 5229 1851 5270 meum
1885 5239 1914 5265 »
1944 5217 2064 5273 sive

410 5299 599 5357 virtus
629 5315 793 5368 mea;
828 5323 856 5349 «
889 5299 1161 5371 tenebrae,
1173 5321 1216 5353 -»
1239 5297 1296 5354 id
1319 5303 1426 5368 est,
1451 5301 1734 5372 angustia:
1756 5307 1813 5358 et
1835 5303 2062 5362 dolores

411 5411 442 5439 «
476 5388 912 5462 stupefecerunt
941 5405 1054 5457 me,
1088 5411 1114 5437 ››
1147 5387 1203 5444 id
1243 5393 1332 5444 est
1378 5389 1437 5444 in
1488 5407 1760 5462 magnam
1810 5394 2062 5450 admira-

414 5475 633 5532 tionem
664 5494 758 5534 me
788 5481 1216 5534 converterunt.
1248 5476 1351 5533 Vel
1383 5478 1560 5534 etiam
1589 5482 1838 5538 tenebrze
1870 5488 2064 5556 stupe-

414 5563 678 5620 fecerunt
699 5565 867 5622 illum
894 5583 907 5622 :
932 5567 1072 5638 quia
1102 5566 1478 5624 multitudine
1507 5567 1900 5643 lacrymarum
1930 5573 2064 5630 cali-

414 5658 700 5734 gaverunt
726 5653 879 5712 oculi
907 5654 1056 5731 ejus.
1091 5678 1119 5706 ‹‹
1153 5654 1408 5733 Babylon
1439 5655 1651 5715 dilecta
1688 5675 1838 5734 mea,
1871 5661 2063 5738 posita

2255 4706 2282 4733 ‹‹
2315 4683 2386 4739 Et
2417 4681 2690 4738 clamavit
2716 4685 2781 4736 ut
2809 4679 2918 4736 leo.
2953 4702 2981 4728 ››
3005 4679 3134 4751 lpse
3163 4677 3446 4752 propheta
3482 4677 3587 4749 qui
3639 4676 3853 4750 appel-

2174 4772 2329 4828 latur
2361 4770 2710 4844 speculator,
2745 4772 3123 4840 nuncupatur
3149 4773 3206 4824 et
3235 4766 3325 4823 leo
3346 4783 3449 4838 pro
3470 4765 3699 4822 virtute
3717 4765 3853 4822 ani-

2165 4862 2254 4923 .mi
2285 4877 2298 4917 :
2333 4865 2390 4916 et
2419 4859 2559 4932 quia
2588 4859 2835 4915 dubium
2867 4862 2992 4914 erat
3017 4857 3090 4913 de
3120 4873 3371 4929 persona
3418 4854 3854 4928 speculatoris,

2171 4949 2299 5022 ipse
2329 4948 2565 5020 exponit
2594 4946 2988 5015 manifestius,
3022 4946 3223 5002 dicens
3257 4963 3271 5000 :
3309 4967 3338 4996 «
3370 4945 3560 5016 Super
3591 4943 3858 5016 specula

2173 5038 2406 5094 Domini
2436 5054 2542 5111 ego
2572 5053 2706 5092 sum
2728 5041 2892 5092 stans
2906 5035 3132 5108 jugiter
3149 5051 3253 5108 per
3272 5034 3514 5105 diem,et
3534 5049 3733 5106 super
3754 5050 3860 5089 cu-

2172 5128 2424 5184 stodiam
2448 5126 2770 5196 meam,»id
2787 5130 3080 5199 cst,super
3095 5124 3290 5181 locum
3312 5121 3858 5195 contemplationis

2172 5233 2313 5273 mea;
2348 5238 2375 5267 α
2407 5232 2512 5289 ego
2543 5232 2676 5271 sum
2707 5219 2871 5272 stans
2902 5214 3040 5272 totis
3071 5213 3400 5271 noctibus.»
3425 5212 3617 5282 Super
3636 5217 3860 5267 custo-

2172 5307 2352 5375 diam,
2385 5305 2596 5378 inquit,
2621 5321 2814 5360 meam
2844 5320 3000 5372 sum,
3016 5307 3080 5358 ut
3101 5319 3196 5358 me
3216 5300 3546 5358 custodiam
3571 5299 3648 5356 ab
3671 5299 3856 5356 omni

2170 5401 2428 5470 peccato,
2462 5399 2528 5450 ut
2553 5393 2665 5450 sim
2698 5393 2912 5466 dignus
2943 5391 3144 5449 audire
3172 5391 3348 5448 verba
3385 5389 3483 5445 Dei
3517 5405 3530 5444 :
3565 5392 3626 5444 et
3655 5405 3864 5462 super

2171 5484 2411 5560 specula
2439 5482 2672 5540 Domini
2701 5499 2834 5539 sum
2857 5481 3104 5554 jugiter,
3124 5481 3182 5537 id
3204 5484 3297 5537 est
3316 5495 3552 5552 semper
3572 5493 3722 5532 sum
3753 5493 3863 5549 po-

2171 5572 2321 5630 situs
2353 5572 2412 5626 in
2445 5569 2934 5642 contemplatione
2965 5567 3088 5637 Dei,
3121 5572 3180 5623 et
3208 5567 3418 5624 diebus
3448 5583 3516 5623 ac
3555 5565 3866 5622 noctibus

2171 5677 2305 5722 sum
2325 5660 2688 5739 praeparatus
2710 5656 2912 5716 audire
2924 5660 2980 5718 et
2991 5655 3321 5736 loquiquod
3333 5655 3460 5732 ipse
3468 5653 3867 5731 praeceperit.
