4048 6190
378 313 498 382 823

764 315 1171 379 HAYMONIS
1214 308 1758 373 HALBERSTAT.
1806 306 2054 369 EPISC.
2101 305 2275 368 OPP.
2315 305 2520 368 PARS
2561 305 2610 367 Ι.
2657 339 2734 350 -
2775 303 3184 367 COMMENT.
3229 303 3431 366 BIBL.

3677 304 3797 367 εει

380 451 506 508 rius
535 449 1007 507 memoravimus.
1030 445 1534 502 Considerandum
1556 447 1646 500 est
1665 441 1862 508 etiam,
1887 441 2027 512 quia
2054 439 2110 507 Α
2139 440 2540 512 confringetur
2569 438 2842 512 paxillus,
2873 439 2931 494 id
2961 442 3050 494 est
3079 437 3457 510 Evangelium
3489 437 3650 509 quod
3680 440 3804 493 erat

383 530 2037 613 licetsuperiuspaxillumvoluissetintelligereEliachim
2146 529 2206 583 in
2252 529 2528 599 Ecclesia,
2559 533 2616 584 et
2663 547 2731 584 ex
2781 532 2943 600 parte
2993 525 3266 593 cessabit,
3300 531 3355 582 et
3403 525 3683 582 transibit
3731 526 3802 582 ad

383 629 746 702 pontificem,
771 629 965 680 tamen
995 625 1167 679 modo
1195 622 1481 679 convertit
1500 639 1562 678 se
1588 623 1659 677 ad
1683 620 1798 676 alia
1821 637 1834 674 :
1863 620 2041 692 signi-

383 717 572 771 ficans
602 729 706 785 per
734 710 1016 784 paxillum
1048 711 1242 782 ipsum
1277 709 1691 780 sacerdotium,
1719 709 1872 781 quod
1908 712 2040 780 post

384 805 632 858 mortem
680 799 969 856 Eliachim
1020 801 1385 856 destructum
1439 803 1546 854 est.
1579 799 1724 853 Nam
1777 798 2040 869 quandiu

383 890 510 962 ipse
531 888 694 956 vixit,
723 889 1043 944 honoriﬁce
1065 888 1264 943 omnia
1286 891 1416 942 aeta
1437 893 1575 942 sunt
1603 888 1663 941 in
1691 886 1907 958 templo
1939 887 2044 941 Do-

385 978 556 1034 mini.
583 977 687 1033 Illo
709 995 842 1032 vero
869 977 1175 1044 moriente,
1203 976 1414 1031 defecit
1437 981 1493 1030 et
1514 975 1658 1030 illud
1686 993 1698 1030 :
1727 976 1783 1029 in
1809 978 2042 1029 tantum

383 1071 453 1124 ut
483 1067 716 1140 quando
747 1065 1060 1138 captivitas
1094 1065 1329 1121 advenit
1370 1065 1737 1136 temporibus
1769 1063 2041 1130 Sedeciaz,

385 1159 652 1213 carerent
685 1154 1030 1210 sacerdotio.
1056 1155 1376 1208 Possumus
1399 1154 1573 1207 etiam
1602 1153 1711 1208 hoc
1737 1152 2045 1224 allegorice

386 1244 737 1316 intelligere,
761 1242 914 1314 quod
939 1243 1010 1296 de
1038 1241 1320 1297 Eliachim
1349 1241 1636 1314 scriptum
1665 1247 1777 1310 est,
1809 1246 1867 1296 et
1896 1242 2044 1296 Sob-

389 1349 549 1388 nam.
585 1331 692 1385 Per
723 1330 1005 1400 Sobnam,
1040 1331 1138 1401 qui
1187 1332 1476 1401 superbus
1507 1335 1562 1386 et
1604 1347 1884 1402 arrogans
1915 1328 2043 1396 fuit,

390 1418 800 1491 significantur
821 1419 1152 1474 sacerdotes
1171 1420 1527 1486 Judaeorum,
1544 1420 1758 1474 Scriba-3
1781 1423 1838 1474 et
1855 1418 2048 1474 Phari-

393 1507 514 1565 saei.
541 1507 646 1562 Per
676 1506 960 1562 Eliachim
992 1523 1124 1562 vero
1155 1507 1438 1562 humilem
1470 1512 1527 1562 et
1547 1509 1800 1578 justum,
1829 1507 1930 1578 qui
1958 1505 2046 1560 in-

399 1599 754 1668 terpretatur
784 1612 1092 1666 resurgens,
1118 1594 1483 1668 significatur
1530 1595 1815 1652 Dominus
1851 1596 2045 1663 Jesus,

399 1685 499 1757 qui
531 1684 704 1739 tertia
734 1683 825 1741 die
857 1684 1190 1752 resurrexit,
1215 1688 1274 1739 et
1303 1685 1404 1756 qui
1436 1686 1627 1740 factus
1658 1690 1748 1740 est
1777 1685 2050 1740 sacerdos

398 1773 736 1872 secundum.
787 1773 1052 1828 ordinem
1110 1771 1534 1829 Melchisedech
1584 1775 1912 1846 (Psal.c1x).
1947 1773 2128 1874 PerB

393 1863 503 1919 hoc
535 1863 689 1933 quod
723 1861 848 1933 ipse
879 1863 1076 1918 Sobna
1104 1863 1327 1933 ejectus
1359 1867 1449 1918 est
1494 1863 1565 1918 de
1616 1863 1960 1930 ministerio,
1991 1865 2049 1916 et

395 1969 498 2024 pro
521 1968 588 2007 eo
610 1951 893 2009 Eliachim
915 1952 1221 2007 ordinatus
1242 1957 1366 2008 est:
1393 1952 1759 2025 signiﬁcatur
1780 1953 2047 2008 sacerdo-

394 2041 545 2096 tium
573 2041 911 2096 Judzeorum
945 2041 1337 2106 destructum,
1361 2043 1699 2110 efsanctam
1731 2041 2046 2099 Ecclesiam

397 2146 501 2200 pro
534 2128 631 2183 illo
653 2129 1034 2184 constitutam
1055 2145 1090 2184 a
1108 2129 1351 2184 Domino
1372 2147 1500 2185 esse
1525 2131 1584 2185 in
1611 2131 1885 2202 gentibus
1911 2146 1923 2184 :
1947 2129 2047 2202 qui

397 2218 573 2272 modo
597 2221 685 2272 est
710 2221 872 2287 pater
903 2217 1311 2273 habitantibus
1337 2217 1395 2272 in
1425 2218 1776 2285 Jerusalem,
1799 2219 1908 2274 hoc
1939 2221 2047 2285 est,

399 2304 459 2359 in
491 2304 769 2360 Ecclesia.
793 2305 984 2361 Clavis
1012 2307 1222 2361 domus
1246 2306 1423 2361 David
1456 2307 1698 2363 scientia
1730 2307 2053 2378 Scriptura-

398 2409 530 2447 rum
574 2391 947 2464 intelligitur,
979 2411 1159 2465 quam
1209 2396 1494 2450 Dominus
1543 2396 1771 2467 aperuit
1817 2397 2050 2467 quando

398 2480 708 2554 discipulis
731 2481 854 2537 suis
877 2483 1188 2550 concessit,
1210 2489 1274 2538 ut
1294 2483 1686 2555 intelligerent
1707 2483 1905 2538 omnia
1924 2502 2051 2556 qua:

403 2572 476 2627 de
505 2587 572 2626 eo
603 2570 824 2643 scripta
852 2574 1020 2626 erant
1061 2571 1120 2626 in
1153 2571 1278 2644 lege
1314 2571 1518 2644 Moysi,
1540 2577 1598 2628 et
1645 2572 1962 2644 prophetis,
1996 2576 2055 2628 et

401 2656 670 2732 psalmis.
695 2657 918 2714 Clausit
947 2663 1165 2723 autem,
1191 2661 1332 2732 quia
1354 2677 1479 2732 qua:
1513 2661 1635 2732 ipse
1666 2677 1780 2715 non
1801 2661 2049 2733 aperuit.

405 2747 600 2804 adhuc
631 2746 833 2802 clausa
862 2752 1230 2818 permanent.
1265 2749 1372 2805 Per
1399 2749 1617 2804 clavem
1649 2750 1847 2816 etiam,
1877 2767 2054 2822 quam

405 2853 583 2908 super
608 2835 922 2892 humerum
954 2837 1223 2908 portavit,
1243 2855 1560 2910 possumus
1593 2838 1914 2913 intelligere
1944 2839 2054 2893 im-

406 2924 636 2997 perium
668 2926 936 2999 regni,et
967 2925 1202 2998 signum
1251 2925 1522 2994 victoriae,
1565 2927 1622 2982 id
1674 2932 1781 2993 est,
1823 2943 2054 2982 crucem

413 3029 590 3084 quam
616 3013 740 3084 ipse
762 3012 997 3085 proprio
1017 3013 1262 3069 humero
1283 3014 1722 3086 portavit(.loan.
1741 3018 1878 3083 xxx):
1904 3015 2058 3069 sicut

401 3102 529 3172 jam
547 3100 806 3155 diximus
822 3101 920 3156 illo
938 3101 998 3156 in
1016 3101 1142 3156 loco
1160 3103 1258 3156 ubi
1277 3102 1522 3158 dicitur:
1543 3103 1726 3174 Cujus
1744 3102 2054 3174 imperium

413 3204 592 3258 super
620 3187 935 3242 humerum
983 3189 1112 3259 ejus
1143 3190 1268 3255 (Isa.
1301 3192 1399 3261 ix).
1434 3191 1582 3245 Fixit
1610 3173 1777 3246 illum
1826 3173 1884 3246 in
1933 3192 2058 3247 loco
2087 3173 2133 3241 (ἶ

407 3273 588 3339 fideli,
612 3274 668 3328 id
695 3279 806 3345 est,
831 3275 888 3329 in
916 3275 1174 3332 Ecclesia
1195 3277 1478 3333 fidelium.
1501 3279 1662 3334 Unde
1689 3284 1839 3334 recte
1863 3279 2055 3351 sequi-

409 3364 508 3415 tur
530 3377 583 3415 :«
615 3362 686 3416 Et
715 3362 826 3416 erit
854 3361 1067 3418 solium
1092 3364 1286 3436 gloriae
1313 3365 1511 3421 domui
1543 3367 1726 3438 patris
1755 3368 1867 3422 sui.
1900 3391 1927 3417 ››
1954 3369 2060 3424 Do-

411 3465 548 3504 mus
567 3449 667 3504 Dei
692 3449 878 3506 Patris
899 3451 1088 3523 angeli
1111 3456 1268 3517 sunt,
1283 3453 1402 3510 sive
1424 3456 1974 3524 corda'sanctorum,
1997 3458 2057 3512 in

409 3539 628 3610 quibus
659 3540 784 3611 ipse
812 3539 1312 3614 inhabitat.Cujus
1332 3544 1542 3599 domus
1573 3545 1786 3601 solium
1818 3551 1905 3600 est
1934 3546 2056 3618 glo-

407 3627 506 3683 riae
531 3627 817 3684 Dominus
838 3631 1007 3686 Jesus
1029 3631 1317 3700 Christus,
1336 3633 1474 3704 quia
1495 3633 1619 3706 ipse
1641 3635 1859 3690 eminet
1881 3653 2058 3706 supra

406 3733 644 3772 omnem
667 3717 1006 3786 Ecclesiam,
1033 3724 1090 3775 et
1111 3721 1236 3792 ipse
1257 3726 1346 3776 est
1364 3726 1540 3794 caput
1559 3723 1823 3778 omnium
1848 3723 2056 3779 electo-

406 3821 560 3870 rum,
582 3809 642 3860 et
666 3805 853 3878 gloria
883 3808 1145 3881 ipsorum
1177 3810 1540 3882 praesidendo
1573 3812 1710 3879 illis,
1735 3817 1794 3867 et
1824 3814 1892 3867 ad
1928 3829 2059 3867 con-

405 3893 847 3966 templationem
881 3915 1050 3953 suam
1076 3915 1143 3954 ac
1174 3899 1360 3955 Patris
1393 3918 1490 3956 eos
1523 3900 1962 3958 introducendo.

481 4003 510 4031 «
540 3983 610 4037 Et
639 3985 947 4054 suspendit
987 4004 1166 4058 super
1202 4004 1359 4042 eum.
1386 4011 1412 4037 ››
1444 3990 1754 4045 Attendere
1802 3989 1938 4044 fecit
1984 3989 2056 4044 ad

408 4069 739 4125 doctrinam
771 4071 930 4127 illius
959 4073 1171 4130 electos
1199 4093 1338 4130 suos
1361 4101 1386 4125 ‹‹
1416 4094 1688 4132 vasorum
1711 4077 1940 4133 diversa
1967 4093 2060 4149 ge-

409 4174 549 4211 nera
583 4159 964 4227 suspendit,»
994 4161 1052 4216 id
1093 4167 1184 4217 est
1231 4165 1406 4218 corda
1452 4165 1788 4220 electorum.
1826 4167 1930 4221 Per
1957 4184 2058 4222 vas

409 4248 791 4313 craterarum,
815 4247 925 4302 hoc
951 4254 1059 4315 est,
1083 4268 1187 4322 per
1210 4268 1310 4306 vas
1331 4251 1643 4320 vinarium,
1667 4254 1950 4309 debemus
1976 4255 2060 4308 in-

409 4330 672 4404 telligere
703 4335 998 4406 aqostolos
1027 4342 1085 4392 et
1113 4339 1380 4395 doctores
1409 4347 1620 4395 sancta;
1645 4341 1934 4409 Ecclesiae,
1957 4345 2056 4414 qui

409 4433 516 4475 nos
545 4421 699 4492 vino,
724 4421 780 4478 id
813 4429 904 4479 est
934 4426 1208 4498 mysterio
1248 4428 1576 4483 divinarum
1621 4430 2056 4501 Scripturarum

2148 618 2402 674 Judwos.

2739 706 2969 762 CAPUT
3008 706 3207 761 XXIII.

2223 820 2249 845 ‹‹
2277 797 2438 851 Onus
2459 795 2851 868 Tyri.»0nus,
2872 795 2930 849 id
2956 798 3046 851 est
3067 795 3298 866 pondus
3331 795 3731 864 miseriarum,
3755 800 3807 852 et

2153 902 2476 956 pmnarum.
2503 886 2691 956 Tyrus
2711 884 2916 939 civitas
2936 882 3306 939 nobilissima
3327 883 3435 938 fuit
3459 883 3809 940 Chananaeo-

2153 991 2306 1038 rum,
2333 973 2503 1044 plena
2532 973 2751 1028 divitiis
2773 977 2830 1028 et
2849 973 3158 1028 abundans
3180 972 3410 1044 opibus.
3436 974 3548 1029 Sed
3575 976 3808 1045 quando

2155 1062 2334 1118 Isaias
2365 1063 2473 1117 hoc
2521 1062 2572 1116 ei
2620 1061 2989 1134 pradicebat,
3022 1061 3082 1116 in
3123 1061 3318 1116 insula
3376 1063 3561 1118 maris
3613 1064 3806 1135 magni

2154 1152 2438 1206 aedificata
2468 1155 2612 1206 erat.
2639 1153 2843 1206 Postea
2894 1154 3091 1206 autem
3124 1150 3294 1223 lengo
3343 1156 3476 1222 post
3525 1156 3807 1223 tempore,

2153 1239 2419 1295 veniente
2453 1240 2990 1295 Nabuchodonosor
3018 1256 3152 1294 cum
3186 1239 3346 1295 omni
3386 1240 3652 1296 exercitu
3684 1257 3808 1308 suo,

2155 1328 2336 1384 voluit
2365 1346 2490 1384 eam
2523 1329 2918 1384 continentem
2951 1329 3140 1384 facere
3169 1333 3354 1384 terrae.
3378 1329 3448 1384 Et
3479 1329 3640 1384 sicut
3667 1329 3812 1402 legi-

2157 1435 2290 1473 mus
2321 1418 2378 1471 in
2412 1417 2707 1473 Ezechiele
2731 1418 2943 1484 (Ezech.
2973 1417 3148 1489 XXIX),
3172 1417 3366 1474 omnis
3392 1417 3684 1474 humerus
3711 1419 3809 1475 de-

2159 1507 2374 1578 pilatus
2405 1511 2512 1573 est,
2537 1511 2596 1561 et
2626 1523 2798 1561 omne
2829 1510 3004 1578 caput
3041 1505 3405 1562 deealvatum
3439 1507 3501 1561 in
3534 1507 3812 1562 servitute

2157 1595 2316 1651 illius
2349 1613 2361 1650 :
2398 1595 2496 1650 sed
2532 1613 2645 1650 non
2688 1595 2907 1666 profuit
2945 1594 3052 1663 illi,
3086 1595 3224 1666 quia
3260 1612 3375 1650 non
3417 1597 3614 1667 potuit
3655 1595 3812 1651 illam

2159 1701 2460 1755 coaequare
2489 1687 2675 1738 terrae.
2707 1684 2852 1738 Cum
2903 1687 3099 1739 autem
3148 1683 3431 1739 vidissent
3481 1684 3570 1739 illi
3624 1685 3724 1756 qui
3760 1686 3812 1740 in

2159 1772 2390 1827 civitate
2413 1776 2598 1838 erant,
2614 1770 2754 1842 quia
2787 1788 2901 1825 non
2932 1775 3198 1842 poterant
3217 1771 3490 1826 resistere
3511 1771 3813 1827 Nabucho-

2158 1862 2428 1930 donosor,
2452 1859 2788 1932 quicunque
2829 1859 3062 1914 illorum
3091 1859 3274 1915 valuit
3314 1877 3492 1916 naves
3534 1877 3812 1916 conscen-

2156 1951 2291 2006 dere
2320 1951 2414 2018 (de
2445 1949 2562 2004 illis
2593 1949 2722 2004 dico
2753 1948 2855 2020 qui
2889 1965 3063 2003 naves
3095 1947 3408 2016 habebant)
3441 1950 3731 2021 fugerunt
3761 1951 3813 2005 in

2157 2044 2486 2112 Egyptum,
2519 2044 2577 2093 et
2629 2038 2783 2092 ultra
2833 2055 2992 2092 mare
3033 2037 3179 2092 etin
3223 2037 3413 2107 Moab,
3447 2043 3508 2093 et
3561 2039 3624 2093 in
3674 2039 3811 2095 alias

2159 2129 2426 2200 regiones
2449 2128 2561 2182 sibi
2587 2127 2998 2192 vicinas.Quod
3020 2126 3226 2182 videns
3253 2127 3810 2194 Nabuchodonosor,

2160 2219 2352 2273 furore
2384 2217 2566 2271 nimio
2599 2232 2918 2272 succensus
2941 2215 3281 2272 conscendit
3300 2215 3358 2271 in
3382 2233 3585 2283 naves,
3609 2221 3671 2272 et
3691 2219 3815 2273 sub-

2158 2307 2332 2362 vertit
2361 2323 2594 2361 omnem
2631 2304 2946 2372 civitatem,
2967 2321 3287 2376 omnesque
3309 2321 3458 2376 quos
3491 2305 3570 2360 ibi
3608 2307 3819 2379 reperit

2161 2395 2328 2450 duxit
2359 2394 2617 2466 captivos
2643 2411 2654 2449 :
2681 2394 2836 2448 sicut
2859 2393 2917 2447 in
2940 2393 3436 2464 subsequentibus
3458 2395 3816 2450 videbimus.

2163 2484 2231 2539 Et
2261 2491 2526 2538 reversus
2557 2487 2645 2538 est
2675 2482 2733 2536 in
2761 2480 3114 2548 Chaldteam,
3140 2482 3464 2554 datumque
3485 2486 3579 2538 est
3611 2483 3694 2538 illi
3720 2501 3817 2555 pro

2163 2573 2312 2644 Tyro
2343 2589 2378 2626 a
2408 2570 2644 2627 domino
2677 2587 2924 2643 regnum
2957 2570 3200 2643 lEgypti.
3236 2570 3442 2626 Postea
3470 2588 3610 2628 vero
3642 2589 3819 2644 quam

2164 2661 2509 2716 reaadiﬂcata
2530 2665 2619 2716 est
2640 2665 2770 2732 post
2791 2661 3164 2732 septuaginta
3187 2661 3564 2728 annos,venit
3583 2661 3823 2716 Alexan-

2165 2751 2268 2804 der
2288 2750 2537 2819 Magnus
2558 2766 2692 2804 eum
2722 2753 2987 2821 pergeret
3010 2749 3080 2804 ad
3105 2748 3448 2820 capiendam
3483 2750 3818 2821 Aigyptum,

2164 2842 2222 2894 et
2249 2837 2447 2894 divisit
2475 2843 2698 2909 partem
2727 2837 3012 2893 exercitus
3035 2836 3125 2892 sui
3153 2837 3234 2892 ibi
3265 2841 3468 2892 contra
3490 2839 3737 2910 Tyrum,
3761 2843 3824 2892 ut

2166 2930 2534 2996 coaequarent
2551 2925 2712 2981 illam
2731 2930 2978 2996 torrae,et
2996 2943 3107 2982 non
3131 2931 3466 2997 potuerunt.
3485 2926 3586 2982 Ille
3599 2933 3821 2995 autem,

2167 3016 2483 3087 subjugata
2510 3015 2776 3086 Egypto,
2798 3015 3038 3070 veniens
3069 3031 3203 3070 cum
3232 3014 3446 3086 populo
3477 3014 3824 3088 i’Ethiopum

2167 3109 2223 3159 et
2251 3103 2613 3159 diversarum
2659 3102 2945 3174 gentium,
2978 3103 3082 3157 ivit
3119 3103 3179 3157 in
3220 3102 3440 3174 sylvam
3474 3109 3532 3158 et
3564 3105 3826 3159 succidit

2165 3193 2420 3258 arbores,
2447 3191 2804 3263 adduxitque
2833 3192 2904 3246 ad
2937 3208 3117 3259 mare,
3146 3195 3203 3246 et
3232 3191 3497 3262 implevit
3525 3191 3670 3246 illud
3697 3197 3822 3248 tam

2165 3300 2233 3338 ex
2262 3281 2560 3353 lapidibus
2583 3297 2760 3353 quam
2784 3279 3092 3335 arboribus
3111 3285 3169 3334 et
3191 3279 3370 3335 humo
3401 3297 3412 3333 :
3439 3283 3503 3334 ut
3524 3280 3703 3336 siccis
3733 3299 3828 3352 pe-

2167 3371 2340 3425 dibus
2363 3374 2559 3441 posset
2577 3369 2778 3424 venire
2804 3371 2875 3425 ad
2908 3368 3391 3440 civitatem,quod
3417 3373 3475 3423 et
3506 3370 3658 3424 fecit.
3688 3371 3828 3425 Om-

2167 3476 2388 3530 nesque
2411 3458 2564 3530 cepit
2581 3459 2678 3529 qui
2699 3458 2758 3512 in
2777 3457 3008 3513 civitate
3026 3461 3210 3524 erant,
3226 3462 3284 3512 et
3302 3458 3486 3528 ipsam
3507 3458 3831 3518 subvertit.

2168 3548 2290 3602 Non
2325 3546 2587 3618 loquitur
2616 3551 2814 3601 autem
2841 3547 2911 3601 de
2942 3547 3054 3601 ista
3083 3546 3480 3601 destructione
3508 3547 3830 3617 propheta,

2167 3636 2268 3691 sed
2293 3638 2361 3690 de
2385 3635 2486 3690 illa
2505 3652 2681 3707 quam
2708 3635 3247 3692 Nabuchodonosor
3266 3634 3836 3706 adimplevit.Quare

2167 3729 2365 3780 autem
2399 3723 2508 3778 hoc
2530 3723 2580 3778 ei
2602 3724 2832 3779 evenit?
2863 3728 2994 3778 Hinc
3020 3729 3110 3778 est
3141 3740 3338 3778 causa.
3367 3723 3509 3778 Cum
3545 3724 3837 3781 Hierusa-

2165 3813 2281 3867 lem
2314 3816 2483 3883 capta
2513 3816 2667 3867 esset
2694 3830 2725 3866 a
2757 3812 3039 3867 Chaldaeis
3071 3812 3434 3883 temporibus
3465 3813 3748 3879 Sedeciae,
3781 3820 3836 3871 et

2168 3901 2420 3973 populus
2449 3901 2578 3970 ejus
2620 3899 2679 3954 in
2720 3900 3114 3971 captivitatem
3147 3901 3379 3968 ductus,
3416 3901 3839 3975 templumque

2166 3989 2450 4058 dirutum,
2473 3987 2777 4043 insultavit
2819 3989 3008 4060 Tyrus
3039 3989 3346 4045 vastationi
3383 3991 3527 4060 ejus.
3575 3991 3844 4064 Ideoque

2167 4077 2307 4148 quia
2338 4076 2536 4148 gavisa
2567 4083 2657 4131 est
2678 4079 2748 4131 de
2772 4076 3150 4133 tribulatione
3170 4075 3352 4143 iilius,
3377 4079 3510 4133 fecit
3537 4078 3590 4132 ei
3629 4079 3842 4136 Domi-

2169 4184 2279 4221 nus
2311 4165 2599 4232 similiter,
2627 4165 2864 4221 mittens
2895 4183 3071 4238 super
3109 4183 3236 4221 eam
3261 4165 3838 4225 Nabuchodonosor.

2166 4256 2236 4310 Et
2267 4255 2529 4325 praedixit
2559 4255 2609 4309 ei
2643 4271 2744 4326 per
2774 4254 3118 4326 prophetam
3153 4255 3328 4323 mala,
3352 4272 3478 4326 qua:
3509 4256 3722 4312 futura
3759 4259 3841 4314 illi

2167 4347 2352 4398 erant.
2373 4365 2399 4393 «
2427 4343 2671 4410 Ululate,
2708 4361 2881 4399 naves
2913 4344 3117 4400 maris.
3144 4367 3172 4392 »
3207 4343 3599 4416 Metaphorice
3635 4343 3843 4418 loqui-

2166 4437 2263 4486 tur
2293 4431 2574 4503 propheta
2599 4449 2610 4485 :
2637 4431 2775 4502 quia
2797 4449 2972 4486 naves
3005 4449 3121 4488 non
3157 4439 3407 4505 possunt
3429 4431 3657 4488 ululare
3689 4451 3708 4488 :
3745 4435 3845 4491 sed

409 4509 723 4599 inebriant,
756 4517 813 4568 et
841 4515 939 4585 qui
974 4515 1150 4571 etiam
1197 4517 1386 4588 gratia
1433 4517 1618 4572 sancti
1651 4518 1904 4590 Spiritus
1935 4520 2054 4576 ine-
2088 4535 2135 4599 ι)
2169 4520 2438 4575 homines
2469 4519 2570 4588 qui
2602 4520 2660 4574 in
2698 4519 2812 4574 illis
2859 4521 3214 4576 consistunt.
3242 4521 3304 4576 In
3335 4522 3528 4576 Graeco
3561 4527 3843 4593 apertius

407 4598 605 4665 briati,
632 4617 738 4656 nos
767 4602 943 4657 etiam
979 4603 1290 4660 inebriant.
1321 4606 1426 4661 Per
1454 4623 1553 4662 vas
1584 4612 1776 4662 autem
1812 4609 2056 4665 musico-

409 4703 564 4752 rum,
589 4692 855 4745 cantores
877 4697 1089 4746 sanctae
1113 4693 1404 4762 Ecclesiae,
1426 4696 1526 4765 qui
1561 4695 1684 4750 suis
1717 4697 2061 4753 modulatio-

409 4775 586 4829 nibus
607 4779 783 4832 corda
813 4780 1180 4835 audientium
1211 4783 1280 4835 ad
1315 4801 1571 4838 amorem
1597 4784 1694 4838 Dei
1725 4792 2055 4856 provocant.

409 4863 529 4919 Hoc
561 4869 756 4920 autem
787 4868 941 4937 quod
973 4869 1259 4924 diciturzu
1285 4870 1348 4924 In
1381 4871 1473 4926 die
1501 4872 1602 4927 illa
1631 4874 1928 4930 auferetur
1958 4894 2056 4947 pa-

408 4952 713 5024 xillus,qui
741 4956 932 5010 fuerat
950 4958 1098 5012 fixus
1120 4956 1242 5012 loco
1262 4958 1475 5028 fideli,»
1490 4962 1854 5017 referendum
1877 4965 2057 5019 estad

411 5040 565 5096 diem
589 5043 822 5111 judieii.
847 5043 1127 5101 Veniente
1153 5047 1308 5101 enim
1340 5048 1717 5114 Antichristo,
1749 5058 2056 5122 postquam

411 5128 713 5199 plenitudo
764 5134 1028 5206 gentium
1081 5134 1397 5204 intraverit,
1431 5137 1784 5206 praedicante
1843 5140 1964 5194 Elia
2007 5144 2064 5195 et

410 5216 604 5273 Enoch
637 5221 830 5276 omnis
873 5221 1048 5277 Israel
1093 5222 1414 5277 salvabitur
1443 5225 1616 5290 (Rom.
1646 5229 1743 5293 x1).
1771 5228 1840 5281 Et
1872 5227 1969 5282 illo
2002 5229 2059 5282 in

408 5307 668 5377 tempore
699 5311 1087 5381 complebitur
1116 5311 1260 5366 illud
1293 5313 1446 5383 quod
1479 5313 1700 5368 dictum
1733 5320 1822 5370 est
1855 5333 1918 5370 ;.‹‹
1945 5318 2058 5372 Su-

411 5395 838 5459 perabundabit
868 5399 1170 5471 iniquitas,
1199 5401 1535 5472 refrigescet
1559 5402 1813 5457 cliaritas
1847 5405 2058 5460 multo-

413 5482 604 5536 torum
642 5484 844 5553 (Matth.
870 5493 1041 5555 xxiv).
1073 5512 1098 5535 ››
1125 5489 1290 5544 Multi
1323 5489 1478 5543 enim
1515 5507 1626 5560 prie
1662 5492 1867 5547 timore
1896 5493 2057 5547 Anti-

2165 4607 2407 4663 dicitur:
2427 4607 2674 4672 Ululate,
2692 4625 2867 4662 naves
2879 4608 3378 4681 Carthaginis,qui
3393 4613 3846 4667 consueveratis

2166 4697 2363 4752 venire
2394 4697 2463 4750 ad
2497 4698 2716 4767 Tyrum
2750 4696 3164 4767 negotiationis
3195 4715 3392 4753 causa.
3415 4697 3717 4769 Carthago
3750 4718 3846 4756 co-

2169 4785 2325 4840 lonia
2347 4784 2456 4838 fuit
2475 4785 2686 4856 Tyriis,
2707 4785 2845 4856 quia
2868 4786 2939 4840 ab
2968 4785 3114 4857 ipsis
3138 4789 3472 4841 constructa
3492 4791 3602 4850 est,
3627 4791 3688 4840 et
3733 4790 3846 4860 ipsi

2167 4892 2294 4930 eam
2331 4873 2718 4928 incoluerunt.
2747 4875 2814 4928 Et
2843 4892 3023 4945 quare
3058 4874 3202 4930 dicit
3233 4874 3532 4947 propheta,
3557 4874 3803 4933 ululate
3823 4879 3851 4931 ?

2168 4988 2194 5012 ‹‹
2232 4963 2377 5028 Quia
2401 4967 2627 5017 vastata
2679 4968 2768 5017 est
2812 4964 3045 5032 domus,
3076 4987 3102 5013 ››
3136 4965 3191 5019 id
3224 4969 3332 5031 est,
3359 4963 3561 5018 civitas
3613 4965 3843 5035 Tyrus,

2169 5053 2321 5106 unde
2343 5051 2536 5105 venire
2558 5057 2939 5107 consueverat
2959 5053 3126 5109 vobis
3147 5051 3473 5118 aurum,vel
3501 5057 3703 5107 vestra
3744 5071 3847 5109 ne-

2169 5141 2434 5213 gotiatio.
2460 5163 2484 5186 ‹‹
2518 5140 2596 5194 De
2633 5145 2786 5194 terra
2815 5141 3040 5196 Cethim
3075 5141 3392 5197 revelatum
3425 5146 3516 5196 est
3541 5163 3566 5188 ››
3594 5141 3706 5196 eis.
3737 5146 3843 5197 Ce-

2167 5229 2315 5282 thim
2351 5246 2454 5299 pro
2486 5229 2708 5283 Graecia
2739 5231 2954 5300 posuit,
2981 5230 3135 5285 sicut
3167 5229 3420 5303 legimus
3441 5230 3500 5283 in
3532 5229 3691 5286 libro
3715 5233 3842 5285 Ma-

2168 5319 2540 5372 chabmorum
2583 5323 2631 5384 (1
2666 5318 2835 5373 Maeli.
2862 5319 2900 5388 ι)
2923 5319 2993 5373 de
3041 5318 3365 5373 Alexandro
3419 5318 3657 5389 Magno,
3692 5320 3841 5389 quia

2168 5423 2440 5474 egressus
2472 5410 2528 5460 et
2560 5406 2630 5459 de
2663 5411 2815 5459 terra
2856 5405 3104 5472 Cethim,
3130 5405 3187 5461 id
3235 5411 3343 5469 est,
3370 5405 3440 5460 de
3482 5406 3729 5460 Graecia.
3769 5404 3841 5458 Et

2168 5495 2307 5565 quid
2335 5493 2650 5548 revelatum
2679 5498 2768 5547 est
2791 5494 3352 5566 Carthaginensibus
3382 5513 3414 5548 a
3442 5493 3704 5548 Graecis?
3726 5492 3842 5547 Va-

412 5565 637 5634 christi,
662 5577 718 5628 et
758 5575 1069 5631 afﬂictione
1113 5579 1411 5647 negabunt
1451 5578 1786 5636 Christum:
1823 5587 1879 5637 et
1922 5586 2057 5636 tunc
2165 5587 2346 5637 tatam
2401 5599 2527 5637 esse
2561 5583 2800 5653 Tyrum.
2837 5587 2912 5638 De
2941 5565 3158 5639 Gracia
3209 5600 3466 5654 namque
3518 5581 3839 5638 veniebant
