4090 6192
267 344 398 411 025

281 578 341 631 et
360 574 716 630 civitatibus.
733 575 1003 647 Dumque
1023 575 1109 631 illi
1134 581 1558 633 reverterentur
1577 578 1635 633 in
1661 579 1934 650 patriam,

283 663 702 720 nuntiaverunt
718 664 1281 737 Carthaginensihus
1301 667 1756 725 destructionem
1777 670 1932 743 Tyri.

354 777 381 803 ‹‹
398 754 666 821 Tacete,»
687 752 746 809 id
767 757 875 819 est,
890 756 1291 826 pmnitentiam
1314 756 1466 829 agite
1491 776 1518 809 α
1534 758 1633 829 qui
1657 758 1935 814 habitatis

279 844 537 901 insulam
562 866 591 893 ››
615 844 859 910 maris,o
872 844 1028 917 Tyrii
1052 846 1151 918 qui
1175 846 1315 901 estis
1337 846 1653 919 negotiatio
1676 847 1934 916 Sidonis,

281 935 422 1007 quia
451 934 523 989 ab
558 933 703 1005 ipsis
734 933 1021 990 aedificata
1050 938 1140 989 est
1168 933 1405 990 illorum
1447 934 1669 1003 civitas,
1705 935 1935 1009 ipsique

280 1022 507 1080 Sidonii
529 1040 680 1095 saepe
702 1023 1010 1079 veniebant
1029 1040 1208 1079 causa
1228 1024 1564 1097 negotiandi
1590 1026 1661 1081 ad
1690 1027 1930 1099 Tyrum.

277 1112 405 1169 Vox
433 1112 729 1185 prophetae
766 1115 857 1168 est
877 1113 948 1168 ad
981 1112 1338 1170 habitatores
1368 1114 1526 1187 Tyri,
1559 1114 1711 1171 sicut
1738 1120 1796 1171 et
1825 1115 1935 1172 hoc

281 1202 436 1274 quod
462 1201 767 1273 sequitur:
794 1202 1279 1260 «transfretantes
1302 1222 1481 1260 mare.
1499 1227 1527 1253 »
1559 1206 1665 1271 Qui
1698 1205 1937 1261 fuerunt

280 1290 380 1345 isti
404 1290 850 1345 transfretantes
872 1294 1116 1375 mare,et
1136 1292 1501 1366 repleverunt
1520 1311 1647 1350 eam
1681 1294 1933 1367 positam

281 1380 342 1434 in
375 1379 546 1450 aquis
579 1378 787 1435 multis
818 1380 942 1435 suis
973 1380 1241 1437 divitiis?
1269 1382 1935 1457 Sidonii,Carthaginen-

280 1485 399 1533 ses,
431 1468 608 1524 (Irasci
642 1472 700 1523 et
730 1468 829 1524 alii
862 1470 959 1541 qui
992 1471 1064 1526 de
1090 1471 1337 1528 diversis
1363 1474 1641 1543 gentibus
1673 1474 1932 1528 conﬂue-

278 1558 427 1614 bant
456 1558 527 1613 ad
574 1573 703 1613 eam
738 1574 752 1612 :
786 1558 1040 1614 maxime
1098 1560 1367 1632 Egyptii,
1419 1562 1573 1617 sicut
1618 1561 1678 1617 in
1728 1562 1932 1617 subse-

278 1647 603 1719 quentibus
644 1646 916 1703 habetur.
951 1671 979 1698 «
1013 1649 1221 1705 Semen
1253 1650 1387 1718 Nili,
1421 1651 1633 1707 messis
1668 1650 1933 1707 ﬂuminis

282 1737 483 1811 fruges
508 1736 655 1808 ejus.
690 1758 718 1787 ››
754 1736 870 1792 Iste
913 1737 1238 1795 versiculus
1283 1740 1720 1797 constructione
1778 1744 1930 1812 eget,

281 1826 512 1896 istaque
533 1828 623 1880 est
650 1826 1049 1881 concatenatio
1073 1844 1086 1882 :
1113 1828 1333 1899 Fruges
1363 1828 1511 1899 ejus,
1545 1830 1602 1884 id
1631 1833 1738 1896 est,
1773 1829 1927 1902 Tyri,

280 1930 483 1970 semen
505 1912 615 1969 Nili
639 1914 987 1983 ﬂuminis,et
1009 1917 1221 1972 messis
1245 1918 1373 1988 ejus
1394 1935 1591 1974 semen
1610 1918 1722 1974 Nili
1746 1919 1934 1974 ﬂumi-

278 2002 1052 2061 nis.TerraChananaaorum
1073 2006 1132 2061 in
1155 2023 1405 2078 quorum
1431 2008 1623 2063 medio
1644 2010 1930 2081 Tyrorum

279 2090 486 2146 civitas
523 2090 714 2163 posita
750 2096 858 2158 est,
884 2092 1155 2150 infertilis
1186 2098 1292 2150 est.
1328 2097 1508 2151 Terra
1534 2101 1729 2152 autem
1761 2098 1931 2169 [Egy-

266 2179 539 2252 ‘ptiorum
597 2197 775 2253 quam
832 2180 999 2237 Nilus
1048 2183 1263 2240 fluvius
1313 2184 1539 2257 irrigat,
1573 2184 1933 2241 fertilissima

277 2272 457 2337 est,et
483 2269 793 2325 abundans
825 2272 1142 2327 admodum
1176 2273 1723 2346 frugibus.ldeoque
1748 2278 1931 2330 trans-

277 2359 449 2415 ibant
477 2374 637 2415 mare
687 2359 1078 2433 negotiatores
1127 2363 1435 2434 Tyrorum,
1470 2366 1526 2418 et
1555 2364 1829 2419 emebant
1857 2364 1930 2419 ab

277 2448 568 2521 [Egyptiis
628 2449 1009 2516 frumentum,
1040 2451 1260 2516 fabam,
1292 2452 1597 2520 hordeum,
1633 2452 1845 2515 linum,
1876 2457 1933 2508 et

276 2542 491 2593 caetera
510 2554 637 2610 quas
656 2536 759 2594 illa
770 2541 925 2594 terra
940 2540 1181 2611 profert:
1202 2540 1408 2596 dantes
1432 2557 1462 2597 e
1482 2546 1685 2614 contra
1697 2558 1927 2608 aurum,

276 2629 614 2699 argentum,
648 2626 848 2699 pallia,
880 2631 938 2683 et
975 2627 1317 2699 hujusmodi
1366 2630 1570 2701 pretia.
1606 2630 1676 2684 Et
1704 2629 1812 2685 hoc
1842 2633 1933 2684 est

276 2715 439 2788 quod
461 2715 785 2788 dicit,quod
816 2715 1065 2790 Egyptii
1098 2717 1471 2773 seminabant
1489 2717 1572 2773 illi
1593 2720 1928 2784 sumebant,

274 2807 338 2859 et
362 2803 574 2860 messis
602 2805 1005 2878 Egyptiorum
1038 2807 1262 2862 fruetus
1284 2811 1342 2863 et
1370 2823 1505 2863 esca
1532 2806 1765 2863 illorum
1784 2811 1927 2863 erat.

279 2917 302 2943 ι
343 2893 415 2948 Et
444 2893 595 2949 facta
623 2898 714 2949 est
744 2895 1057 2968 negotiatio
1089 2897 1376 2969 gentium,
1408 2918 1435 2945 ι)
1470 2913 1676 2951 omnes
1729 2899 1931 2969 gentes

273 2999 410 3055 quae
422 2980 483 3037 in
496 2982 743 3039 circuitu
771 2985 899 3056 ejus
922 2989 1089 3041 erant
1109 2986 1537 3042 concurrebant
1551 2986 1623 3041 ad
1636 2985 1931 3058 eam,quia

271 3071 410 3143 ipsa
441 3076 565 3128 erat
592 3071 938 3145 locupletior
964 3074 1257 3132 omnibus.

353 3182 383 3211 ‹‹
404 3161 716 3230 Erubesce,
740 3163 942 3230 Sidon,
967 3164 1114 3234 ait,»
1133 3164 1290 3219 enim
1313 3186 1341 3213 ‹‹
1366 3167 1629 3219 marezet
1647 3163 1925 3219 fortitudo

273 3217 1012 3320 maris,dicens:»vDuobus
1042 3217 1927 3324 modisintelligendusestiste
1955 3217 2001 3286 C

270 3337 627 3396 versiculus.
645 3339 841 3396 Potest
870 3340 1025 3396 enim
1057 3340 1140 3397 sic
1164 3340 1434 3413 intelligi,
1466 3343 1620 3412 quod
1652 3340 1935 3413 propheta

273 3425 562 3498 loquatur
580 3444 648 3483 ex
670 3444 918 3501 persona
938 3430 1316 3502 maris,quasi
1345 3430 1541 3502 ipsum
1573 3431 1783 3485 fretum
1806 3428 1931 3484 ani-

273 3532 443 3570 mam
477 3515 711 3581 habeat,
746 3520 803 3572 et
851 3518 1159 3574 condoleat
1214 3519 1429 3574 civitati
1479 3521 1649 3591 Tyro.
1681 3519 1785 3575 Vel
1817 3520 1931 3576 alio

270 3604 478 3670 modo,
512 3608 580 3659 ut
608 3604 968 3662 habitatores
1009 3606 1370 3662 diversarum
1403 3607 1704 3663 civitatum
1735 3609 1835 3680 qui
1869 3609 1928 3663 in

268 3692 429 3748 mari
453 3693 805 3761 residebant,
826 3699 883 3751 et
908 3695 1125 3767 quibus
1156 3697 1345 3768 Tyrus
1375 3695 1753 3752 mercimonia
1782 3714 1932 3769 prae-

266 3780 807 3837 bebatdicerentad
821 3782 1451 3857 Sidonios,qui'l‘yrum
1474 3783 1925 3853 zediﬁcaverunt,

266 3870 687 3942 compatiendo
718 3872 972 3927 miseriis
1004 3890 1205 3928 eorum
1235 3889 1249 3927 :
1274 3873 1319 3928 Ο
1341 3872 1519 3929 Sidon
1546 3873 1771 3940 civitas,
1804 3891 1931 3929 eru-

263 3957 535 4026 besce,id
560 3961 1049 4029 est,confundere,
1075 3966 1132 4018 et
1162 3962 1311 4018 habe
1340 3980 1647 4018 mmrorem
1678 3967 1736 4019 et
1762 3980 1926 4019 vere-

262 4046 577 4115 cundiam,
610 4066 786 4121 super
814 4051 1235 4106 desolationem
1268 4050 1399 4106 ﬁliaa
1429 4055 1542 4107 tuae
1568 4052 1703 4124 Tyri
1738 4069 1750 4107 :
1782 4068 1925 4124 quo-

261 4137 431 4192 niam
454 4141 693 4209 propter
723 4140 1060 4210 superbiam
1091 4143 1148 4195 et
1174 4140 1618 4195 fornicationem
1654 4157 1821 4196 suam
1853 4142 1926 4196 ad

261 4224 530 4281 nihilum
556 4227 795 4283 redacta
825 4231 934 4284 est.
973 4251 1003 4278 «
1034 4228 1159 4284 Non
1190 4229 1491 4300 parturivi,
1525 4233 1581 4284 et
1611 4245 1725 4284 non
1754 4246 1925 4301 pepe-

260 4314 310 4369 ri
338 4313 524 4369 ﬁlios.
552 4335 581 4363 η
605 4303 727 4371 νὸχ
750 4316 949 4389 populi
980 4317 1306 4373 habitantis
1334 4316 1395 4372 in
1429 4317 1597 4382 mari,
1630 4317 1715 4373 vel
1748 4316 1925 4372 etiam

262 4400 471 4472 ipsum
498 4417 659 4456 mare
680 4401 1017 4474 loquitur,si
1039 4403 1122 4459 ita
1151 4407 1346 4476 potest
1373 4403 1639 4459 dici.Non
1673 4407 1927 4476 propter-

261 4505 333 4544 ea
363 4487 516 4544 dicit
563 4490 717 4561 quod
769 4508 883 4546 non
933 4492 1157 4563 peperit
1206 4491 1378 4559 ﬁlios,
1412 4492 1514 4547 sed
1564 4492 1925 4547 condolendo

1337 353 1742 418 COMMENT.
1788 351 1867 414 IN
1913 350 2205 413 ISAIAM.
2250 387 2329 399 -
2370 356 2519 418 LIB.
2567 359 2642 421 Ιῐ.

282 482 673 558 negotiatores
694 484 764 541 ad
789 485 1193 557 Tyrum,sicut
1211 492 1269 543 et
1290 489 1360 544 de
1379 487 1627 544 diversis
1657 488 1934 560 gentibus
1961 482 2019 552 Α

3574 373 3692 435 826

2118 509 2147 537 ‹‹
2179 487 2446 546 Transite
2472 492 2676 549 maria.
2713 517 2742 544 »
2772 495 2894 551 Vox
2941 499 3235 571 prophetas
3293 502 3442 559 dans
3495 508 3691 562 consi-

2045 575 2189 632 lium
2249 579 2459 652 Tyriis.
2496 582 2660 638 Sicut
2705 583 2861 640 enim
2913 589 3185 658 superius
3244 591 3522 662 diximus,
3557 612 3692 651 cum

2045 672 2239 722 mente
2270 674 2724 739 pertractassent
2753 691 2867 729 non
2900 692 3071 747 posse
3102 679 3372 737 resistere
3402 699 3462 738 se
3492 684 3693 741 Nabu-

2044 756 2429 826 chodonosor,
2463 777 2599 831 pars
2639 762 2896 820 maxima
2944 765 3181 822 illorum
3230 773 3695 829 conscenderunt

2044 862 2239 914 naves,
2273 852 2331 903 et
2380 850 2657 921 fugerunt
2708 857 2869 907 trans
2920 870 3118 924 mare;
3151 874 3287 929 pars
3335 860 3513 915 etiam
3563 859 3690 917 illo-

2044 952 2175 990 rum
2198 954 2402 992 carens
2430 939 2677 994 navibus
2717 944 3001 999 remansit
3031 944 3091 999 in
3123 946 3372 1003 civitate.
3409 949 3693 1021 Loquitur

2043 1042 2180 1096 ergo
2212 1026 2492 1097 propheta
2519 1030 2590 1084 ad
2623 1028 2755 1085 illos
2784 1030 2884 1103 qui
2914 1033 3052 1105 fuga
3080 1034 3228 1106 lapsi
3260 1041 3420 1103 sunt,
3454 1038 3686 1095 dicens:

2043 1115 2311 1170 Transite
2343 1117 2549 1171 maria.
2586 1117 2707 1173 lllis
2756 1124 2955 1175 autem
3005 1122 3104 1192 qui
3154 1123 3215 1177 in
3246 1125 3477 1181 civitate
3508 1126 3689 1183 relicti

2044 1207 2205 1274 sunt,
2237 1204 2382 1259 dicit
2415 1222 2427 1261 :

2115 1311 2387 1367 «Ululate
2410 1312 2511 1383 qui
2552 1313 2830 1370 habitatis
2871 1316 3043 1388 Tyri:
3075 1340 3100 1365 ››
3127 1319 3435 1390 capiemini
3470 1322 3623 1377 enim
3660 1342 3693 1379 a

2042 1400 2348 1455 Chaldzeis.
2369 1424 2395 1450 ‹‹
2417 1402 2690 1474 Nunquid
2718 1421 2831 1457 non
2855 1404 2978 1459 hmo
2996 1410 3085 1461 est.
3114 1411 3323 1473 vestra,
3353 1432 3378 1456 ››
3411 1410 3693 1466 subaudis

2042 1489 2246 1544 civitas
2270 1514 2295 1539 ‹‹
2312 1507 2437 1561 qua:
2460 1490 2822 1562 gloriabatur
2841 1499 3078 1565 propter
3098 1496 3507 1568 antiquitatem
3530 1499 3692 1553 sui?»

2040 1579 2163 1634 Vox
2177 1579 2469 1651 propheta:
2486 1580 2554 1634 ad
2572 1580 2961 1653 negotiatores
2978 1583 3429 1657 Carthaginis,et
3442 1588 3691 1644 aliarum

2042 1669 2721 1742 civitatum.Erigebatur
2744 1670 2899 1725 enim
2935 1672 2991 1726 in
3024 1675 3360 1744 superbiam
3396 1678 3693 1748 Tyrus,di—

2042 1775 2180 1814 cons
2204 1775 2216 1812 :
2242 1760 2359 1830 Ego
2383 1759 2436 1813 in
2463 1758 2704 1831 antiquo
2734 1762 2993 1832 tempore
3015 1763 3302 1818 aediﬁcata
3319 1764 3535 1835 repleta
3557 1782 3689 1820 sum

1959 1853 2009 1919 Β
2039 1846 2343 1914 divitiis,et
2364 1846 2602 1903 domina
2627 1849 2891 1904 omnium
2916 1851 3689 1925 negotiatorum.thuiain-

2042 1938 2181 1992 flata
2201 1935 2476 2009 superbia
2496 1935 2745 2009 gloriata
2763 1942 2872 2006 est,
2904 1959 2931 1992 α
2952 1940 3167 1994 ducent
3187 1958 3313 1996 eam
3336 1943 3511 2013 pedes
3525 1942 3615 1998 sui
3630 1943 3688 1999 in

2041 2025 2429 2081 Chaldzeam.»
2461 2027 2541 2081 De
2572 2027 2688 2083 illis
2720 2029 2891 2083 modo
2922 2028 3182 2101 loquitur
3211 2047 3359 2102 quos
3389 2032 3555 2087 duxit
3583 2032 3690 2088 Na-

2041 2114 2490 2171 buchodonosor
2520 2116 2577 2171 in
2612 2116 2985 2189 Babylonem.

2114 2245 2141 2270 α
2178 2221 2317 2290 Quis
2348 2223 2622 2295 cogitavit
2652 2224 2760 2278 hoc
2791 2241 2968 2296 super
2996 2226 3237 2297 Tyrum,
3274 2249 3301 2275 ››
3333 2232 3398 2282 ut
3427 2228 3687 2283 destrue-

2042 2313 2357 2382 retur,qua3
2390 2334 2415 2359 ‹‹
2441 2312 2737 2382 quondam
2763 2335 2789 2360 ι›
2824 2312 2933 2367 fuit
2963 2338 2989 2363 ‹‹
3016 2316 3331 2370 coronata?
3356 2339 3381 2363 ››
3413 2316 3535 2371 Vox
3567 2334 3693 2388 pro-

2040 2398 2229 2470 phetze
2261 2398 2393 2471 quis
2420 2399 2530 2454 hoc
2562 2401 2985 2473 cogitaverit,et
3017 2403 3138 2474 ipse
3169 2404 3532 2459 demonstrat
3558 2404 3693 2477 quis

2041 2487 2475 2559 cogitavit,cum
2500 2489 2720 2544 dicitur
2744 2507 2756 2545 :
2781 2491 3066 2546 Dominus
3097 2491 3455 2547 exercituum
3480 2492 3692 2565 cogita-

2038 2576 2123 2631 vit
2153 2577 2283 2631 hoc.
2318 2577 2479 2632 Unde
2506 2583 2632 2633 erat
2662 2580 3160 2636 coronata?Sicut
3181 2588 3278 2636 rex
3307 2581 3533 2638 habens
3565 2582 3689 2638 dia-

2040 2666 2212 2721 dema
2241 2665 2298 2720 in
2332 2666 2844 2739 capite,sceptrum
2876 2668 2934 2722 in
2969 2686 3168 2737 manu,
3190 2669 3361 2725 altior
3390 2671 3547 2726 omni
3582 2688 3689 2726 suo

2038 2754 2253 2827 populo
2275 2760 2333 2812 et
2354 2755 2684 2828 prmclarior
2703 2756 2930 2812 exsistit
2954 2774 2967 2813 :
2996 2757 3080 2812 sic
3104 2757 3203 2813 illa
3225 2758 3489 2814 residens
3504 2759 3559 2812 in
3576 2776 3690 2814 me-

2039 2845 2136 2900 dio
2168 2845 2335 2911 mari,
2368 2844 2543 2916 plena
2571 2844 2788 2899 divitiis
2810 2849 2865 2899 et
2892 2845 3688 2918 negotiationibus,omnibus

2038 2933 2372 2989 civitatibus
2402 2933 2747 3006 locupletior
2774 2938 2832 2989 et
2862 2934 3190 3006 prazcelsior
3218 2939 3360 2991 erat.
3375 2935 3477 2990 Vel
3507 2936 3686 2991 etiam

2037 3040 2105 3078 ex
2133 3022 2243 3079 hoc
2290 3022 2621 3095 appellatur
2666 3026 2959 3091 coronata,
2994 3024 3151 3097 quod
3190 3041 3396 3081 omnes
3426 3024 3688 3080 civitates

2036 3114 2094 3165 et
2125 3109 2515 3184 negotiatores
2547 3111 2604 3165 in
2636 3110 2884 3166 circuitu
2916 3110 3075 3167 illius
3105 3112 3689 3184 positi,conﬂuebant

2044 3199 2323 3272 undique,
2358 3198 2575 3271 quibus
2604 3203 2729 3255 erat
2758 3200 3123 3257 circumdata
3159 3201 3326 3273 quasi
3358 3218 3427 3256 ex
3452 3219 3685 3257 corona.

2047 3289 2349 3345 lnstitores
2377 3292 2658 3345 vocantur
2688 3290 3097 3363 negotiatores,
3129 3308 3195 3346 eo
3226 3291 3379 3362 quod
3423 3291 3689 3363 superin-

2044 3377 2261 3433 sistant
2282 3378 2530 3450 negotiis
2553 3382 2610 3433 et
2629 3378 3044 3435 mercimoniis.
3061 3378 3209 3434 Dicit
3228 3397 3363 3453 ergo
3386 3380 3689 3452 propheta,

2043 3468 2181 3540 quia
2214 3470 2331 3522 tam
2366 3467 2575 3540 dignos
2618 3472 2675 3524 et
2724 3468 2947 3524 nobiles
2992 3468 3244 3524 habebat
3301 3470 3691 3543 negotiatores

2040 3560 2097 3612 et
2128 3556 2446 3626 institores,
2482 3557 2581 3629 qui
2611 3557 2904 3630 principes
2936 3560 2993 3613 et
3033 3557 3230 3630 inclyti
3264 3562 3534 3630 poterant
3562 3575 3690 3614 esse

2040 3646 2098 3701 in
2126 3644 2340 3719 regnis.

2111 3778 2138 3805 «
2174 3753 2459 3809 Dominus
2491 3752 2769 3825 cogitavit
2802 3776 2829 3801 ››
2863 3756 2926 3807 ut
2956 3753 3028 3808 de
3058 3753 3333 3825 superbia
3363 3753 3688 3809 deducatur

2038 3866 2065 3892 «
2090 3842 2163 3896 ad
2185 3841 2415 3897 ruinam
2448 3846 2506 3897 et
2537 3842 2837 3897 universos
2870 3840 3116 3912 inclytos
3146 3845 3368 3908 terrea,»
3401 3842 3686 3898 subaudis

2037 3931 2520 3997 Chananzeorum,
2546 3953 2573 3980 «
2609 3933 2789 4001 ponat
2818 3928 3437 4002 ignominiam.Transi
3471 3933 3684 3986 terram

2034 4024 2199 4076 tuam
2221 4040 2247 4072 ι)
2275 4037 2307 4075 o
2332 4020 2453 4075 ﬁlia
2484 4018 2684 4075 maris.
2712 4041 2739 4069 «
2761 4018 2936 4085 Quasi
2953 4041 2981 4067 »
3004 4017 3216 4091 aliquis
3246 4018 3347 4090 qui
3368 4018 3481 4075 cito
3502 4023 3689 4075 trans-

2037 4110 2272 4181 navigat
2320 4108 2576 4180 aliquem
2625 4131 2651 4158 «
2685 4107 2961 4163 rivulum.
2994 4130 3022 4159 ››
3059 4111 3246 4174 Quare
3291 4109 3449 4164 hoc?
3485 4131 3507 4161 ι
3541 4108 3686 4175 Quia

2035 4215 2152 4254 non
2172 4202 2263 4254 est
2284 4196 2587 4270 cingulum
2610 4196 2736 4265 tibi,
2774 4220 2800 4246 ››
2833 4197 2891 4253 id
2923 4200 3033 4265 est,
3070 4215 3183 4253 non
3214 4198 3396 4253 habes
3428 4197 3585 4253 ultra
3612 4197 3687 4253 vi-

2035 4304 2127 4342 res
2149 4286 2455 4342 resistendi
2480 4286 2900 4342 ChaldaeisPer
2927 4286 3250 4360 cingulum,
3278 4287 3684 4342 fortitudinem

2034 4375 2155 4430 sive
2184 4375 2336 4430 vires
2368 4374 2650 4448 intellige,
2685 4376 2825 4446 quia
2866 4375 2926 4430 in
2974 4374 3193 4431 lumbis
3236 4376 3337 4447 qui
3371 4375 3687 4447 cinguntur

2034 4463 2291 4537 cingulo,
2323 4463 2408 4519 vis
2438 4463 2696 4519 hominis
2727 4464 2997 4519 consistit
3025 4464 3161 4533 (Job.
3192 4467 3450 4529 xxxvm).

260 4576 435 4645 dicit,
472 4578 629 4649 quod
680 4594 797 4633 non
846 4578 1064 4634 fuerint
1106 4579 1211 4634 filii
1244 4581 1373 4651 ejus
1403 4579 1552 4635 tales
1577 4581 1677 4652 qui
1710 4582 1925 4653 Tyrum
1956 4580 2010 4649 Ι)
2108 4571 2431 4628 Consilium
2471 4572 2571 4627 dat
2614 4570 2896 4642 propheta
2940 4568 3151 4641 Tyriis.
3186 4590 3214 4617 «
3242 4568 3480 4622 Manum
3513 4583 3682 4623 suam

258 4668 520 4737 possent
549 4665 892 4722 defendere:
916 4667 1006 4721 vel
1037 4668 1212 4723 etiam
1244 4669 1316 4722 ad
1349 4668 1776 4724 incrementum
1809 4686 1925 4725 non
2035 4662 2307 4718 extendet
2333 4677 2514 4733 Supra
2545 4676 2724 4714 maPB-
2748 4681 2776 4707 ”
2806 4657 2925 4713 VOX
2950 4656 3247 4728 PPOPhBliB
3276 4661 3383 4711 68L
3418 4655 3558 4721 Ουὶε
3587 4672 3681 4710 6X-

258 4756 689 4824 pervenerunt,
716 4754 772 4809 id
799 4758 907 4819 est,
933 4755 1003 4809 ad
1037 4753 1450 4827 perfectionem
1481 4754 1737 4826 virgines
1767 4755 1925 4811 illius

255 4844 320 4895 et
350 4839 463 4895 filii
515 4844 650 4895 ante
701 4841 773 4896 ab
822 4841 1093 4897 hostibus
1136 4841 1442 4907 interfecti,
1476 4858 1654 4913 quam
1686 4840 1922 4912 plenum

256 4928 577 4984 haberent.

336 5041 365 5067 «‹
380 5021 534 5072 Cum
557 5018 828 5074 auditum
851 5019 1023 5075 fuerit
1044 5020 1102 5075 in
1134 5021 1397 5092 Egypto.
1417 5042 1445 5068 »
1466 5019 1587 5075 Vox
1609 5020 1922 5093 prophetas.

255 5107 558 5179 Egyptus
588 5106 644 5161 in
694 5107 953 5178 proximo
1001 5112 1125 5164 erat
1173 5108 1389 5163 civitati
1441 5109 1612 5181 Tyro,
1646 5113 1926 5180 erantque

256 5195 337 5250 ad
370 5193 625 5250 invicem
668 5196 909 5251 connexi
960 5197 1231 5252 amicitia
1278 5197 1547 5252 vinculis.
1582 5198 1927 5253 Det‘erebant

255 5282 428 5339 enim
451 5281 591 5355 Tyri
612 5282 672 5338 in
703 5284 1015 5357 Egyptum
1048 5285 1158 5341 hoc
1189 5302 1305 5357 quo
1335 5284 1419 5340 illi
1450 5286 1746 5351 carebant,
1776 5285 1925 5341 acci-

254 5371 498 5444 pientes
520 5386 551 5426 e
579 5376 786 5428 contra
814 5372 887 5428 ab
916 5372 1036 5429 illis
1067 5375 1448 5441 frumentum,
1480 5377 1538 5429 et
1566 5379 1770 5428 caetera
1800 5390 1926 5444 qua:

254 5460 321 5514 in
356 5460 659 5516 Ezechiele
690 5461 923 5533 plenius
966 5467 1520 5519 commemorantur.
1557 5463 1804 5533 Ideoque
1834 5461 1926 5517 di-

252 5549 372 5604 cit:
393 5548 546 5604 Cum
568 5550 864 5606 audierint
893 5552 1138 5625 [Egyptii
1162 5544 1503 5608 subversam
1525 5567 1653 5607 esse
1683 5552 1924 5622 Tyrum,

250 5636 557 5693 dolebant
584 5654 763 5712 super
791 5656 942 5696 eam.

2034 4753 2235 4806 tendet
2255 4766 2496 4805 manum
2519 4749 2726 4803 suam?
2749 4746 3144 4802 Dominus.Ad
3162 4745 3301 4817 quid
3320 4744 3684 4801 faciendum?

2036 4840 2108 4895 Ut
2136 4839 2560 4895 conturbentur
2598 4854 2796 4908 regna.
2826 4838 2963 4901 Quae
3006 4835 3229 4907 regna?
3260 4834 3681 4907 tEgyptiorum,

2036 4928 2446 4994 Moabitarum,
2480 4930 2537 4981 et
2568 4931 2910 4981 ezeterorum
2962 4924 3021 4979 in
3069 4923 3317 4980 circuitu
3348 4923 3504 4995 Tyri.
3538 4924 3682 4976 Cum

2033 5018 2192 5074 enim
2214 5015 2519 5072 audissent
2540 5016 2810 5071 universa
2832 5030 3009 5086 regna
3027 5032 3153 5086 quae
3175 5017 3341 5068 erant
3356 5013 3413 5066 in
3437 5010 3684 5067 circuitu

2035 5109 2344 5180 Tyrorum,
2376 5107 2528 5179 quod
2564 5105 2650 5160 illi
2682 5103 3131 5177 depraedationis
3165 5102 3395 5156 ruinam
3429 5099 3683 5156 sustine-

2035 5200 2184 5262 rent,
2217 5196 2397 5251 nimio
2431 5196 2638 5250 timore
2671 5191 2959 5265 perterriti
2992 5191 3299 5245 dixerunt:
3325 5188 3475 5254 Quid
3506 5187 3683 5243 facie-

2036 5302 2172 5341 mus
2203 5302 2309 5340 nos
2340 5284 2532 5349 modo,
2565 5282 2797 5353 quando
2857 5278 3057 5349 regina
3106 5280 3307 5332 nostra
3354 5275 3559 5347 praeda:
3595 5277 3686 5330 est

2036 5374 2222 5429 data?
2251 5374 2417 5428 Certe
2464 5370 2765 5440 capiemur
2792 5385 2827 5422 a
2854 5365 3160 5421 Chaldaeis.
3195 5364 3289 5420 Sic
3337 5364 3555 5419 factum
3596 5367 3686 5419 est

2015 5460 2107 5518 "de
2130 5477 2306 5533 regno
2330 5457 2748 5531 fl'lgyptiorum.
2769 5455 3041 5527 Legimus
3065 5455 3124 5509 in
3146 5452 3439 5509 Ezechiele
3470 5453 3681 5525 (Ezech.

2035 5554 2210 5619 xxxx),
2242 5548 2381 5621 quia
2428 5561 2675 5619 regnum
2725 5543 2951 5616 Aigypti
2999 5560 3103 5614 pro
3143 5541 3521 5600 subversione
3550 5542 3683 5615 'I‘yri

2037 5639 2197 5695 dedit
2212 5636 2496 5694 Dominus
2515 5633 3072 5704 Nabuchodonosor,
3088 5632 3285 5689 dicens
3310 5650 3324 5688 :
3359 5632 3465 5690 Fili
3497 5630 3684 5688 homi-
