4090 6192
442 299 563 364 821

851 299 1264 361 HAYMONIS
1295 298 1832 361 HALBERSTAT.
1868 294 2109 358 EPISC.
2141 294 2314 357 OPP.
2349 297 2574 361 PARS.
2607 299 2654 361 Ι.
2689 332 2768 346 --
2795 301 3200 368 COMMENT.
3233 287 3431 366 B'IBL.

443 436 558 505 nis,
571 433 1106 492 Nabuchodonosor
1125 450 1288 490 servo
1309 451 1439 490 meo
1461 450 1682 489 merces
1703 450 1818 490 non
1840 437 1931 490 est
1950 433 2083 488 red-
2113 425 2172 495 Α,
2199 430 2313 488 Iste
2324 433 2648 492 versiculus
2667 433 2919 508 pertinet
2937 437 3010 492 ad
3023 436 3508 494 restaurationem
3530 437 3837 512 illiusque

442 528 565 584 dita
585 544 690 600 pro
719 525 1147 596 servitute,qua
1176 524 1410 580 servivit
1440 523 1583 579 mihi
1615 527 1815 579 contra
1845 525 2087 594 Tyrum,

442 619 515 673 da
538 617 588 671 ei
612 617 920 686 Egyptum
953 630 1058 685 pro
1089 615 1258 686 Tyro.
1293 637 1320 662 ‹‹
1355 613 1640 669 Dominus
1667 614 1965 668 mandavit
1986 615 2086 669 ad-

439 721 670 760 versum
692 703 1027 759 Chanaan.»
1061 703 1178 757 Hoc
1209 703 1360 774 quod
1397 702 1667 774 superius
1695 703 1858 769 dixit,
1891 708 2086 758 exten-

439 795 538 849 det
567 810 808 849 manum
841 793 1214 858 suam,modo
1247 792 1731 855 dieit,mandavit.
1766 793 2086 850 Extendere

437 901 651 939 manus
680 883 802 951 Dei,
838 887 929 938 est
959 883 1261 938 mandare.
1296 883 1571 937 Mandare
1604 882 1761 937 illius
1791 881 2080 950 voluntas,

433 972 706 1028 voluntas
727 971 1004 1043 operatio.
1025 973 1104 1025 Ea
1129 971 1340 1026 virtute
1369 973 1670 1027 mandavit
1698 973 2082 1028 Nabuchodo-

435 1079 630 1118 nosor.
663 1061 807 1128 Quid
835 1064 858 1116 Ρ
887 1061 959 1115 Ut
991 1059 1212 1115 veniret
1269 1061 1578 1114 adversum
1637 1061 1933 1126 Chanaan,
1967 1085 1994 1110 ‹‹
2027 1065 2083 1116 et

433 1153 757 1207 contereret
776 1150 952 1204 fortes
969 1149 1119 1217 ejus,
1141 1172 1167 1196 »
1189 1148 1245 1203 id
1273 1154 1362 1204 est
1390 1149 1567 1205 fortes
1597 1149 2076 1206 Chananmorum.

432 1242 643 1312 Tyrus,
665 1239 874 1307 utjam
899 1238 1175 1306 diximus,
1200 1237 1657 1294 Chananzeorum
1679 1239 1884 1295 civitas
1905 1246 2030 1295 erat
2063 1257 2076 1295 :

431 1334 490 1384 et
509 1327 810 1383 fortissimi
853 1325 1085 1381 illorum
1113 1327 1166 1380 in
1193 1329 1342 1399 Tyro
1371 1328 1737 1395 habitabant,
1760 1333 1818 1384 et
1848 1330 1904 1384 in
1938 1348 2081 1385 eon-

431 1417 668 1472 tritione
701 1417 1006 1487 Tyrorum,
1043 1415 1275 1470 illorum
1309 1417 1486 1472 fortes
1519 1418 1804 1490 perempti
1833 1423 1990 1474 sunt.

503 1529 530 1556 ‹‹
555 1507 626 1561 Et
655 1505 854 1571 dixit,»
890 1505 1174 1560 subaudis
1205 1504 1510 1571 Dominus,
1544 1507 1712 1562 «Non
1745 1509 2081 1580 adjiciesul-

430 1599 522 1651 tra
542 1616 570 1644 »
603 1597 713 1649 etc.
735 1593 1040 1648 Calumnia
1068 1596 1157 1648 est
1185 1595 1501 1650 accusatio.
1538 1595 1682 1652 Filia
1711 1597 1945 1653 Sidonis
1976 1617 2076 1671 ap-

427 1683 679 1756 pellatur
709 1684 916 1754 Tyrus,
932 1683 1070 1754 quia
1092 1683 1202 1755 ipsi
1225 1685 1660 1741 :edificaverunt
1679 1703 1829 1741 eam.
1854 1687 2076 1743 Gloria-

2195 520 2307 576 fuit
2329 526 2461 594 post
2490 523 2865 598 septuaginta
2893 526 3437 583 annos.Meretrices
3467 544 3596 599 quae
3626 529 3840 587 multos

2194 607 2530 667 habuerunt
2558 617 2868 683 amatores,
2901 617 3211 688 postquam
3253 616 3742 689 derelinquuntur
3768 619 3840 674 ab

2194 698 2312 754 illis
2341 700 2429 755 vel
2461 706 2698 774 propter
2726 703 3180 771 deformitatem,
3213 705 3302 760 vel
3336 711 3720 774 senectutem,
3751 725 3841 763 so-

2194 787 2317 843 lent
2337 789 2657 847 residentes
2677 791 2734 845 in
2770 792 2943 846 domo
2975 809 3320 865 componere
3348 793 3458 849 sibi
3487 795 3769 862 carmina,
3788 802 3845 852 et

2194 879 2428 932 cantare
2451 882 2517 932 ut
2549 878 2836 950 recipiant
2861 879 3437 948 consolationem,vel
3469 883 3648 938 etiam
3680 886 3842 940 redu-

2192 969 2388 1020 centes
2410 967 2482 1020 ad
2507 966 2848 1023 memoriam
2873 967 2980 1024 hoc
3003 969 3156 1040 quod
3181 969 3344 1041 prius
3373 976 3841 1043 gesserunt,cum

2192 1053 2418 1109 cantico
2439 1063 2903 1112 commemorant
2927 1056 3072 1113 illud
3089 1075 3102 1112 :
3119 1058 3201 1114 sic
3224 1063 3281 1114 et
3307 1061 3493 1132 Tyrus
3525 1065 3842 1136 postquam

2191 1159 2421 1200 reversa
2449 1150 2538 1201 est
2567 1147 2703 1218 egit.

2266 1255 2293 1281 ‹‹
2317 1233 2494 1289 Sume
2524 1234 2830 1303 citharam,
2855 1260 2881 1285 »
2915 1253 2946 1292 ο
2979 1237 3274 1292 meretrix.
3307 1237 3632 1295 Consilium
3661 1241 3770 1296 dat
3795 1243 3842 1297 ei

2188 1322 2494 1394 propheta,
2527 1324 2779 1396 qualiter
2833 1330 2968 1398 agat
3025 1327 3450 1398 pmnitentia-m,
3482 1333 3549 1384 ut
3602 1331 3848 1386 evadere

2189 1415 2366 1483 queat
2432 1412 2727 1484 judicium
2809 1413 3064 1481 Domini,
3125 1415 3324 1471 dicens
3377 1432 3390 1472 :
3456 1418 3700 1474 «Sume
3761 1419 3846 1474 ci-

2187 1501 2440 1568 tharam,
2473 1505 2528 1556 et
2577 1519 2748 1574 perge
2800 1520 2904 1575 per
2949 1506 3114 1559 tuam
3163 1503 3458 1561 civitatem
3492 1529 3519 1554 »
3551 1509 3848 1563 cantando

2187 1593 2320 1645 tuas
2363 1591 2986 1663 miseriasﬁquatenus
3032 1593 3382 1650 misereatur
3418 1595 3504 1649 tui
3533 1595 3846 1652 Dominus.

2187 1703 2215 1730 ‹‹
2251 1681 2404 1736 Bene
2451 1697 2616 1748 cane,
2668 1681 2976 1753 frequenta
3024 1683 3343 1738 canticum.
3379 1706 3408 1732 »
3439 1685 3570 1740 Haec
3601 1703 3734 1758 qua:
3758 1703 3848 1742 se-

426 1771 602 1826 batur
627 1773 822 1826 autem
869 1773 1056 1842 Tyrus
1086 1771 1145 1826 in
1181 1772 1398 1828 divitiis
1429 1773 1573 1841 suis,
1605 1779 1662 1830 et
1691 1777 2078 1833 accusabatur
2101 1797 2150 1862 Β
2185 1773 2451 1840 quuntur
2475 1786 2543 1824 CX
2573 1785 2747 1826 oncrc
2777 1770 2913 1841 isto,
2945 1772 3017 1826 ad
3049 1772 3440 1828 reversi-onem
3471 1771 3637 1862 illius
3671 1775 3847 1846 perti-

424 1861 498 1916 ab
530 1859 806 1914 omnibus
833 1859 891 1914 in
921 1860 1170 1916 circuitu
1230 1879 1336 1917 suo
1381 1864 1533 1935 quod
1591 1866 1843 1935 superba
1898 1871 2071 1934 esset,

423 1949 552 2006 ideo
573 1948 745 2004 dixit:
762 1950 806 2005 Ο
829 1949 992 2022 virga
1016 1949 1134 2005 ﬁlia
1155 1949 1410 2021 Sidonis,
1435 1957 1747 2025 postquam
1779 1956 2075 2012 destructa

421 2037 602 2095 fueris
621 2055 736 2093 non
760 2037 1103 2110 gloriaberis
1133 2039 1471 2111 amplius,et
1493 2059 1605 2096 non
1639 2045 2003 2099 accusabunt
2019 2049 2073 2100 te

421 2126 620 2200 populi
653 2127 806 2200 quod
841 2130 975 2199 typo
1002 2128 1286 2199 superbia:
1317 2128 1519 2184 inflata
1551 2131 1666 2185 sis.
1687 2154 1714 2180 ‹‹
1751 2133 1811 2187 In
1843 2133 2072 2188 Cethim

421 2232 782 2287 consurgens
813 2217 1146 2271 transfreta.
1186 2239 1213 2265 »
1245 2217 1366 2272 Vox
1397 2219 1692 2291 prephetm
1724 2222 1794 2275 ad
1828 2223 2067 2293 Tyrum.

420 2305 482 2362 In
505 2304 754 2371 Cethim,
789 2304 845 2359 id
869 2308 979 2373 est,
1013 2306 1070 2361 in
1103 2306 1383 2361 Grmciam
1417 2308 1463 2363 si
1499 2309 1655 2374 ieris,
1684 2327 1796 2364 non
1826 2311 2070 2366 habebis

417 2395 702 2467 requiem.
739 2394 819 2449 De
861 2393 978 2450 illis
1020 2394 1163 2449 dicit
1209 2395 1309 2467 qui
1359 2397 1722 2454 transierunt
1769 2416 1930 2455 mare
1965 2418 1977 2456 :
2011 2406 2070 2457 et

418 2483 697 2556 fugerunt
717 2483 775 2537 in
797 2483 1108 2556 Egyptum
1141 2487 1198 2539 et
1228 2484 1286 2538 in
1320 2485 1712 2543 Grazciam.Et
1740 2505 1920 2560 quare
1952 2507 2065 2546 non

417 2572 751 2628 habuerunt
781 2571 861 2628 ibi
893 2571 1153 2644 requiem
1179 2573 1208 2628 ?
1237 2575 1384 2640 Quia
1429 2577 1836 2648 comprehensi
1867 2583 2006 2634 sunt
2034 2597 2069 2635 a

417 2660 980 2717 Nabuchodonosor.

486 2772 514 2800 «
532 2751 676 2806 Ecce
697 2753 851 2806 terra
873 2749 1274 2808 Chaldzeorum
1305 2753 1440 2810 talis
1472 2755 1723 2828 populus
1749 2774 1864 2813 non
1898 2757 2064 2829 fuit.»

417 2839 760 2906 notandum,
794 2837 935 2911 quia
986 2857 1101 2896 non
1151 2841 1296 2898 dixit
1338 2860 1452 2899 non
1485 2845 1615 2912 erit,
1649 2847 1748 2901 sed
1783 2865 1897 2901 non
1933 2847 2062 2902 fuit.

413 2927 628 2984 Verum
653 2931 742 2983 est
771 2928 1095 3001 enim,quia
1120 2948 1306 3004 usque
1320 2933 1392 2988 ad
1417 2938 1662 2990 mortem
1685 2936 2062 2992 Nabuchodo-

414 3033 590 3072 nosor
612 3016 916 3073 fortissimi
948 3034 1126 3090 super
1146 3037 1350 3078 omnes
1381 3026 1584 3094 gentes
1615 3023 1864 3079 Chaldaei
1896 3026 2067 3097 Assy-

415 3104 604 3176 riique
635 3105 888 3160 fuerunt.
924 3107 1130 3163 Postea
1174 3113 1369 3164 autem
1401 3111 1730 3167 Grzeeorum
1762 3117 1818 3168 et
1849 3113 2060 3168 Roma-

416 3167 625 3249 norum
660 3193 912 3266 populus
943 3196 1146 3252 fortior
1175 3197 1303 3252 fuit.
1331 3199 1556 3254 «Assur
1585 3201 1848 3256 fundavit
1871 3218 2059 3272 eam,»
2091 3167 2135 3234 δ

415 3283 700 3339 subaudis
730 3282 890 3339 illam
922 3288 1158 3340 terram.
1191 3287 1375 3342 Assur
1402 3289 1848 3359 potentissimus
1877 3296 1934 3347 et
1955 3292 2063 3346 for-

411 3372 682 3470 tissimus
710 3373 886 3430 homo
919 3373 1090 3440 fuit,a
1114 3391 1229 3473 quo
1263 3376 1503 3431 fundata
1521 3381 1628 3444 est,
1649 3379 1707 3433 id
1739 3383 1846 3448 est,
1881 3399 1915 3435 a
1948 3399 2062 3473 quo

414 3457 696 3530 originem
723 3460 1250 3530 sumpserunt.Vox
1279 3463 1588 3533 propheta).
1611 3467 1736 3536 Ipse
1767 3457 2066 3524 Assur've-

415 3547 500 3603 nit
519 3566 698 3620 super
716 3552 832 3618 te,o
853 3549 1020 3619 Tyro,
1045 3572 1072 3598 ‹‹
1099 3549 1156 3604 in
1181 3550 1571 3623 captivitatem
1603 3557 2064 3613 transduxerunt

415 3637 688 3692 robustos
714 3658 742 3685 »
774 3636 892 3692 sive
936 3637 1194 3710 captivos
1228 3660 1255 3690 ‹‹
1285 3641 1434 3711 ejus.
1473 3664 1499 3690 »
1533 3643 1714 3716 Cujus
1758 3646 2015 3717 captivos
2035 3648 2064 3703 ?

412 3723 548 3797 Tyri
582 3747 610 3774 «
643 3725 1008 3782 suifoderunt
1039 3727 1244 3785 domos
1274 3731 1460 3802 ejus.»
1493 3733 1734 3799 Quando
1764 3735 2065 3794 Nabucho-

413 3814 668 3870 donosor
697 3814 926 3888 navigio
948 3817 1106 3873 venit
1125 3819 1196 3874 ad
1221 3817 1582 3890 Tyrum,non
1616 3822 1805 3878 solum
1837 3841 2058 3893 muros,

413 3905 514 3958 sed
536 3903 711 3960 etiam
731 3905 936 3961 domos
953 3922 1157 3962 omnes
1177 3908 1478 3976 subvertit,
1513 3914 1571 3965 et
1593 3928 1718 3983 quae
1741 3917 1910 3969 antea
1940 3918 2066 3969 erat

413 3991 732 4063 negotiatio
765 3993 1090 4064 civitatum,
1123 3995 1278 4051 facta
1306 4001 1396 4052 est
1425 3997 1664 4055 siceatio
1721 4001 2060 4075 saginarum

413 4094 518 4151 per
547 4079 923 4151 septuaginta
952 4097 1158 4137 annos.

487 4165 600 4220 «Et
617 4165 730 4252 erit
741 4165 800 4220 in
821 4167 914 4222 die
937 4167 1058 4238 illa,
1073 4169 1132 4223 in
1145 4171 1434 4229 oblivione
1451 4175 1586 4241 eris,
1601 4193 1634 4231 ο
1646 4179 1812 4250 Tyro,
1828 4185 2060 4252 septua-

413 4251 578 4326 ginta
598 4251 951 4320 annis,sicut
975 4255 1102 4311 dies
1123 4257 1278 4329 regis
1303 4261 1538 4318 unius.»
1569 4263 1691 4319 Vox
1717 4251 2009 4339 propheta:
2045 4289 2058 4326 :

415 4341 580 4398 Sicut
599 4340 963 4398 Hierusalem
977 4347 1036 4399 et
1046 4345 1334 4418 templum
1352 4349 2061 4428 destruetum,etpopulus

415 4447 518 4504 per
546 4431 923 4505 septuaginta
949 4449 1134 4490 annos
1165 4434 1221 4490 in
1257 4437 1587 4509 captivitate
1619 4445 1862 4500 mansit:
1897 4444 1978 4501 ita
2007 4451 2064 4504 et

2185 1861 2344 1912 nent.
2381 1858 2691 1930 Propterea
2747 1864 2916 1931 rogat
2972 1860 3257 1932 propheta
3306 1878 3515 1918 canere
3562 1861 3756 1931 illam,
3789 1869 3848 1920 et

2185 1949 2554 2019 frequentare
2583 1947 2876 2004 canticum
2895 1948 3264 2005 miseriarum
3287 1967 3531 2006 suarum
3557 1968 3570 2006 :
3596 1953 3848 2010 utredu-

2151 2041 2276 2092 -cat
2304 2039 2374 2094 ad
2410 2037 2752 2094 memoriam
2811 2038 3062 2110 pristina
3092 2039 3269 2107 mala,
3296 2044 3533 2114 propter
3561 2058 3692 2114 quae
3725 2043 3845 2099 mi-

2181 2127 2368 2199 gravit
2395 2127 2692 2199 a‘proprio
2719 2125 2865 2192 solo,
2885 2131 2942 2182 et
2972 2132 3212 2199 propter
3243 2146 3370 2202 qua:
3399 2129 3710 2186 destructa
3731 2136 3843 2200 est,

2182 2216 2478 2271 neiterum
2497 2215 2716 2271 similia
2735 2215 2786 2271 ei
2811 2215 3326 2272 eveniant.Dicunt
3346 2218 3501 2274 enim
3527 2219 3806 2278 doctores
3827 2239 3840 2276 :

2180 2303 2432 2369 Quia'vis
2457 2306 2546 2358 est
2566 2303 2710 2359 artis
2741 2303 3074 2372 musicze,ut
3105 2302 3154 2358 si
3184 2303 3483 2360 hominem
3514 2304 3721 2362 laetum
3755 2307 3846 2363 in-

2176 2393 2418 2460 venerit,
2449 2392 2724 2448 lmtiorem
2785 2393 3009 2449 reddat.
3044 2393 3145 2450 Sin
3197 2397 3396 2449 autem
3437 2394 3695 2464 tristem,
3732 2397 3840 2452 tri-

2178 2481 2400 2538 stitiam
2433 2481 2516 2536 illi
2549 2487 2779 2555 augeat.

2248 2595 2275 2620 ‹‹
2309 2571 2584 2627 Visitabit
2639 2571 2926 2628 Dominus
2983 2573 3204 2643 Tyrum
3263 2575 3398 2644 post
3455 2574 3842 2648 septuaginta

2175 2678 2381 2717 annos.
2418 2683 2446 2710 »
2478 2661 2597 2717 Ista
2623 2659 2879 2717 visitatio
2911 2659 2971 2716 in
3021 2661 3174 2716 bona
3227 2665 3389 2733 parte
3447 2661 3841 2735 intelligenda

2175 2755 2282 2818 est,
2318 2750 2457 2822 quia
2485 2754 2619 2822 post
2647 2749 3037 2806 reversionem
3069 2766 3240 2805 suam
3272 2749 3492 2822 repleta
3520 2755 3612 2806 est
3632 2753 3842 2808 merci-

2175 2840 2306 2909 bus,
2358 2839 2512 2894 sicut
2567 2843 2624 2894 et
2682 2841 2872 2894 antea.
2907 2861 2936 2888 ‹‹
2969 2839 3038 2894 Et
3066 2855 3300 2895 rursum
3337 2837 3732 2896 fornicabitur
3763 2859 3776 2896 :
3809 2864 3835 2891 ι)

2175 2928 2503 2984 Fornicatio
2535 2927 2594 2982 in
2625 2927 2735 2982 hoc
2787 2927 2914 2982 loco
2973 2944 3077 2999 pro
3126 2926 3517 3001 negotiatione
3568 2930 3838 3002 ponitur,

2173 3017 2458 3090 quiapost
2473 3015 2960 3072 restaurationem
2979 3016 3073 3073 sui
3093 3015 3536 3073 cum-universis
3554 3017 3841 3091 gentibus

2173 3105 2470 3179 negotium
2503 3123 2677 3161 suum
2708 3106 2984 3161 exercuit.

2247 3218 2276 3246 α
2308 3197 2379 3252 Et
2425 3199 2598 3250 erunt
2647 3194 3069 3268 negotiationes
3112 3196 3243 3266 ejus
3295 3196 3684 3252 sanctificata:
3723 3197 3842 3254 Do-

2176 3285 2356 3340 mino.
2391 3307 2418 3334 »
2449 3285 2750 3350 Quomodo
2781 3284 3021 3340 fuerunt
3050 3285 3346 3340 mercedes
3376 3284 3539 3341 illius
3570 3289 3839 3343 sanctiﬁ-

2174 3377 2315 3430 cata:
2374 3373 2670 3429 Domino?
2725 3373 2874 3428 Dicit
2938 3374 3147 3429 beatus
3224 3374 3642 3448 Hieronymus,
3705 3376 3844 3449 quia

2174 3466 2486 3534 postquam
2520 3461 2734 3516 reversi
2757 3465 2897 3517 sunt
2915 3461 3020 3516 filii
3053 3461 3233 3518 Israel
3263 3463 3335 3516 de
3363 3462 3714 3535 captivitate
3730 3466 3844 3521 sub

2173 3551 2424 3607 ducibus
2470 3550 2786 3607 Zorobabel
2817 3555 2876 3606 et
2903 3550 3201 3618 Nchemia,
3235 3555 3293 3606 et
3320 3551 3480 3624 Tyrii
3512 3557 3656 3624 post
3685 3554 3838 3618 illos,

2174 3657 2288 3696 non
2313 3639 2485 3712 longe
2507 3643 2768 3710 tempore
2789 3638 3088 3710 conjuncti
3114 3642 3255 3694 sunt
3272 3638 3330 3693 in
3351 3638 3621 3696 amicitia
3633 3641 3840 3698 simul.

2173 3729 2362 3785 Etiam
2385 3746 2500 3784 non
2535 3728 3050 3784 abscondebantur
3070 3744 3260 3800 neque
3289 3728 3744 3800 reponebantur
3761 3731 3845 3786 di-

2170 3818 2320 3874 vitiae
2353 3833 2553 3873 eorum
2589 3816 2646 3871 in
2678 3816 2975 3872 thesauris
3006 3815 3348 3889 cupiditatis
3377 3834 3582 3884 causa,
3607 3820 3716 3875 sed
3745 3837 3840 3876 ve-

2173 3908 2413 3964 niebant
2461 3905 2547 3962 illi
2595 3907 2652 3961 in
2702 3904 3091 3976 Hierusalem,
3123 3909 3180 3961 et
3216 3906 3537 3962 offerebant
3584 3907 3839 3964 Domino

2174 4013 2420 4052 munera
2439 3999 2497 4051 et
2517 3994 2743 4051 hostias
2767 4011 2780 4049 :
2805 4010 3018 4050 aurum
3049 3993 3335 4060 videlicet,
3359 3999 3704 4067 argentum,
3721 3996 3846 4071 pal-

2171 4085 2272 4154 lia,
2293 4101 2580 4158 gemmas,
2605 4099 2759 4151 oves,
2785 4087 2844 4138 et
2875 4083 3070 4150 boves,
3094 4087 3154 4139 et
3177 4082 3522 4140 linteamina
3547 4102 3560 4140 :
3589 4087 3758 4143 unde
3785 4092 3844 4143 et

2173 4191 2310 4247 pars
2340 4173 2683 4230 remanebat
2725 4172 2797 4227 ad
2838 4176 3111 4228 ornatum
3164 4171 3367 4245 templi
3401 4173 3668 4243 Domini,
3703 4193 3840 4247 pars

2171 4264 2349 4320 etiam
2390 4263 2633 4318 cedebat
2662 4261 2722 4316 in
2753 4277 2900 4317 usus
2929 4261 3301 4317 sacerdotum
3337 4277 3350 4316 :
3384 4261 3644 4336 ideoque
3671 4267 3844 4320 erant

2172 4341 2546 4409 sanctiﬁcata:
2574 4349 2823 4406 Domino
2868 4349 3292 4422 negotiationes
3321 4350 3472 4422 ejus.
3507 4351 3844 4408 Possumus

2171 4442 2347 4498 etiam
2381 4445 2440 4498 et
2465 4440 2577 4495 hoc
2631 4438 2804 4494 aliter
2858 4438 3204 4512 intelligere.
3240 4440 3377 4496 Post
3421 4441 3842 4498 ascensionem

414 4521 605 4593 Tyrus
636 4538 764 4592 qua:
795 4537 998 4578 eorum
1045 4523 1216 4581 malis
1249 4525 1572 4584 insultavit.
1608 4532 1719 4587 Sed
1752 4551 1867 4590 non
1898 4541 2064 4592 vacat
2089 4535 2140 4606 Β
2172 4529 2403 4588 Domini
2435 4529 2505 4585 ad
2541 4527 3168 4600 superos,praadicante
3197 4529 3430 4602 egregio
3452 4530 3844 4602 praedicatore

413 4609 569 4681 quod
595 4609 916 4676 dicit,sicut
945 4612 1070 4669 dies
1101 4613 1256 4688 regis
1287 4615 1772 4694 unius.Nunquid
1807 4623 2058 4696 legimus

412 4696 472 4751 in
505 4696 703 4769 aliqua
731 4697 1298 4774 historia,quemque
1329 4723 1532 4778 regum
1565 4711 1937 4784 septuaginta
1967 4732 2064 4770 an-

414 4786 506 4841 nis
528 4793 843 4874 regnasse?
863 4789 1044 4845 David
1070 4793 1462 4865 quadraginta
1492 4798 1663 4856 annis
1693 4803 2063 4874 regnavit,to-

412 4871 713 4964 tidemque
746 4874 902 4932 illius
947 4877 1076 4948 ejus
1125 4879 1418 4938 Salomon.
1450 4885 1617 4943 Ozias
1648 4871 1844 4946 autem
1876 4892 1975 4964 qui
2007 4898 2063 4950 et

409 4964 646 5020 Azarias
667 4963 830 5036 lepra
849 4970 1623 5046 percussus,quinquaginta
1641 4978 1871 5036 duobus
1890 4963 2061 5038 annis

412 5053 576 5124 regni
598 5053 886 5126 regimina
907 5057 1276 5114 tenuit.Dicit
1304 5078 1440 5133 ergo
1473 5065 1789 5136 propheta:
1815 5069 1858 5122 Ο
1891 5071 2058 5141 Tyro,

412 5141 567 5198 sicut
597 5142 849 5213 alicujus
883 5145 1036 5218 regis
1085 5147 1210 5204 dies
1262 5151 1634 5222 septuaginta
1683 5171 1969 5212 annorum
2001 5159 2058 5214 in

412 5229 699 5287 oblivione
717 5233 1370 5308 traduntur,postquam
1393 5240 1664 5311 spiritum
1685 5244 2056 5317 exhalaverit,

414 5316 654 5374 forsitan
689 5320 738 5376 si
773 5319 882 5376 hoc
922 5323 972 5377 ei
1004 5324 1193 5380 evenit
1223 5329 1398 5382 ut'tot
1427 5329 1597 5386 annis
1632 5340 1900 5404 regnaret
1929 5354 1941 5392 :
1977 5338 2060 5393 sic

413 5407 476 5458 tu
496 5409 554 5460 et
571 5408 766 5464 omnis
783 5407 970 5480 gloria
999 5416 1102 5468 tua
1137 5429 1241 5485 per
1269 5418 1643 5489 septuaginta
1673 5439 1858 5480 annos
1878 5426 2062 5480 omni-

415 5490 525 5585 bus
547 5495 778 5565 populis
801 5497 860 5552 in
883 5499 1172 5559 oblivione
1191 5503 1327 5560 eris.
1353 5529 1378 5554 ‹‹
1407 5507 1540 5564 Post
1561 5513 1933 5585 septuaginta
1963 5533 2064 5570 au-

414 5581 533 5640 tem
562 5597 746 5639 annos
794 5585 904 5642 erit
929 5589 1094 5662 ,Tyro
1125 5593 1295 5664 quasi
1325 5581 1994 5660 canticumimeretricis.
2032 5628 2058 5654 υ

2169 4619 2348 4678 Paulo
2379 4617 2568 4692 Tyriis
2597 4621 2656 4674 et
2683 4616 2963 4688 Sidoniis,
2991 4618 3254 4674 conversi
3287 4622 3428 4674 sunt
3457 4622 3586 4674 toto
3617 4621 3844 4676 mentis

2171 4707 2460 4766 desiderio
2491 4707 2563 4763 ad
2597 4707 2771 4762 fidem
2805 4705 3434 4779 Salvatoris.Tuncque
3466 4709 3716 4765 fuerunt
3739 4726 3841 4764 ne-

2170 4797 2517 4873 gotiationes
2567 4796 2696 4867 ejus
2753 4796 3130 4851 sanctiﬁcata:
3189 4797 3440 4852 Domino
3474 4814 3486 4852 :
3521 4798 3674 4870 quia
3719 4815 3842 4854 non

2171 4887 2607 4944 absconderunt
2636 4899 2736 4940 eas
2767 4885 2826 4939 in
2859 4884 3092 4940 arcanis
3134 4884 3548 4942 thesaurorum
3583 4903 3842 4943 suorum

2170 4975 2411 5034 avaritia
2469 4973 2928 5047 cupiditatisque
2985 4990 3184 5042 causa,
3229 4975 3332 5031 sed
3391 4975 3846 5032 adiﬁcaverunt

2168 5065 2458 5124 Ecclesias
2479 5081 2548 5119 ex
2568 5063 2674 5131 eis,
2690 5066 2747 5119 et
2775 5063 3151 5136 praebuerunt
3177 5068 3475 5136 sumptus,
3509 5068 3572 5122 et
3598 5082 3672 5123 ea
3701 5084 3842 5139 quas

2168 5153 2500 5212 necessaria
2520 5156 2686 5208 erant
2705 5151 3161 5224 praedicantibus
3178 5153 3559 5226 Evangelium
3571 5153 3845 5228 discipu-

2167 5244 2262 5314 lis,
2295 5243 2566 5299 videlicet
2595 5241 2748 5298 beati
2789 5241 2973 5310 Pauli,
3007 5258 3157 5314 quos
3187 5241 3312 5316 ipse
3337 5244 3495 5316 apud
3524 5261 3630 5300 eos
3658 5243 3842 5299 dimi-

2169 5335 2249 5391 sit
2267 5350 2494 5389 necnon
2527 5329 2886 5403 pauperibus
2914 5331 3233 5404 egenisque
3262 5349 3366 5405 pro
3397 5332 3642 5389 nomine
3659 5332 3842 5388 Chri-

2169 5425 2266 5482 sti.
2287 5423 2450 5490 Quod
2482 5426 2679 5478 autcm
2711 5419 2876 5476 addit
2906 5443 2934 5470 «
2970 5425 3035 5476 ut
3065 5422 3441 5488 manducent,
3477 5445 3506 5470 »
3537 5422 3844 5479 subaudis

2168 5513 2231 5570 hi
2259 5513 2359 5585 qui
2391 5507 2786 5568 habitaverint
2815 5526 3009 5566 coram
3071 5511 3337 5579 Domino,
3361 5535 3390 5562 ‹‹
3414 5528 3608 5583 usque
3640 5511 3712 5567 in-
3739 5527 3840 5566 sa-

2168 5602 2492 5671 turitatem,
2523 5603 2580 5658 et
2623 5599 2948 5657 vestiantur
2995 5617 3181 5673 usque
3209 5601 3283 5660 ad
3309 5603 3662 5660 vetustatem
3687 5623 3724 5650 υ
3761 5601 3841 5658 ad
