4090 6192
231 350 364 414 839i

230 577 348 641 tes,
373 573 477 646 qui
508 590 705 630 coram
744 574 992 630 Domino
1023 573 1453 638 habitaverunt,
1489 571 1600 627 hoc
1647 572 1737 627 est
1784 585 1889 624 vo-

230 661 521 718 luntatem
552 662 714 719 illius
743 662 1153 735 impleverunt,
1187 663 1339 735 quod
1373 678 1441 717 ex
1459 660 1630 716 bonis
1649 658 1886 714 illorum

229 751 597 807 comederint
625 762 814 824 usque
845 752 916 806 ad
948 751 1339 822 saturitatem,
1371 752 1525 807 sicut
1563 751 1690 822 jam
1740 746 1885 802 dixi-

228 857 389 907 mus,
422 844 479 897 et
507 839 704 896 vestiti
736 845 877 896 sunt
914 839 1150 896 illorum
1197 840 1562 897 vestimentis
1595 856 1783 911 usque
1813 838 1885 892 ad

224 932 601 997 vetustatem,
634 929 745 989 hoc
776 931 884 995 est,
917 946 1106 1001 usque
1130 930 1203 984 ad
1235 928 1670 984 sufﬁcientiam.

830 1014 1063 1073 CAPUT
1101 1016 1291 1073 XXIV.

307 1129 337 1156 ‹‹
365 1107 513 1162 Ecce
549 1104 836 1161 Dominus
886 1105 1199 1179 dissipabit
1245 1112 1481 1163 terram.
1514 1128 1541 1155 ››
1574 1106 1889 1178 Hucusque

229 1196 517 1270 propheta
546 1193 911 1251 diversarum
942 1195 1209 1269 gentium
1258 1199 1317 1250 et
1363 1195 1665 1251 civitatum
1713 1212 1890 1251 onera

229 1284 532 1355 describit,
551 1283 1005 1357 Babyloniorum
1025 1284 1888 1358 videlicet,Assyriorum,/Egy~

228 1375 512 1447 ptiorum,
545 1376 1004 1447 caeterorumque
1035 1373 1377 1430 multorum.
1413 1374 1543 1429 Haec
1579 1391 1713 1429 vero
1762 1390 1889 1446 quae

228 1463 330 1519 hic
358 1463 660 1532 dicuntur,
693 1463 764 1518 ad
795 1462 949 1518 diem
972 1461 1184 1535 judicii
1212 1462 1522 1535 pertinent,
1543 1462 1891 1536 generaliter

228 1554 305 1609 de
334 1550 625 1607 universis
649 1550 1081 1607 habitatoribus
1111 1551 1353 1607 orhis.A
1373 1552 1564 1624 specie
1589 1552 1745 1607 enim
1768 1569 1891 1624 per-

227 1642 395 1699 venit
420 1642 494 1697 ad
527 1656 733 1715 genus.
766 1642 837 1696 Et
867 1641 1009 1714 quid
1053 1644 1143 1697 est
1188 1643 1343 1714 quod
1395 1641 1537 1698 dicit
1584 1642 1888 1714 propheta.

229 1730 522 1787 Dominus
550 1728 868 1802 dissipabit
895 1734 1111 1786 terram
1129 1730 1158 1785 ?
1176 1731 1454 1803 Nunquid
1476 1730 1558 1787 ita
1579 1729 1888 1803 dissipabi-

227 1823 427 1911 tur‘ut
454 1817 689 1911 dra—sinat
717 1834 845 1911 esse
875 1819 1030 1911 quod
1064 1822 1196 1911 est?
1222 1819 1347 1875 Non
1380 1820 1665 1876 Dominus
1714 1819 1888 1911 etiam
1921 1846 1968 1911 Β

230 1907 378 1963 dicit
407 1907 467 1963 in
517 1905 829 1979 Evangelio
865 1923 877 1961 :
913 1929 943 1957 «
974 1906 1198 1963 Caelum
1248 1911 1306 1963 et
1350 1912 1506 1965 terra
1552 1908 1891 1965 transibunt

228 1999 386 2065 (Luc.
417 1996 556 2063 xxi).
581 2018 603 2044 ι
626 1996 926 2061 Quomodo
943 1996 971 2051 ?
992 1996 1099 2052 Per
1118 1997 1588 2053 immutationem
1611 2002 1669 2053 et
1688 1996 1888 2053 melio-

227 2085 546 2153 mtionem,
576 2084 729 2140 sicut
757 2089 955 2158 aperte
985 2086 1242 2142 Joannes
1279 2085 1340 2140 in
1389 2086 1736 2159 Apocalypsi
1782 2104 1889 2143 sua

230 2174 635 2231 demonstrat:
663 2193 692 2224 ‹‹
712 2173 784 2228 Et
808 2172 920 2228 erit
949 2172 1161 2229 cmlum
1193 2190 1408 2229 novum
1440 2176 1497 2229 et
1536 2178 1693 2229 terra
1741 2190 1891 2229 nova

226 2261 562 2335 (beant).
587 2281 615 2311 ››
647 2260 708 2317 Si
734 2258 892 2316 enim
919 2262 1003 2317 ita
1029 2261 1325 2330 transiret,
1342 2261 1576 2335 penitus
1598 2261 1891 2317 desineret

229 2367 383 2406 esse.
416 2350 591 2416 Quod"
612 2353 671 2405 et
702 2348 977 2406 Salomon
1008 2349 1252 2405 minime
1279 2348 1635 2422 loqueretur.
1664 2374 1685 2399 «
1713 2350 1891 2407 Gene-

230 2438 382 2495 ratio
412 2438 670 2510 praeterit
697 2442 756 2494 et
782 2438 1083 2511 generatio
1116 2439 1370 2507 advenit,
1404 2443 1561 2494 terra
1600 2443 1794 2495 autem
1827 2439 1886 2494 in

230 2531 515 2583 sternam
547 2529 671 2582 sint
690 2527 886 2595 (Eccle.
919 2529 980 2596 ι).
1014 2549 1042 2577 ››
1074 2526 1398 2600 Dissipabit
1434 2543 1572 2600 ergo
1604 2527 1889 2584 Dominus

227 2621 453 2673 terram
482 2619 741 2671 extremo
760 2615 1007 2687 judicio,
1026 2616 1086 2672 id
1108 2619 1201 2672 est
1217 2633 1321 2688 per
1340 2616 1538 2689 ignem
1562 2616 1733 2672 faciet
1757 2633 1886 2672 eam

227 2704 508 2775 transire,
540 2708 779 2761 mutans
806 2702 971 2761 illam
1002 2704 1074 2761 ab
1104 2704 1216 2761 hac
1250 2705 1461 2778 specie,
1495 2720 1675 2778 quam
1726 2722 1885 2761 nunc

226 2794 421 2850 habet
441 2793 503 2849 in
535 2792 855 2850 meliorem.
893 2815 921 2844 «
950 2794 1021 2849 Et
1049 2793 1297 2850 nudabit
1323 2810 1452 2850 eam
1484 2794 1557 2850 ab
1589 2792 1881 2849 habitato-

225 2881 427 2954 ribus,
456 2904 489 2931 ›ι
515 2882 589 2938 ab
621 2881 982 2949 hominibus,
1016 2900 1052 2938 a
1079 2882 1304 2954 bestiis,
1337 2900 1372 2939 a
1401 2882 1795 2956 serpentibus,
1814 2882 1887 2937 ab

230 2970 569 3038 arboribus,
602 2971 675 3026 ab
701 2970 863 3027 omni
895 2972 1064 3027 sorde
1092 2971 1181 3026 vel
1213 2970 1517 3044 spurcitia,
1542 2994 1573 3021 «
1594 2974 1652 3028 et
1670 2971 1892 3044 afﬂiget

226 3060 444 3116 faciem
459 3060 591 3132 ejus
609 3080 643 3110 ιν
661 3059 801 3132 quia
816 3076 919 3132 per
933 3059 1129 3133 ignem
1150 3060 1713 3117 transibit.Medicus
1732 3060 1890 3116 enim

229 3149 474 3222 quando
504 3148 806 3204 inﬁrmum
838 3165 973 3205 cum
1002 3149 1137 3223 igne
1166 3153 1352 3221 curat,
1383 3149 1518 3205 licet
1548 3149 1788 3206 sanitati
1818 3147 1887 3204 il-

230 3215 363 3293 tum
394 3236 689 3305 restituat,
722 3236 933 3310 affligit
963 3215 1159 3293 tamen
1210 3215 1401 3293 illum.
1437 3259 1466 3290 «
1495 3239 1567 3294 Et
1597 3238 1895 3311 disperget
1924 3215 1966 3281 (ἶ

224 3324 598 3382 habitatores
626 3326 778 3397 ejus,
797 3348 825 3376 »
843 3324 901 3381 id
932 3329 1022 3382 est
1050 3326 1288 3383 dividet.
1309 3328 1550 3393 Quando
1574 3327 1685 3383 erit
1703 3326 1846 3382 illud
1864 3328 1892 3381 ?

224 3414 476 3481 Quando
509 3415 976 3487 segregabuntur
1004 3431 1139 3471 oves
1171 3415 1244 3470 ab
1265 3416 1471 3483 haedis,
1496 3415 1688 3486 «justi
1712 3416 1782 3471 ab
1806 3415 1891 3472 in-

219 3502 408 3575 iustis
438 3501 647 3573 (Matth.
679 3502 831 3574 xxv).
866 3525 894 3554 »
931 3504 995 3559 In
1027 3503 1298 3576 praesenti
1331 3504 1488 3559 enim
1521 3503 1732 3559 saeculo
1780 3521 1887 3575 pa-

218 3591 371 3647 riter
398 3589 564 3646 mixti
595 3595 736 3647 sunt
764 3590 901 3647 boni
924 3595 982 3646 et
1004 3591 1165 3646 mali.
1183 3593 1348 3647 Tune
1369 3595 1564 3647 autem
1588 3591 1733 3648 alias
1753 3592 1883 3661 erit,

219 3679 366 3752 quia
394 3679 575 3735 ibunt
597 3679 764 3752 impii
798 3680 857 3735 in
889 3679 1246 3752 supplicium
1277 3684 1504 3737 internae
1554 3681 1883 3738 damnatio-

218 3768 338 3837 nis,
364 3768 519 3840 justi
551 3768 613 3823 in
648 3768 932 3841 gaudium
968 3773 1196 3825 aeternae
1222 3769 1462 3841 quietis.

288 3880 323 3907 α
352 3857 427 3912 Et
471 3857 585 3912 erit
630 3857 785 3913 sicut
841 3857 1115 3930 populus,
1152 3857 1249 3914 sic
1298 3859 1589 3914 sacerdos.
1627 3880 1653 3907 »
1687 3859 1885 3914 Bonus

212 3945 415 4001 laicus
441 3961 579 4001 cum
608 3945 763 4002 bono
795 3947 1094 4002 sacerdote
1114 3946 1671 4014 remunerabitur,et
1689 3946 1882 4003 malus

208 4033 411 4091 laicus
440 4050 582 4090 cum
625 4034 782 4090 malo
833 4036 1134 4092 sacerdote
1183 4035 1582 4092 damnabitur.
1615 4036 1739 4092 Non
1772 4035 1882 4091 erit

208 4122 499 4180 discretio
528 4122 684 4179 inter
712 4123 1029 4179 Dominum
1059 4128 1118 4180 et
1147 4139 1401 4192 servum,
1423 4124 1576 4180 inter
1606 4124 1879 4181 ancillam

206 4216 275 4269 et
300 4211 635 4281 dominam,
658 4212 708 4268 si
740 4215 987 4286 uterque
1018 4213 1208 4270 bonus
1237 4213 1325 4270 vel
1348 4217 1596 4287 utraque
1614 4215 1773 4270 bona
1788 4214 1879 4269 vel

207 4300 381 4357 mala
404 4299 604 4356 fuerit.
638 4300 735 4358 Sic
763 4304 820 4357 et
847 4302 919 4358 de
952 4302 1176 4358 czeteris
1206 4306 1297 4358 est
1316 4302 1651 4359 dicendum.
1677 4304 1878 4359 Foene-

206 4392 377 4445 rabor
403 4393 515 4456 est,
549 4389 651 4462 qui
681 4391 1017 4446 commodat
1040 4390 1128 4446 vel
1157 4393 1397 4463 praestat
1424 4390 1599 4447 alicui
1629 4390 1872 4463 aliquid.

204 4478 446 4533 Mutare
475 4477 718 4550 quidam
736 4478 1259 4544 dicuanutatam
1277 4479 1588 4552 pecuniam
1611 4480 1873 4548 reddere,

1282 348 1692 413 CGMMENT'.
1737 345 1821 406 IN
1859 340 2150 407 ῙΒΔῙᾹΜ.
2197 382 2275 392 -
2317 349 2467 412 LIB.
2513 351 2590 413 ll.

231 488 515 557 utrosque
543 482 743 541 referri
773 486 984 557 potest,
1017 486 1075 541 et
1102 484 1172 541 ad
1204 484 1435 540 Judzeos
1466 484 1526 538 et
1544 481 1616 536 ad
1648 479 1881 536 creden-
1903 473 1969 543 Α

3529 354 3657 427 δεῖ)

2065 500 2093 527 ‹‹
2125 480 2196 535 Et
2224 483 2378 538 terra
2408 483 2713 543 interfecta
2740 492 2849 544 est.
2886 511 2914 539 ι)
2946 490 3086 556 Quis
3117 497 3309 565 potest
3330 498 3546 553 terram
3565 494 3650 553 in-

1997 568 2257 625 terﬁcere
2273 571 2301 626 ?
2332 572 2750 646 Numquidnam
2783 578 3041 635 animam
3063 581 3283 638 habet?
3305 585 3411 640 Per
3432 589 3649 643 terram

1996 658 2209 713 terreni
2228 659 2516 727 homines,
2535 668 2592 719 et
2607 666 2919 722 carnaliter
2931 667 3190 725 viventes
3212 670 3644 745 intelliguntur.

1996 746 2175 803 Terra
2204 763 2339 822 ergo
2370 750 2674 815 interfecta
2703 760 2793 810 est
2833 756 2905 810 ab
2938 756 3370 816 habitatoribus
3411 762 3558 827 suis,
3589 762 3648 818 id

1996 839 2104 903 est,
2123 838 2336 894 terreni
2366 840 2636 898 homines
2668 842 2953 899 interfecti
2975 850 3116 901 sunt
3144 847 3217 901 ab
3239 848 3371 904 aliis
3401 850 3648 906 terrenis

1996 923 2358 991 hominibus,
2392 930 2492 1001 qui
2524 930 2869 987 habitabant
2899 932 2958 987 in
2992 936 3164 989 terra.
3203 956 3231 986 «
3262 935 3408 1002 Quia
3459 941 3647 995 trans-

1997 1014 2181 1086 gressi
2214 1021 2353 1071 sunt
2379 1018 2941 1091 leges,mutaverunt
2962 1023 3083 1093 jus.
3112 1046 3139 1072 ››
3167 1025 3291 1079 llaec
3313 1027 3385 1081 ad
3407 1044 3651 1099 sequen-

1998 1102 2079 1157 tia
2110 1104 2419 1174 pertinent.
2454 1108 2616 1172 Quod
2648 1113 2739 1163 est
2766 1108 2859 1164 lex
2889 1110 2998 1165 hoc
3029 1111 3204 1167 etiam
3237 1115 3645 1183 etjus,fmdus,

1997 1191 2275 1247 amicitia.
2310 1195 2655 1266 Quicunque
2687 1213 2824 1268 ergo
2854 1197 3043 1270 legem
3075 1200 3221 1255 bene
3254 1205 3310 1255 et
3330 1202 3437 1258 rite
3458 1204 3650 1260 obser-

1995 1282 2440 1355 vaverit,procul
2472 1284 2649 1340 dubio
2683 1284 2780 1341 ille
2812 1290 3069 1342 meretur
3093 1289 3208 1343 Deo
3241 1290 3514 1363 conjungi
3549 1309 3652 1364 per

1997 1368 2152 1423 bona
2180 1387 2377 1441 opera,
2408 1375 2465 1426 et
2497 1376 2629 1443 post
2659 1373 3136 1443 coniunctionem
3175 1376 3364 1431 foedus
3412 1378 3653 1435 habebit

2000 1475 2134 1512 cum
2163 1457 2281 1526 illo,
2316 1459 2374 1514 id
2406 1463 2494 1515 est
2526 1460 2868 1517 amicitiam.
2903 1464 3067 1519 Sicut
3095 1463 3219 1536 ipse
3251 1465 3393 1520 dicit
3422 1472 3651 1538 aposto-

1999 1545 2073 1601 lis
2108 1563 2119 1602 :
2153 1570 2182 1597 «
2214 1548 2345 1603 Jam
2378 1566 2493 1603 non
2526 1549 2719 1605 dicam
2747 1568 2849 1607 vos
2882 1569 3099 1620 servos,
3125 1555 3225 1609 sed
3249 1555 3468 1611 amicos
3494 1574 3652 1612 meos

2002 1638 2177 1703 (Joan.
2210 1636 2322 1708 xv).
2358 1661 2385 1687 ››
2416 1638 2600 1694 Judaei
2625 1640 2933 1709 jactabant
2962 1659 3025 1697 se
3055 1642 3124 1698 de
3159 1645 3390 1716 generis
3437 1646 3653 1701 nobili-

1999 1727 2119 1781 tate
2150 1726 2410 1783 dicentes
2435 1745 2447 1781 :
2472 1727 2589 1783 Nos
2614 1727 2807 1801 regale
2827 1731 3238 1799 sacerdotium,
3262 1748 3407 1805 gens
3428 1738 3651 1804 sancta,

2000 1817 2058 1869 et
2090 1814 2191 1869 lilii
2220 1815 2486 1881 Abrahze,
2520 1816 2689 1873 nobis
2721 1835 2953 1890 quoque
2985 1819 3126 1876 solis
3157 1821 3293 1875 data
3313 1824 3401 1877 est
3421 1821 3649 1878 lex.Sed

2001 1904 2435 1960 mentiebantur
2466 1905 2521 1959 in
2555 1906 2685 1973 hoc,
2720 1906 2876 1977 quod
2907 1905 3020 1979 ipsi
3051 1907 3161 1963 soli
3192 1907 3382 1981 legem
3414 1927 3649 1982 accepe-

1998 1991 2136 2047 rint.
2171 1993 2317 2048 Nam
2361 1994 2637 2050 omnibus
2687 1994 3028 2050 hominibus
3079 1997 3233 2052 Deus
3281 1998 3651 2071 omnipotens

1999 2081 2327 2136 naturalem
2361 2082 2547 2155 legem
2580 2083 2853 2155 praecepit
2881 2084 3349 2152 observareQua:
3367 2091 3458 2142 est
3489 2091 3655 2143 natu-

1998 2169 2138 2225 ralis
2168 2169 2303 2226 lex?
2333 2173 2495 2238 Quod
2526 2172 2634 2226 tibi
2666 2189 2780 2227 non
2812 2172 2900 2228 vis
2935 2173 3076 2241 ﬁeri,
3111 2173 3209 2229 alii
3258 2192 3372 2230 non
3423 2176 3648 2232 feceris.

1996 2258 2181 2314 Judaei
2212 2272 2349 2331 ergo
2380 2264 2437 2314 et
2465 2260 2651 2333 legem
2684 2260 3011 2317 naturalem
3044 2266 3100 2318 et
3128 2263 3317 2335 legem
3349 2266 3650 2336 scriptam,

1997 2351 2055 2402 et
2085 2347 2326 2420 insuper
2343 2348 2721 2421 Evangelium
2743 2354 3215 2422 spreverunt,pro
3240 2351 3653 2418 nihilo‘ducenc

1997 2439 2104 2491 tes.
2138 2439 2350 2493 Gentes
2381 2442 2579 2493 autem
2612 2441 2670 2493 et
2700 2437 2885 2511 legem
2943 2438 3271 2494 naturalem
3303 2444 3365 2496 et
3392 2442 3654 2514 Evange-

1996 2525 2143 2580 lium
2174 2530 2553 2599 transgressa:
2585 2531 2745 2594 sunt,
2780 2531 2836 2583 et
2867 2527 2975 2583 hoc
3005 2529 3076 2584 de
3107 2527 3224 2584 illis
3268 2529 3492 2586 dictum
3523 2548 3654 2587 esse

1998 2616 2419 2671 attendendum
2452 2619 2561 2684 est,
2584 2615 2687 2685 qui
2707 2616 3004 2672 Christum
3034 2635 3150 2673 non
3181 2618 3577 2676 imitaverunt.

2072 2725 2099 2753 «
2122 2705 2362 2777 Propter
2389 2704 2499 2760 hoc
2528 2704 2860 2761 maledictio
2889 2706 3190 2762 devorabit
3220 2712 3491 2763 terram.»
3520 2709 3653 2765 Pro-

1997 2796 2127 2865 pter
2156 2793 2342 2865 quid?
2373 2793 2521 2860 Quia
2548 2793 2901 2866 transgressi
2934 2798 3074 2850 sunt
3103 2794 3279 2867 leges.
3305 2796 3412 2852 P’er
3434 2799 3657 2852 terram

1998 2881 2357 2953 intelligendi
2392 2886 2530 2937 sunt
2559 2882 2829 2938 homines
2862 2883 3097 2938 terreni.
3131 2884 3202 2939 Et
3231 2899 3359 2955 quae
3410 2883 3521 2939 erit
3548 2883 3652 2941 illa
3738 2956 3745 2961 1

1999 2969 2485 3042 ωαὶρᾱίοιὶο,ᾳιιω
2512 2970 2738 3026 vorabit
2766 2974 2822 3026 ct
2851 2970 3149 3043 disperdet
3178 2970 3515 3029 universam
3531 2976 3648 3028 ter-

1999 3059 2168 3115 ram?
2198 3060 2499 3116 Sententia
2527 3077 2716 3132 super
2734 3076 2937 3115 omnes
2970 3059 3418 3127 terribilis,cum
3442 3062 3653 3118 dixerit

1990 3149 2176 3219 judex
2204 3147 2469 3204 omnium
2495 3166 2508 3203 :
2536 3172 2564 3199 «
2599 3149 2700 3217 Ite,
2726 3146 3122 3216 maledicti,in
3144 3149 3341 3223 ignem
3366 3154 3649 3208 aeternum

2001 3236 2204 3309 (Matth.
2236 3237 2387 3308 xxv).
2420 3260 2449 3289 »
2484 3260 2513 3287 «
2548 3237 2796 3310 Ideoque
2828 3236 3124 3293 insanient
3152 3237 3405 3295 cultores
3433 3239 3582 3310 ejus.
3621 3262 3649 3290 ››

2000 3324 2263 3380 Insanire
2290 3328 2379 3380 est
2408 3324 2466 3379 in
2499 3324 2820 3380 amentiam
2851 3328 2908 3379 et
2938 3324 2997 3379 in
3046 3329 3348 3398 stuporem
3397 3326 3649 3384 nimium

1996 3414 2162 3479 verti,
2195 3413 2448 3470 cultores
2474 3417 2639 3469 terra:
2670 3417 2809 3469 sunt
2857 3415 2985 3485 ejus
3035 3418 3347 3482 amatores,
3380 3415 3481 3488 qui
3528 3421 3649 3473 ter-

1996 3502 2154 3558 renis
2183 3503 2490 3558 desideriis
2520 3507 2577 3558 et
2606 3503 2762 3558 curis
2793 3503 3113 3558 mundanis
3144 3504 3649 3578 incubant.Atque

1993 3596 2296 3648 vertentur
2322 3591 2382 3647 in
2416 3592 2734 3648 amentiam
2764 3591 2982 3646 amoris
3012 3593 3161 3662 ejus,
3191 3594 3328 3663 quia
3369 3594 3651 3649 videbunt

1995 3680 2164 3735 illum
2196 3682 2367 3753 cujus
2398 3684 2687 3753 praecepta
2715 3684 3078 3753 spreverunt,
3114 3684 3171 3735 et
3200 3681 3441 3736 audient
3471 3697 3640 3738 suam

1993 3769 2431 3825 damnationem
2464 3771 2824 3840 perpetuam.
2860 3790 2888 3817 ‹‹
2922 3768 2993 3823 Et
3023 3767 3428 3839 relinquentur
3454 3769 3645 3824 homi-

1991 3874 2096 3913 nes
2118 3857 2286 3929 pauci
2313 3874 2326 3924 ;
2364 3879 2391 3905 »
2423 3857 2533 3912 hoc
2564 3857 2637 3911 ad
2666 3855 2879 3911 electos
2929 3855 3202 3927 pertinet.
3231 3856 3375 3911 Cum
3426 3857 3646 3913 fuerint

1991 3963 2196 4001 omnes
2227 3944 2455 4017 reprobi
2496 3944 2556 3999 in
2606 3943 2948 3999 barathrum
2992 3946 3218 3999 aeternae
3267 3944 3646 4003 cruciationis

1989 4034 2262 4102 demersi,
2286 4032 2458 4107 pauci
2478 4032 2644 4089 electi
2662 4032 3068 4088 remanebunt.
3084 4032 3253 4089 Sicut
3267 4033 3398 4105 ipsa
3415 4033 3645 4091 Veritas

1988 4124 2179 4180 dixit:
2217 4121 2448 4179 «Multi
2502 4120 2712 4187 vocati,
2762 4120 2933 4194 pauci
2991 4120 3158 4178 electi
3216 4122 3421 4191 (Matth.
3471 4128 3646 4181 XX‘et

1985 4216 2144 4282 XXII).
2170 4236 2199 4264 »
2224 4213 2337 4268 Sed
2368 4211 2418 4267 si
2448 4212 2596 4267 bene
2625 4210 3131 4280 attendimus,non
3161 4214 3332 4267 erunt
3360 4213 3554 4286 pauci.
3580 4214 3644 4270 In

1987 4320 2093 4358 suo
2124 4301 2283 4358 enim
2315 4318 2560 4357 numero
2591 4300 3008 4373 perfectionem
3039 4300 3470 4370 habebunt,sed
3492 4319 3646 4359 com-

1986 4391 2287 4464 paratione
2314 4390 2698 4463 reproborum
2725 4389 2897 4461 pauci
2928 4388 3200 4445 videntur
3229 4405 3357 4446 esse
3374 4407 3636 4447 numero.

2057 4503 2086 4531 ‹‹
2111 4479 2282 4535 Luxit
2308 4479 2659 4535 vindemia.»
2680 4478 2803 4534 Vox
2832 4478 3126 4549 prophetae
3148 4476 3232 4531 sic
3252 4476 3549 4548 loquentis
3569 4479 3641 4534 de

204 4569 277 4621 ut
305 4582 415 4638 pro
447 4570 690 4640 argento
720 4583 961 4640 equum.
984 4567 1087 4624 Vel
1109 4568 1285 4624 etiam
1318 4567 1559 4623 dicunt:
1583 4568 1729 4635 Quia
1750 4585 1875 4623 mu-
1905 4586 1963 4648 η
1984 4569 2180 4625 futuro
2212 4568 2379 4641 quasi
2412 4569 2482 4624 de
2512 4567 2821 4639 praeterito.
2848 4589 2874 4615 ‹‹
2904 4565 3074 4620 Luxit
3092 4569 3150 4619 et
3169 4565 3470 4621 infirmata
3490 4571 3637 4635 est,»

200 4659 385 4711 tuum
419 4654 658 4721 dicitur,
691 4673 889 4712 meum
922 4661 1113 4712 tuum.
1145 4658 1217 4713 Et
1244 4660 1498 4713 tractum
1527 4661 1616 4713 est
1633 4657 1871 4728 exjure.

279 4767 314 4794 ac
346 4743 747 4816 Dissipatione
789 4745 1176 4817 dissipabitur
1219 4750 1396 4814 terra,
1434 4768 1455 4794 »
1492 4744 1630 4816 quia
1675 4745 1875 4800 omnia

197 4833 671 4906 dissipabuntur
701 4837 763 4890 et
787 4834 1098 4906 ardebunt,
1130 4852 1259 4907 quis
1290 4836 1349 4889 in
1376 4852 1446 4890 ea
1474 4836 1827 4901 sunt.Quare
1844 4835 1873 4888 ‘I

195 4944 226 4972 κ
262 4921 567 4988 Quoniam
589 4922 1024 4995 depraadabitur
1051 4940 1086 4979 a
1115 4923 1384 4980 Domino.
1421 4946 1450 4973 »
1481 4924 1552 4978 Et
1578 4924 1869 4995 quomodo

190 5009 689 5083 deprodabitur?
719 5012 869 5079 Quia
899 5011 1259 5069 habitatores
1288 5014 1418 5085 ejus
1450 5029 1565 5069 non
1604 5015 1778 5069 erunt
1807 5011 1867 5067 in

188 5114 297 5154 θαι

268 5210 307 5237 κ
347 5188 523 5244 Luxit
550 5193 611 5245 et
638 5188 898 5259 deﬂuxit,
928 5212 959 5241 »
991 5207 1095 5262 pro
1126 5207 1192 5246 eo
1223 5192 1378 5262 quod
1429 5195 1521 5247 est
1566 5190 1789 5263 lugebit
1816 5194 1875 5246 et

189 5276 451 5345 deﬂuet,
478 5277 540 5334 id
572 5281 665 5336 est
692 5279 942 5335 deﬁciet.
973 5280 1045 5335 Et
1065 5280 1358 5352 quomodo
1389 5283 1579 5351 potest
1606 5283 1762 5335 terra
1790 5279 1873 5335 lu-

185 5366 388 5438 gere?
409 5366 521 5422 Per
549 5371 769 5424 terram
799 5368 1160 5425 habitatores
1187 5370 1316 5440 ejus
1344 5367 1874 5441 intelligamus.De-

186 5454 397 5522 ﬂuxit,
432 5455 495 5510 id
524 5460 635 5526 est,
666 5457 905 5515 deficiet
927 5459 1084 5514 orbis
1116 5463 1174 5515 et
1203 5458 1452 5515 altitudo
1498 5457 1867 5531 populorum,

184 5544 265 5600 id»
286 5547 408 5688 ess,
442 5546 683 5618 superbi
715 5550 774 5603 et
801 5551 1067 5621 potentes
1089 5548 1308 5622 quique
1328 5548 1787 5604 inﬁrmabuntur
1809 5548 1868 5604 in

184 5632 349 5688 disi
394 5647 459 5688 a.

182 5632 309 5690 die.
325 5632 459 5690 illa.

1984 4675 2088 4730 pro
2114 4675 2179 4713 eo
2211 4657 2367 4729 quod
2398 4661 2488 4711 est
2517 4654 2741 4726 lugebit
2770 4658 2828 4709 et
2858 4653 3255 4708 inﬁrmabitur
3292 4653 3451 4710 vitis.
3486 4657 3637 4721 Quo-

1983 4749 2157 4804 modo
2188 4748 2379 4818 potest
2406 4741 2703 4798 vindemia
2733 4740 2853 4796 sive
2884 4741 3017 4797 vitis
3064 4741 3305 4814 lugere?
3338 4742 3635 4815 Metapho-

1980 4838 2097 4893 rice
2127 4832 2571 4905 intelligendum
2603 4834 2712 4887 est.
2752 4831 2858 4885 Per
2885 4830 3243 4887 vindemiam
3276 4831 3397 4888 sive
3434 4833 3634 4899 vitem,

1979 4929 2271 4999 potatores
2300 4921 2418 4976 vini
2451 4924 2509 4976 et
2538 4920 2800 4976 ebriosos
2823 4919 3084 4992 accipere
3104 4920 3581 4977 debemus.Sicut
3602 4937 3637 4974 a

1975 5012 2260 5087 propheta
2277 5009 2550 5081 superius
2569 5009 2794 5065 dictum
2816 5012 2905 5066 est
2926 5025 2939 5063 :
2962 5009 3058 5065 Va:
3075 5009 3177 5082 qui
3207 5012 3472 5081 potentes
3489 5008 3635 5065 estis

1974 5105 2048 5159 ad
2076 5101 2398 5157 bibendum
2428 5099 2653 5167 vinum,
2684 5102 2742 5155 et
2768 5098 2875 5155 viri
2919 5100 3097 5155 fortes
3147 5098 3217 5153 ad
3269 5098 3633 5152 miscendam

1980 5191 2342 5248 ebrietatem.
2377 5190 2619 5255 Quando
2665 5188 2952 5261 lugebunt
2980 5187 3122 5242 isti?
3152 5189 3213 5240 ln
3264 5186 3357 5240 die
3398 5185 3634 5256 judicii,

1980 5281 2120 5353 quia
2148 5280 2303 5335 sicut
2333 5279 2473 5334 dicit
2499 5277 2811 5349 Apostolus
2847 5293 2858 5332 :
2895 5299 2924 5325 «
2956 5275 3183 5331 Ebriosi
3234 5291 3479 5347 regnum
3530 5276 3629 5331 Dei

1979 5388 2092 5427 non
2128 5368 2513 5441 possidebunt
2541 5368 2591 5437 (Ι
2618 5366 2737 5422 Cor.
2772 5368 2874 5434 v1).
2907 5387 2935 5414 ››
2968 5388 2996 5414 ‹‹
3032 5364 3261 5431 Quievit
3291 5354 3520 5445 sonitus
3543 5364 3635 5420 lae-

1979 5459 2233 5516 tantium
2268 5473 2279 5511 ε
2316 5478 2343 5506 ››
2380 5473 2484 5526 pro
2515 5472 2581 5510 eo
2612 5455 2767 5526 quod
2798 5457 2905 5522 est,
2939 5453 3204 5526 quiescet
3233 5454 3291 5508 in
3336 5452 3429 5510 die
3466 5453 3629 5526 judi-

1978 5549 2073 5605 cii.
2108 5545 2399 5603 Maximus
2431 5560 2644 5599 mceror
2672 5544 2783 5599 erit
2824 5542 3144 5600 recordatio
3193 5542 3403 5603 lzetitiaa
3452 5544 3630 5623 hujus

1979 5635 2196 5695 saeculi.
