4090 6192
454 322 568 386 831

867 321 1278 384 HAYMONIS
1309 319 1858 382 HALBEBSTAT.
1891 315 2134 379 EPISC.
2169 315 2342 378 OPP.
2380 316 2583 378 PARS
2616 317 2666 378 Ι.
2698 351 2776 361 -
2807 317 3219 381 COMMENT.
3245 318 3441 383 BIBL.

3742 320 3864 383 832

530 484 559 513 «
589 463 804 518 Amara
831 457 940 516 erit
967 455 1124 530 potio
1153 475 1182 506 »
1214 453 1330 512 illis
1361 453 1462 525 qui
1507 454 1699 522 modo,
1733 451 1793 508 in
1839 453 1951 509 hoc
1999 470 2104 509 sae-
2133 448 2426 518 A'clesiae,
2462 452 2527 506 ut
2552 449 2794 508 laudent
2823 451 3163 522 Dominum,
3183 457 3241 510 et
3268 453 3446 510 dicit:
3469 453 3516 511 Ο
3535 455 3790 528 apostoli
3811 459 3863 514 et

457 553 609 620 culo,
641 549 886 608 diversis
928 545 1210 619 prandiis,
1243 549 1302 600 et
1349 544 1592 600 diversis
1641 542 1978 616 potionibus
2007 543 2104 598 de-

455 641 763 708 lectantur,
795 638 856 694 in
887 637 978 693 die
996 634 1205 708 judicii
1239 652 1441 691 amara
1465 634 1576 690 erit
1606 633 1745 702 illis,
1766 633 2104 690 bibentibus

455 731 616 787 illam
648 729 710 784 in
740 728 848 784 hoc
877 724 1114 784 smculo.

524 845 551 872 ‹‹
583 817 797 875 Attrita
826 821 916 873 est
944 815 1164 882 civitas,
1205 837 1230 864 ››
1262 832 1366 887 pro
1395 831 1460 870 eo
1493 814 1647 886 quod
1675 817 1764 870 est
1800 815 1977 868 ﬁnem
2010 829 2102 869 ac-

450 910 646 984 cipiet.
680 909 786 964 Per
813 922 991 962 unam
1023 905 1316 960 civitatem
1348 921 1552 960 omnes
1581 903 1845 960 civitates
1881 903 2103 958 intelli-

449 999 652 1073 genda:
684 1000 824 1054 sunt
857 1013 871 1051 :
905 994 992 1050 vel
1026 993 1201 1049 etiam
1233 1010 1336 1064 per
1365 993 1540 1048 istam
1581 993 1784 1048 civitas
1829 992 2102 1048 vanitatis

449 1087 729 1161 Babylon,
761 1103 888 1157 qua)
920 1083 1031 1138 fuit
1061 1081 1262 1137 civitas
1283 1081 1810 1153 civitatum,potcst
1833 1081 2098 1154 intelligi.

446 1178 550 1234 Vel
583 1177 752 1232 aliter
782 1193 794 1230 :
833 1179 896 1230 ut
923 1191 1024 1246 per
1047 1172 1340 1228 civitatem
1373 1188 1550 1227 unam
1585 1171 1843 1226 mundus
1883 1171 1991 1226 iste
2023 1172 2099 1227 si-

447 1267 758 1341 gnificetur
782 1263 880 1336 qui
928 1263 1106 1316 ﬁnem
1155 1264 1294 1316 tunc
1341 1259 1606 1332 accipiet.
1639 1261 1708 1314 Et
1733 1277 1913 1332 quare
1960 1261 2102 1315 dicit

445 1353 762 1412 vanitatis?
793 1351 938 1418 Quia
989 1349 1273 1422 quidquid
1324 1349 1534 1404 transit
1581 1353 1638 1403 et
1684 1349 1967 1405 mutabile
2013 1352 2102 1404 est

446 1444 673 1500 vanitas
701 1445 810 1506 est,
833 1441 1003 1511 juxta
1031 1437 1186 1509 quod
1236 1435 1534 1508 Sapientia
1577 1437 1720 1492 dicit
1749 1453 1760 1490 :
1797 1461 1824 1484 ‹‹
1858 1436 2100 1492 Vanitas

444 1533 794 1596 vanitatum,
825 1533 883 1584 et
911 1527 1111 1584 omnia
1140 1527 1367 1582 vanitas
1397 1525 1546 1598 (Sap.
1581 1526 1640 1597 1).
1677 1548 1706 1574 υ

519 1643 548 1672 ‹‹
578 1619 810 1676 Clamor
837 1617 948 1673 erit
979 1633 1156 1688 super
1181 1615 1315 1670 vino
1348 1615 1405 1670 in
1427 1615 1654 1686 plateis.
1679 1638 1704 1664 η
1731 1615 1924 1670 Platos
1945 1617 2096 1671 Grae-

444 1727 578 1768 cum
613 1725 823 1764 nomen
873 1710 978 1774 est,
1013 1708 1070 1761 et
1099 1703 1316 1760 dicitur
1341 1721 1374 1758 a
1399 1703 1728 1760 latitudine.
1764 1705 1912 1770 Quid
1961 1722 2098 1778 ergo

443 1815 548 1872 per
577 1797 831 1870 plateam
862 1795 976 1850 isto
1007 1793 1066 1848 in
1096 1793 1220 1850 loco
1253 1793 1701 1886 intelligendum
1733 1798 1842 1861 est,
1869 1794 1978 1886 nisi
2015 1795 2099 1850 illi
2129 1823 2177 1886 Β

445 1887 546 1962 qui
578 1905 679 1960 per
707 1884 1081 1942 latitudinem
1113 1881 1286 1939 istius
1335 1881 1531 1938 smculi
1573 1885 1905 1956 vagantur?
1933 1884 2097 1941 Unde

441 1981 502 2033 et
533 1977 660 2050 ipsa
687 1974 918 2031 Veritas
949 1971 1092 2028 dicit
1123 1989 1136 2028 :
1163 1996 1191 2023 ‹‹
1220 1972 1362 2026 Lata
1381 1975 1438 2026 et
1459 1972 1718 2043 spatiosa
1739 1972 1831 2028 via
1853 1979 2096 2046 est,qua2

441 2064 606 2122 ducit
635 2065 706 2120 ad
737 2062 1126 2137 perditionem
1157 2061 1359 2132 (Matth.
1391 2060 1515 2131 v11).
1553 2083 1580 2110 »
1615 2061 1827 2117 Vinum
1878 2065 1937 2118 in
1989 2064 2097 2120 hoe

441 2153 568 2211 loco
598 2152 893 2226 signiﬁcat
923 2167 1198 2216 errorem,
1231 2148 1370 2220 quia
1400 2148 1482 2203 illi
1518 2150 1614 2222 qui
1649 2151 1794 2206 ebrii
1826 2157 2097 2220 sunt,er-

441 2245 574 2298 rant
598 2247 656 2298 et
684 2240 1009 2296 insaniunt.
1032 2237 1315 2292 Veniente
1336 2254 1472 2309 ergo
1496 2237 1588 2294 die
1609 2240 1851 2296 extremi
1861 2241 2094 2310 judicii,

440 2330 662 2388 clamor
687 2329 800 2386 erit
827 2328 887 2383 in
918 2327 1036 2382 illis
1067 2325 1167 2398 qui
1195 2325 1443 2382 terrenis
1482 2327 1640 2382 curis
1688 2331 1747 2383 et
1793 2329 2096 2386 desideriis

440 2419 776 2477 deserviunt
807 2405 983 2488 super
1011 2431 1188 2471 suum
1219 2431 1496 2488 errorem,
1529 2415 1670 2488 quia
1708 2417 1850 2473 dum
1881 2419 2095 2476 debue-

439 2512 578 2566 runt
605 2509 794 2564 facere
827 2523 990 2574 uvas,
1025 2505 1286 2560 fecerunt
1316 2503 1640 2560 labruscas.

511 2622 536 2648 α
563 2596 786 2654 Relicta
805 2594 974 2652 estin
1002 2594 1145 2650 urbe
1167 2592 1443 2648 solitudo.
1465 2615 1490 2644 »
1513 2595 1675 2662 Quod
1691 2596 1818 2667 jam
1841 2596 2098 2654 diximus

445 2688 516 2743 de
545 2703 664 2742 una
693 2683 926 2742 civitate
957 2681 1373 2755 superius,hoc
1393 2681 1570 2738 etiam
1598 2683 1912 2740 dicendum
1933 2689 2022 2742 est
2042 2690 2098 2743 et

328 2814 334 2822 .
439 2777 512 2832 de
543 2792 662 2830 una
689 2775 854 2841 urbe,
889 2797 915 2824 ‹‹
950 2771 1090 2846 quia
1121 2771 1242 2826 haec
1285 2773 1457 2826 erunt
1504 2770 1562 2826 in
1611 2773 1802 2828 medio
1845 2777 2031 2830 terrae.
2065 2797 2092 2826 »

440 2863 590 2932 Quid
623 2863 733 2920 erit
761 2861 821 2918 in
855 2861 1046 2918 medio
1075 2859 1286 2916 terras?

513 2976 541 3003 ‹‹
575 2952 709 3008 Ideo
755 2949 866 3008 erit
913 2949 1166 3008 solitudo
1214 2948 1274 3003 in
1323 2949 1486 3019 urbe,
1522 2972 1550 2998 »
1583 2949 1692 3006 hoc
1742 2955 1832 3006 est
1880 2952 1937 3006 in
1987 2953 2098 3009 hoc

445 3041 688 3108 mundo,
723 3039 864 3113 quia
891 3040 1014 3096 haec
1042 3042 1216 3094 erunt
1245 3054 1416 3109 opere
1458 3037 1778 3110 adimpleta
1813 3040 1872 3093 in
1904 3041 2096 3096 medio

439 3134 605 3186 terrae
637 3129 793 3200 quod
823 3127 1108 3182 hactenus
1139 3126 1296 3180 dicta
1329 3130 1488 3192 sunt,
1521 3125 1788 3181 videlicet
1817 3127 1955 3198 quia
1983 3129 2094 3184 Do-

2214 541 2478 596 doetores
2511 540 2609 613 qui
2644 541 2794 597 docti
2827 541 3243 616 estis,propter
3272 542 3380 599 hoc
3411 543 3550 616 quia
3579 544 3860 602 Dominus

2213 627 2576 702 gloriﬁcatus
2606 633 2778 698 est,et
2798 629 3026 686 vidistis
3047 631 3354 704 praemium
3375 635 3633 688 vestrum
3657 637 3716 688 et
3735 651 3860 706 snp-

2127 747 2131 750 ν
2213 717 2456 788 plicium
2485 719 2891 790 reproborum,
2924 718 3242 791 gloriﬁcate
3272 719 3586 788 Dominum
3619 722 3679 777 in
3731 723 3858 780 doc-

2210 805 2366 862 trina
2393 811 2602 864 vestra.
2629 829 2658 859 «
2681 809 2752 864 Et
2778 807 2839 863 in
2870 808 3082 866 insulis
3113 809 3291 866 maris
3321 825 3532 867 nomen
3562 811 3858 880 Domini,»

2213 896 2498 952 subaudis
2527 897 2853 970 prmdicate.

2284 1009 2311 1035 «
2345 987 2390 1041 A
2420 986 2640 1042 finibus
2670 991 2834 1043 terra:
2866 987 3070 1044 laudes
3090 991 3444 1046 audivimus.
3470 1013 3498 1039 ››
3519 991 3644 1047 Vox
3665 990 3862 1048 electo-

2211 1093 2342 1130 rum
2377 1075 2436 1130 in
2467 1076 2922 1148 diejudicii.Qui
2941 1079 3243 1134 suntﬁnes
3264 1083 3427 1136 terrae
3444 1081 3472 1136 ?
3491 1081 3860 1147 Patriarchaa,

2210 1165 2525 1236 prophetae,
2547 1165 2816 1237 apostoli,
2850 1169 2907 1222 et
2937 1167 3200 1224 doctores
3229 1172 3444 1224 sanctae
3470 1169 3766 1226 Ecclesia.
3797 1173 3862 1228 Et

2211 1271 2390 1326 quare
2419 1258 2698 1310 vocantur
2727 1254 2810 1310 illi
2839 1256 2986 1312 lines
3000 1255 3028 1310 ?
3048 1257 3194 1323 Quia
3222 1258 3376 1314 sicut
3395 1261 3549 1315 terra
3569 1260 3792 1318 ﬁnibus
3811 1268 3864 1318 et

2209 1343 2478 1398 terminis
2511 1343 2636 1399 suis
2665 1343 3024 1413 consistit,ut
3045 1344 3171 1402 sine
3201 1345 3318 1402 illis
3351 1351 3504 1404 stare
3532 1365 3653 1405 non
3674 1349 3860 1406 valet:

2209 1433 2290 1487 ita
2319 1433 2576 1489 mundus
2609 1432 2718 1488 iste
2749 1433 3014 1490 doctrina
3045 1439 3104 1490 et
3133 1435 3360 1493 meritis
3391 1436 3630 1494 illorum
3651 1441 3866 1497 consis-

2207 1520 2366 1577 tit.In
2401 1523 2636 1578 Hebraeo
2667 1521 2825 1578 enim
2856 1523 2928 1578 ab
2959 1523 3068 1580 alis
3099 1528 3266 1580 terra:
3297 1525 3501 1584 laudes
3527 1529 3864 1586 audivimus

2209 1615 2298 1680 (ut
2315 1612 2520 1668 beatus
2542 1611 2930 1685 Hieronymus
2951 1613 3113 1683 dicit)
3133 1614 3525 1672 habetur.Alaa
3541 1620 3710 1673 terra
3733 1637 3862 1675 san-

2207 1700 2284 1756 cti
2314 1700 2679 1774 intelligendi
2713 1705 2876 1772 sunt,
2901 1701 2999 1775 qui
3027 1703 3098 1759 de
3128 1703 3373 1760 terrenis
3403 1706 3476 1762 ad
3509 1705 3866 1780 cmlcstia,de

2207 1790 2445 1846 caducis
2463 1791 2534 1845 ad
2554 1805 2834 1867 mansura
2848 1795 2904 1848 et
2918 1795 3202 1864 perpetua
3225 1792 3692 1852 cvolant.Dicent
3710 1797 3864 1854 enim

2207 1878 2371 1934 electi
2404 1879 2463 1933 in
2493 1877 2585 1933 die
2615 1878 2824 1950 judicii
2859 1896 2871 1935 :
2903 1883 2950 1935 A
2976 1880 3195 1937 ﬁnibus
3240 1884 3406 1938 terra:
3457 1881 3579 1940 sive
3629 1885 3703 1941 ab
3737 1885 3862 1952 alis,

2207 1967 2541 2024 audivimus
2571 1967 2692 2023 haec
2722 1985 2850 2040 qua:
2883 1970 3055 2025 modo
3086 1970 3372 2037 videmus,
3391 1989 3424 2027 ο
3445 1973 3696 2031 Domine
3721 1979 3864 2033 Deus

2206 2061 2422 2126 noster,
2457 2057 2662 2114 laudes
2692 2063 2824 2113 tuas
2855 2061 2912 2114 et
2941 2059 3409 2129 magnitudinem
3441 2064 3740 2136 tuam,qui
3764 2083 3866 2120 ιιο⁴

2207 2144 2298 2199 bis
2330 2160 2562 2216 semper
2589 2143 2712 2200 haec
2740 2143 3154 2216 prmdixerunt,
3178 2146 3491 2204 invitantes
3513 2166 3625 2206 nos
3647 2151 3722 2207 ad
3745 2151 3862 2206 hac

2205 2237 2264 2288 et
2293 2237 2598 2289 monentes
2627 2237 2789 2288 tuam
2809 2233 3170 2291 voluntatem
3192 2235 3332 2294 totis
3351 2237 3576 2294 viribus
3597 2239 3858 2313 exsequi.

2203 2321 2552 2378 Audivimus
2581 2321 2760 2378 etiam
2789 2322 3037 2395 gloriam
3059 2324 3233 2395 justi,
3266 2325 3355 2382 vel
3387 2326 3725 2400 specialiter
3742 2329 3860 2401 glo-

2206 2411 2353 2466 riam
2387 2411 2640 2480 Domini,
2674 2411 2773 2483 qui
2803 2415 2892 2468 est
2919 2410 3011 2468 via
3041 2417 3099 2469 et
3128 2413 3362 2483 veritas,
3394 2415 3482 2472 vel
3505 2417 3864 2489 generaliter

2205 2499 2453 2573 gloriam
2511 2499 2778 2556 omnium
2823 2501 3144 2572 justorum.
3175 2503 3248 2559 Et
3294 2503 3415 2560 dixi
3449 2521 3462 2560 :
3497 2527 3526 2556 ‹‹
3561 2507 3862 2564 Secretum

2206 2606 2405 2646 meum
2437 2589 2602 2657 mihi,
2635 2593 2926 2645 secretum
2959 2607 3156 2646 meum
3187 2591 3354 2663 mihi,
3385 2610 3469 2666 ys:
3501 2593 3714 2650 mihi.»
3746 2596 3865 2652 Vox

2206 2677 2522 2752 prophetae.
2552 2678 2632 2732 Ac
2659 2677 2708 2732 si
2739 2677 2958 2734 diceret
2988 2678 3119 2736 aliis
3159 2681 3352 2736 verbis
3387 2697 3398 2737 :
3434 2681 3568 2739 Seio
3599 2683 3862 2756 quidem,

2206 2767 2327 2824 scio
2362 2783 2376 2820 :
2412 2766 2569 2840 quod
2600 2783 2716 2823 non
2742 2783 2985 2840 possum
3007 2767 3305 2825 dicere.Et
3323 2769 3461 2842 quia
3480 2787 3597 2827 non
3619 2789 3862 2844 possum

2206 2855 2416 2924 dicere,
2451 2873 2529 2910 vae
2571 2853 2736 2911 mihi.
2771 2855 2916 2911 Cum
2966 2855 3209 2912 vidisset
3255 2857 3541 2930 propheta
3584 2861 3646 2915 et
3694 2859 3864 2916 intel-

2204 2943 2441 3000 lexisset
2469 2943 2680 3016 spiritu
2710 2943 3326 3018 incomprehensibilia
3352 2950 3652 3004 tormenta
3673 2965 3864 3022 repro-

2206 3033 2416 3088 borum
2448 3036 2506 3088 et
2533 3031 2782 3106 gloriam
2811 3031 3165 3089 iueﬁ‘abilem
3187 3035 3510 3106 justorum,
3545 3039 3604 3091 et
3625 3054 3744 3093 non
3767 3055 3860 3110 po-

2205 3121 2418 3178 tuisset
2447 3138 2515 3178 ea
2543 3139 2658 3193 prae
2691 3120 3100 3194 magnitudine
3131 3123 3221 3178 sui
3245 3139 3433 3195 neque
3453 3140 3554 3180 ore
3575 3125 3857 3198 proferre,

442 3189 930 3270 minus‘mutabit
957 3213 1266 3268 terram.ln
1299 3189 1492 3267 medio
1523 3217 1686 3268 terra:
1719 3189 1859 3270 dicit
1887 3215 1947 3271 in
1970 3217 2096 3273 Hie—
2124 3189 2168 3257 Ο
2207 3227 2393 3282 neque
2406 3189 2822 3284 scriberemus;
2839 3189 3661 3283 sicutApostolusdicit,tanta
3673 3189 3860 3282 erunt,

442 3301 718 3370 rusalem,
753 3319 880 3373 quae
909 3303 998 3355 est
1029 3299 1344 3356 umbilicus
1375 3303 1558 3356 terrae.
1594 3301 1760 3357 Multi
1791 3308 2097 3361 autuman-

441 3393 532 3446 tes
562 3388 784 3457 dicunt,
817 3389 974 3460 quod
1020 3387 1306 3444 Dominus
1355 3405 1532 3461 super
1580 3396 1836 3447 montem
1888 3393 2094 3450 Oliveti

329 3510 345 3524 ι
441 3477 686 3546 sedebit,
719 3495 787 3534 ex
811 3493 927 3550 quo
958 3476 1222 3532 ascendit
1253 3477 1325 3532 ad
1349 3477 1842 3536 ccnlos.Dominus
1867 3500 1980 3537 non
2003 3484 2092 3540 de-

439 3566 679 3624 scendet
708 3566 768 3622 in
801 3569 1016 3622 terram
1047 3565 1119 3620 ad
1141 3563 1460 3636 judicium,
1486 3567 1584 3622 sed
1623 3567 1680 3622 in
1713 3586 1842 3626 aere
1872 3572 2096 3628 sedebit

437 3657 499 3712 in
532 3656 687 3712 nube
717 3658 920 3712 contra
949 3657 1210 3710 montem
1241 3653 1606 3712 Oliveti.Non
1628 3657 1938 3714 descendet
1957 3677 2094 3732 ergo

437 3745 497 3801 in
529 3749 769 3814 terram,
794 3745 898 3802 sed
930 3742 990 3799 in
1019 3743 1212 3816 spatio
1242 3742 1415 3800 istius
1437 3745 1588 3801 acris
1610 3746 1836 3802 sedebit
1857 3747 1915 3802 in
1938 3749 2095 3804 nube

437 3838 642 3892 contra
659 3838 922 3891 montem
941 3831 1538 3904 Oliveti,constipatus
1559 3835 1896 3902 agminibus
1911 3841 1968 3893 et
1985 3837 2093 3893 vir-

437 3922 666 3979 tutibus
696 3921 998 3978 cozlorum.
1033 3921 1097 3977 In
1130 3921 1286 3976 nube
1316 3922 1597 3991 ascendit,
1631 3927 1690 3978 et
1718 3925 1778 3980 in
1809 3927 1965 3982 nube
1997 3926 2096 3983 ite-

436 4029 570 4067 rum
601 4011 811 4080 veniet,
826 4010 982 4066 sicut
1000 4009 1222 4066 dietum
1243 4013 1334 4066 est
1353 4010 1427 4065 ab
1448 4010 1672 4085 angelis
1696 4030 1708 4068 :
1734 4037 1762 4064 «
1789 4014 1882 4070 Sic
1904 4017 2095 4072 veniet

434 4097 940 4171 quemadmodum
967 4096 1198 4154 vidistis
1229 4115 1365 4153 eum
1387 4103 1622 4155 euntem
1640 4100 1699 4155 in
1722 4101 1930 4164 coelum
1953 4103 2088 4173 (Act.

437 4186 536 4257 η’»
559 4186 630 4240 Et
646 4184 770 4256 ipse
788 4185 1078 4240 Domtnus
1095 4201 1199 4256 per
1217 4186 1604 4258 semetipsum
1626 4188 1794 4244 dicit:
1811 4214 1840 4240 «
1861 4191 1932 4246 Et
1950 4195 2091 4248 tunc

434 4271 936 4330 videbuntFilium
951 4272 1209 4328 hominis
1229 4273 1555 4330 venientem
1579 4276 1638 4330 in
1660 4277 1918 4335 nubibus
1939 4283 2088 4349 (Luc.

435 4364 572 4430 XXI).
599 4383 628 4412 »
650 4362 722 4418 Et
741 4360 844 4434 qui
865 4363 998 4416 ante
1018 4360 1176 4415 venit
1196 4360 1457 4432 humilis,
1473 4366 1612 4418 tunc
1631 4365 1822 4422 veniet
1839 4385 1973 4424 cum
1997 4387 2093 4442 po-

435 4453 645 4508 testate
675 4465 892 4522 magna
917 4447 1214 4505 vindicare
1247 4466 1309 4504 se
1339 4449 1410 4505 de
1439 4449 1707 4508 hostibus
1739 4455 1920 4512 suis.«
1944 4461 2088 4524 Quo-

2203 3299 2404 3371 qualia
2433 3299 2637 3355 oculus
2668 3315 2783 3354 non
2815 3299 3100 3368 vidit,nec
3121 3299 3282 3356 auris
3301 3300 3662 3371 audivit,nec
3685 3303 3746 3358 in
3769 3321 3862 3360 eor

2202 3389 2460 3444 hominis
2491 3389 2923 3458 ascenderunt),
2961 3389 3106 3444 dixit
3134 3407 3250 3462 pra:
3283 3390 3480 3448 dolore
3513 3409 3528 3447 :
3561 3392 3664 3448 Va:
3696 3392 3858 3459 mihi,

2203 3477 2343 3550 quia
2373 3495 2488 3533 non
2521 3494 2654 3533 sum
2685 3478 2901 3551 dignus
2933 3480 3186 3550 proferre
3217 3497 3344 3551 quae
3365 3479 3506 3536 vidi.
3531 3503 3560 3532 ‹‹
3589 3481 3862 3538 Praevari-

2202 3570 2404 3622 cantes
2421 3567 2776 3638 praevaricati
2797 3570 2990 3633 sunt,»
3007 3568 3329 3624 saubaudis
3343 3568 3510 3641 impii
3528 3569 3726 3642 legem
3741 3570 3856 3626 Dei.

2203 3653 2566 3710 Praevaricari
2605 3658 2695 3710 est
2737 3655 3088 3728 transgredi.
3121 3657 3472 3730 Transgredi
3522 3663 3733 3714 autem
3778 3662 3864 3715 est

2202 3742 2359 3799 ultra
2388 3743 2488 3799 ire.
2521 3743 2644 3799 Vox
2685 3743 2982 3815 prophetae
3031 3744 3104 3799 de
3149 3744 3438 3816 reprobis.
3473 3746 3756 3804 Formido
3779 3751 3866 3804 est

2201 3833 2396 3889 timor.
2431 3833 2618 3888 Fovea
2640 3849 2653 3887 :
2679 3833 2856 3900 fossa,
2887 3830 3157 3904 laqueus,
3190 3832 3382 3890 ruina.
3397 3833 3552 3890 Dicit
3571 3853 3714 3910 ergo
3735 3854 3863 3909 pro-

2201 3921 2379 3995 pheta
2404 3921 2486 3978 :0
2517 3921 2618 3994 qui
2650 3920 2945 3977 habitator
2973 3937 3036 3976 es
3067 3925 3256 3990 terrae,
3292 3921 3350 3977 id
3381 3926 3490 3992 est,
3512 3924 3620 3996 qui
3653 3942 3860 3982 carna-

2200 4011 2333 4066 liter
2355 4009 2579 4080 vivis,et
2609 4009 2854 4066 terrenis
2878 4010 3056 4066 rebus
3076 4010 3214 4066 totis
3235 4011 3548 4069 conatibus
3571 4014 3856 4072 inservis:

2202 4099 2450 4156 formido
2479 4097 2670 4154 veniet
2697 4115 2876 4170 super
2920 4100 2996 4154 te.
3032 4102 3166 4154 Haec
3215 4100 3389 4156 verba
3434 4107 3698 4173 possunt
3749 4121 3856 4160 non

2199 4189 2518 4262 incongrue
2548 4190 2668 4242 tam
2699 4185 2772 4242 ad
2805 4191 3070 4260 tempora
3099 4187 3498 4260 apostolorum
3531 4190 3627 4246 vel
3646 4197 3856 4265 marty-

2200 4295 2355 4349 rum,
2387 4293 2566 4349 quam
2597 4275 2772 4332 etiam
2798 4275 2870 4331 ad
2910 4278 3188 4349 tempora
3230 4276 3583 4334 Antichristi
3633 4280 3851 4336 referri.

2197 4365 2588 4440 Temporibus
2607 4365 2765 4421 enim
2789 4365 3024 4437 quando
3045 4366 3373 4438 persecutio
3397 4367 3638 4425 eminus
3659 4374 3854 4426 contra

2197 4454 2560 4512 Christianos
2589 4457 2789 4510 exorta
2815 4457 2924 4522 est,
2957 4457 3123 4510 erant
3165 4453 3336 4511 multi
3385 4455 3706 4515 Christiani
3749 4459 3851 4514 im-

436 4539 609 4594 modo
637 4537 684 4594 si
717 4555 916 4610 paucae
947 4535 1108 4593 oliva:
1140 4539 1548 4607 remanserint,
1581 4544 1640 4596 et
1687 4543 1903 4599 racemi
1955 4551 2088 4618 post
2116 4555 2165 4623 1)
2196 4543 2436 4619 perfecti
2468 4541 2659 4598 adhuc
2687 4540 2750 4598 in
2778 4541 2913 4608 ﬁde,
2938 4542 3040 4614 qui
3071 4547 3234 4598 metu
3257 4547 3693 4602 tormentorum
3711 4547 3850 4603 dice-

436 4626 899 4684 collectionem.»
923 4626 1054 4682 Ilaec
1075 4627 1146 4682 ad
1169 4627 1589 4700 subsequentia
1615 4631 1992 4702 pertirient,et
2013 4634 2091 4691 lo-

435 4717 642 4788 quitur
671 4713 954 4787 propheta
983 4715 1054 4770 de
1085 4715 1284 4772 electis
1311 4716 1512 4774 dicens
1536 4735 1549 4773 :
1575 4719 1721 4784 Quia
1741 4720 1894 4776 sicut
1913 4725 2086 4794 pauci

436 4803 650 4860 racemi
683 4807 988 4858 remanent
1019 4803 1182 4859 finita
1213 4803 1527 4873 vindemia,
1560 4806 1644 4864 sic
1677 4809 1848 4880 pauci
1899 4829 2086 4870 rema~

435 4890 855 4949 nebunt'electi
886 4891 944 4945 in
968 4892 1061 4946 die
1082 4891 1444 4964 judicii.Non
1468 4893 1526 4949 in
1547 4913 1655 4952 suo
1677 4915 1920 4955 numero
1943 4919 2086 4972 pau-

433 4981 508 5047 ci,
542 4981 640 5037 sed
675 4980 748 5036 ad
779 4979 1274 5052 comparationem
1307 4983 1704 5052 reproborum.
1729 4987 1798 5041 lli
1825 5005 1956 5044 vero
1982 4990 2083 5061 qui

433 5065 847 5136 remanserint,
871 5091 898 5116 ‹‹
922 5066 1251 5122 laudabunt
1281 5069 1598 5124 Dominum
1631 5089 1765 5128 cum
1796 5074 2083 5147 gloriﬁca-

432 5160 532 5214 tus
565 5155 758 5224 fuerit,
789 5161 847 5212 et
875 5155 1146 5211 hinnient
1169 5156 1239 5212 de
1271 5155 1474 5226 mari,»
1501 5157 1666 5214 idest
1695 5161 1764 5216 de
1784 5161 1894 5218 hoc
1918 5182 2083 5221 mun-

433 5245 530 5310 do,
564 5243 847 5300 subaudis
873 5243 1125 5298 liberati.
1159 5244 1284 5300 Non
1317 5247 1471 5316 quod
1502 5245 1586 5300 illi
1620 5247 1890 5306 hinnient
1934 5252 2086 5308 sicut

433 5332 590 5404 equi,
622 5331 724 5387 sed
754 5329 906 5386 sicut
952 5330 1037 5385 illi
1087 5331 1451 5389 exsultantes
1497 5333 1799 5406 hinniunt,
1830 5338 1910 5394 ita
1939 5344 1996 5396 et
2024 5341 2084 5396 hi

435 5419 536 5488 qui
571 5418 980 5485 remanserint,
1010 5437 1209 5476 vocem
1240 5419 1453 5478 laetitia:
1483 5424 1770 5482 emittent.

508 5528 534 5554 «
570 5506 806 5578 Propter
835 5506 943 5562 hoc
973 5506 1032 5562 in
1064 5509 1346 5566 doctrinis
1369 5510 1688 5584 glorificatc
1711 5515 2084 5572 Dominum.»

437 5590 710 5649 Hortatur
737 5594 1020 5667 propheta
1049 5597 1345 5668 apostolos
1375 5603 1434 5655 et
1463 5601 1728 5660 doctores
1749 5609 1963 5662 sancta:
1986 5607 2084 5663 Ec-

2199 4635 2342 4691 bant
2371 4633 2526 4688 intra
2551 4631 2899 4703 semetipsos
2925 4648 2938 4686 :
2963 4630 3111 4698 Quia
3129 4648 3266 4704 ergo
3288 4631 3402 4689 ista
3417 4635 3752 4706 persecutio
3771 4633 3850 4690 sic

2197 4740 2304 4780 nos
2337 4723 2523 4794 urget,
2556 4719 2779 4793 negabo
2809 4719 3106 4777 Christum
3141 4723 3368 4776 tantum
3387 4721 3627 4780 verbis:
3653 4728 3712 4780 et
3729 4740 3852 4796 pos-

2195 4815 2288 4868 tea
2308 4826 2476 4884 agam
2502 4806 3115 4882 poenitentiamAliter
3133 4807 3290 4864 enim
3312 4809 3558 4866 evadere
3580 4829 3702 4868 non
3722 4829 3849 4884 pos-

2195 4917 2350 4956 sum.
2383 4899 2491 4955 Sed
2526 4897 2634 4952 hoc
2664 4897 2864 4953 dicens
2888 4915 3003 4970 prae
3035 4896 3246 4953 timore
3275 4897 3522 4954 cadebat
3541 4897 3606 4954 in
3625 4901 3845 4956 foveam

2195 4986 2544 5060 negationis.
2575 4985 2646 5040 Et
2674 4987 2816 5041 dum
2845 4985 3248 5058 paenitentiam
3277 4985 3448 5042 vellet
3479 4986 3850 5060 agere,insti-

2193 5080 2366 5148 gante
2395 5073 2625 5130 diabolo
2645 5074 3042 5146 perimebatur
3062 5092 3097 5130 a
3115 5073 3614 5147 persecutoribus.
3629 5078 3699 5132 Et
3713 5080 3844 5132 tunc

2192 5165 2263 5220 de
2295 5163 2455 5220 fovea
2483 5162 2777 5218 ruebatin
2825 5161 3100 5234 laqueum
3149 5167 3371 5220 (eterna:
3423 5163 3837 5222 damnationis.

2193 5253 2287 5309 Sic
2318 5252 2428 5307 erit
2454 5255 2512 5308 et
2539 5250 2901 5323 temporibus
2929 5251 3297 5308 Antichristi.

2271 5364 2298 5392 «
2330 5339 2476 5408 Quia
2503 5344 2803 5396 cataractae
2835 5341 2906 5396 de
2935 5339 3179 5397 excelsis
3199 5345 3410 5413 apertae
3432 5344 3632 5410 sunt,»
3653 5340 3709 5396 id
3729 5345 3831 5406 est,

2192 5431 2265 5487 de
2280 5429 2461 5486 cmlis.
2481 5429 2793 5486 Cataractae
2811 5429 3233 5498 Graece,Latine
3251 5429 3533 5486 dicuntur
3553 5430 3827 5486 fenestrae.

2191 5520 2262 5575 Et
2291 5535 2470 5589 quare
2499 5523 2711 5591 apertae
2745 5522 2886 5574 sunt
2915 5517 3024 5574 illa:
3051 5519 3360 5576 fenestrae?
3384 5519 3458 5576 Ut
3485 5520 3640 5576 Deus
3659 5514 3832 5574 omni-

2193 5612 2399 5679 potens
2428 5605 2745 5664 vindictam
2767 5611 2965 5664 sumat
2986 5608 3056 5664 de
3073 5607 3342 5666 hostibus
3359 5605 3661 5666 suis.Dicit
3677 5603 3848 5663 enim
