4090 6192
253 334 375 395 837

1322 330 1730 394 COMMENT.
1771 334 1857 394 IN
1898 331 2199 397 ISAIAM.
2231 372 2307 381 —
2340 338 2485 399 LIB.
2534 339 2609 400 II.

3550 350 3671 412 838

254 463 559 540 passionis
583 482 596 519 :
622 464 761 536 quia
781 467 837 519 te
860 468 1138 539 operante
1164 466 1497 538 passionem
1521 466 1805 523 sustinuit
1824 485 1920 539 pa-
1945 469 2003 535 Α
2030 468 2225 539 ipsum
2249 470 2569 543 diabolum,
2586 474 2684 545 qui
2707 475 2937 532 vinculo
2955 495 3061 533 suo
3081 479 3454 553 colligaverat
3472 500 3675 539 omnes

260 555 495 610 tienter.
523 553 653 625 Ipse
675 551 833 607 enim
856 552 997 608 dicit
1021 570 1033 608 :
1059 553 1412 609 Potestatem
1443 555 1628 611 habeo
1661 557 1913 627 ponendi

260 643 522 699 animam
554 658 769 709 meam,
796 647 855 698 et
883 642 1099 698 iterum
1130 643 1400 699 sumendi
1432 661 1582 698 eam.
1609 669 1635 694 ‹‹
1672 645 1913 700 Umbra-

222 718 227 727 ’
258 733 460 789 culum
492 733 567 788 ab
596 737 765 799 aestu,
792 758 819 781 »
842 732 902 788 id
951 737 1061 800 est,
1097 734 1375 807 protectio
1406 735 1480 789 ab
1528 740 1673 790 aestu
1707 736 1915 790 mortis

258 823 424 879 fuisti
454 822 528 891 ei,
563 827 628 877 ut
658 822 831 877 tertia
876 823 970 877 die
1020 827 1366 895 resurgeret.
1390 848 1416 872 ‹‹
1452 823 1706 895 Spiritus
1757 824 1914 878 enim

258 913 666 980 robustorum,
692 910 863 982 quasi
894 912 1068 967 turbo
1097 911 1407 984 impellens
1437 912 1776 983 parietem.»
1807 913 1915 967 llo-

258 1002 471 1057 bustos
483 1000 914 1067 vocatJudzeos,
931 1002 1212 1072 parietem
1227 1001 1886 1057 Dominum.Turhinem
1898 1043 1912 1067 ,

255 1090 539 1145 virtutem
567 1088 828 1145 illorum.
850 1090 1014 1146 Sicut
1032 1091 1189 1145 enim
1212 1090 1404 1162 paries
1428 1090 1724 1162 impulsus
1745 1109 1779 1146 a
1798 1094 1917 1145 tur-

252 1180 399 1236 bine
428 1178 755 1236 immobilis
804 1184 1126 1251 permanet,
1162 1179 1245 1236 sic
1295 1180 1574 1236 Dominus
1622 1181 1914 1252 impulsus

258 1268 502 1341 quidem
533 1287 568 1323 a
585 1267 806 1325 Judaais
828 1273 1087 1340 tempore
1107 1269 1422 1341 passionis,
1447 1271 1547 1325 sed
1576 1288 1690 1326 non
1718 1274 1916 1342 potue-

258 1362 402 1413 runt
420 1357 506 1412 illi
529 1358 775 1414 victores
801 1358 1099 1425 exsistere,
1126 1358 1287 1414 Licet
1309 1358 1466 1416 enim
1489 1359 1913 1414 humanitatem

258 1447 714 1516 interfecissent,
748 1446 873 1519 ipse
916 1463 1019 1518 per
1047 1447 1411 1503 divinitatem
1442 1448 1558 1503 cito
1598 1446 1917 1503 resurrexit

257 1535 563 1592 \iviﬁcans
594 1534 778 1591 illam.
805 1535 1086 1591 Dixerunt
1118 1553 1370 1609 namque
1398 1547 1447 1591 ;ῖ‹
1470 1536 1694 1604 Venite,
1725 1537 1917 1591 mitta-

260 1642 397 1679 mus
425 1624 652 1696 lignum
680 1623 742 1679 in
774 1641 987 1696 panem
1016 1625 1164 1695 ejus,
1190 1647 1216 1674 ››
1241 1625 1298 1680 id
1329 1629 1439 1689 est,
1465 1624 1690 1698 lignum
1722 1625 1914 1680 crucis

262 1715 324 1769 in
354 1730 592 1769 carnem
632 1712 814 1779 illius,
844 1737 871 1763 «
906 1718 963 1769 et
994 1714 1311 1785 perdamus
1359 1713 1703 1769 memoriam
1754 1713 1915 1768 illius

258 1804 335 1858 de
364 1808 521 1859 terra
548 1803 677 1875 (Jer.
702 1803 800 1874 XI).
828 1825 855 1852 »
889 1804 1000 1858 Sed
1045 1805 1200 1859 unde
1240 1804 1584 1859 memoriam
1615 1804 1776 1859 illius
1818 1820 1911 1858 co-

260 1892 386 1947 nati
419 1897 558 1948 sunt
589 1891 837 1959 auferre,
870 1908 974 1964 per
1002 1891 1110 1947 hoc
1143 1909 1357 1948 nomen
1388 1894 1516 1964 ejus
1549 1910 1652 1965 per
1682 1893 1911 1948 univer-

257 1998 398 2037 sum
430 1982 630 2037 orbem
663 1980 1074 2037 dilataverunt.
1486 1995 1491 1999 '

336 2095 361 2121 «
399 2070 564 2126 Sicut
593 2074 739 2126 aestu
769 2069 828 2124 in
860 2068 957 2126 siti
982 2068 1275 2125 tumultus
1306 2069 1690 2139 alienorum,»
1714 2072 1771 2126 id
1802 2076 1910 2140 est,

258 2160 601 2217 Judzeorum
646 2158 989 2215 humiliabis
1016 2182 1037 2209 ι
1073 2164 1130 2215 et
1160 2160 1331 2231 quasi
1379 2160 1569 2217 calore
1617 2162 1728 2217 sub
1762 2163 1914 2216 nube

251 2253 521 2304 torrente
568 2249 950 2321 propaginem
983 2248 1223 2304 fortium
1277 2248 1603 2306 inarescere
1652 2250 1848 2306 facies.
1883 2273 1911 2300 »

260 2338 425 2393 Duas
454 2338 921 2409 comparationes
950 2339 1050 2392 dat
1079 2339 1148 2392 de
1180 2338 1452 2410 passione
1483 2340 1736 2394 Domini.
1771 2339 1912 2404 Qui-

260 2427 403 2481 dam
424 2426 652 2482 codices
672 2425 889 2482 habent
910 2426 1063 2482 sicut
1084 2432 1263 2482 cestus
1284 2428 1342 2481 in
1366 2427 1484 2495 siti,
1507 2428 1664 2499 quod
1685 2429 1915 2482 duobus

258 2516 459 2572 modis
487 2519 675 2588 potest
705 2514 972 2588 inteliigi.
1000 2515 1164 2571 Sicut
1208 2516 1266 2570 in
1299 2516 1396 2571 siti
1428 2521 1485 2571 et
1515 2522 1657 2572 aestu
1696 2517 1913 2571 tumul-

258 2611 363 2659 tus
393 2604 700 2659 hominum
735 2621 836 2676 pro
868 2604 1183 2660 afflictione
1217 2610 1503 2675 cassatur,
1528 2611 1585 2661 et
1616 2607 1767 2661 sicut
1800 2606 1917 2660 ina-

262 2699 505 2748 rescunt
524 2693 873 2765 propagines
895 2692 1031 2748 vitis
1062 2694 1173 2748 sub
1206 2695 1359 2748 nube
1384 2696 1523 2750 dum
1548 2694 1771 2749 fortiter
1802 2699 1916 2748 tor-

264 2786 356 2837 ret
384 2781 543 2837 calor
571 2781 733 2847 solis,
752 2782 906 2837 sicut
926 2783 1123 2837 deficit
1152 2788 1208 2838 et
1240 2783 1347 2838 ﬂos
1374 2784 1589 2839 cadens
1614 2800 1625 2837 :
1651 2782 1734 2839 sic
1768 2785 1920 2838 facta

262 2876 357 2927 est
390 2872 665 2926 fortitudo
685 2871 1022 2927 Judzeorum
1045 2876 1249 2927 contra
1268 2872 1603 2927 Dominum.
1630 2873 1688 2928 Si
1722 2877 1916 2927 autem

264 2961 500 3033 legeris,
525 2960 677 3016 sicut
706 2965 883 3016 aestus
912 2961 970 3015 in
1006 2960 1102 3016 siti
1136 2978 1148 3015 :
1184 2961 1268 3016 sic
1299 2978 1551 3033 expones
1582 2979 1595 3016 :
1631 2964 1917 3027 Quemad-

265 3050 512 3105 modum
543 3053 720 3104 zestus
760 3048 1035 3105 humiliat
1074 3049 1374 3105 hominem
1414 3051 1671 3123 positum
1706 3051 1764 3105 in
1798 3050 1914 3117 siti,

264 3140 352 3194 sic
383 3138 721 3193 defecerunt
750 3137 854 3193 illi.

2025 562 2246 630 gentes,
2263 564 2320 614 et
2343 561 2568 617 orditus
2590 568 2679 618 est
2705 582 2888 635 Ipsam
2914 566 3111 636 telam,
3132 570 3371 626 trahens
3392 572 3592 628 omnia
3614 573 3674 629 in

2024 652 2271 703 mortem
2302 652 2581 721 corparis,
2606 657 2664 707 et
2695 654 2913 710 multos
2944 655 3002 710 in
3032 662 3278 713 mortem
3311 659 3539 716 anime.
3565 661 3673 726 Qui

2024 752 2159 789 cum
2190 735 2250 791 in
2282 737 2375 793 die
2406 741 2581 794 fuerit
2620 744 2839 797 tractus
2871 745 3102 815 judicii,
3137 747 3546 803 absorbebitur
3572 766 3672 819 po-

2024 828 2204 881 testas
2232 827 2382 896 ejus.

2095 938 2122 962 ‹‹
2157 915 2225 968 Et
2254 918 2478 971 auferet
2510 918 2794 977 Dominus
2823 920 3142 993 lacrymam
3175 924 3245 978 ab
3278 923 3437 977 omni
3469 924 3671 989 facie,»

2024 1003 2309 1058 subaudis
2340 1005 2655 1062 electorum
2688 1027 2951 1064 suorum.
2983 1012 3044 1066 In
3078 1012 3346 1083 praesenti
3377 1013 3671 1084 siquidem

2024 1091 2235 1147 saeculo
2253 1094 2439 1148 sancti
2464 1095 2524 1148 in
2543 1096 2816 1169 lacrymis
2833 1116 2893 1153 se
2911 1099 3182 1171 afﬂigunt
3202 1117 3213 1155 :
3235 1100 3363 1157 ideo
3380 1101 3441 1157 in
3458 1106 3675 1159 aeterna

2022 1181 2223 1252 requie
2253 1200 2457 1238 omnes
2491 1184 2753 1256 ploratus
2783 1192 2841 1242 et
2879 1187 3165 1260 lacrymas
3195 1190 3485 1246 amittent.
3510 1192 3673 1249 Unde

2018 1274 2080 1324 et
2110 1270 2366 1326 Joannes
2406 1272 2463 1326 in
2502 1274 2847 1347 Apocalypsi
2880 1293 2988 1330 sua
3015 1277 3192 1332 dicit:
3218 1302 3244 1326 «
3272 1279 3339 1333 Et
3382 1279 3674 1353 absterget

2022 1358 2177 1414 Deus
2194 1377 2428 1415 omnem
2448 1360 2767 1434 lacrymam
2787 1365 2859 1419 ab
2878 1364 3065 1419 oculis
3082 1382 3282 1420 eorum
3303 1367 3483 1439 (Apoc.
3498 1371 3672 1441 xxx),»

2012 1452 2081 1501 et
2100 1447 2343 1519 reliqua.
2375 1471 2401 1501 α
2424 1450 2493 1504 Et
2511 1452 2893 1523 opprobrium
2921 1452 3123 1525 pepuli
3146 1454 3237 1509 sui
3265 1455 3541 1526 auferet,»
3566 1457 3674 1513 hoc

2021 1541 2110 1591 est
2140 1537 2477 1593 servitutem
2508 1545 2565 1593 et
2594 1541 3051 1597 dominationem
3076 1542 3314 1599 diaboli.
3339 1544 3536 1601 Genus
3567 1547 3675 1602 hu-

2023 1642 2265 1680 manum
2292 1632 2603 1699 postquam
2621 1629 2849 1700 primus
2870 1647 3081 1701 parens
3100 1636 3297 1687 noster
3318 1635 3595 1703 peccavit,
3616 1636 3675 1690 in

2012 1715 2294 1785 paradiso
2322 1715 2552 1787 lignum
2582 1717 2769 1772 vetita:
2792 1718 3020 1773 arboris
3050 1721 3387 1789 comedens,
3409 1722 3675 1777 servituti

2024 1802 2239 1859 diaboli
2263 1805 2596 1875 subjectum
2615 1809 2705 1860 est
2725 1806 2877 1874 (Gen.
2904 1807 3009 1879 ιιι).
3025 1808 3094 1861 Et
3115 1807 3272 1863 istud
3293 1811 3674 1881 opprobrium

2024 1896 2143 1947 tam
2176 1893 2382 1948 mortis
2412 1909 2587 1964 quam
2614 1894 2933 1963 servitutis,
2957 1896 3271 1968 dissipabit
3297 1897 3583 1954 Dominus
3614 1900 3673 1953 in

2023 1979 2115 2053 die
2138 1980 2373 2051 judicii,
2398 1982 2706 2037 retrudens
2728 1982 2899 2038 illum
2921 1984 2992 2039 de
3017 1983 3291 2040 claustris
3318 1985 3548 2052 inferni,
3573 1970 3674 2059 qui

2023 2069 2358 2124 dominatus
2390 2070 2579 2125 fuerat
2609 2070 2880 2127 universo
2911 2072 3058 2128 orbi.

2095 2180 2122 2206 ‹‹
2149 2158 2217 2212 Et
2247 2158 2442 2213 dicent
2468 2158 2610 2231 justi
2646 2160 2704 2215 in
2728 2160 2820 2215 die
2853 2160 3010 2229 illa,»
3032 2160 3090 2217 id
3114 2166 3202 2217 est
3222 2162 3282 2218 in
3306 2163 3399 2219 die
3420 2164 3631 2235 judicii
3657 2181 3671 2219 :

2027 2270 2055 2297 ‹‹
2077 2248 2221 2302 Ecce
2252 2247 2405 2302 Deus
2438 2252 2691 2316 noster,»
2714 2266 2901 2321 usque
2923 2274 2949 2299 ‹‹
2977 2250 3300 2321 requiescet
3321 2269 3534 2308 manus
3564 2253 3673 2308 Do-

2025 2336 2190 2405 mini,
2218 2360 2244 2383 »
2270 2336 2325 2391 id
2358 2341 2447 2391 est
2495 2337 2754 2409 potentia
2803 2338 3123 2393 divinitatis
3172 2340 3302 2409 ejus
3324 2364 3350 2388 ‹‹
3387 2341 3446 2394 in
3477 2345 3676 2396 monte

2024 2426 2203 2491 isto,»
2227 2426 2335 2481 hoc
2365 2431 2455 2481 est
2484 2425 2544 2480 in
2578 2426 2835 2482 Ecclesia
2872 2432 2929 2482 et
2967 2445 3146 2500 regno
3178 2427 3479 2484 ccelorum.
3515 2430 3669 2484 Mone

2026 2520 2141 2570 tem
2170 2514 2425 2587 appellat
2447 2515 2763 2572 Ecclesium
2787 2516 3123 2584 electorum,
3149 2517 3248 2589 qui
3272 2535 3406 2573 cum
3429 2518 3676 2573 Domino

2026 2605 2377 2675 regnabunt.

2098 2718 2123 2741 ‹‹
2161 2694 2230 2747 Et
2276 2692 2645 2747 triturabitur
2685 2693 2852 2747 Moab
2910 2694 3021 2748 sub
3078 2712 3167 2761 eo,
3199 2694 3351 2749 sicut
3410 2700 3679 2749 teruntur

2026 2781 2203 2853 paleae
2252 2782 2310 2836 in
2343 2781 2625 2853 plaustro.
2651 2806 2677 2832 »
2712 2783 2833 2836 Vox
2887 2782 3183 2854 propheta:
3232 2784 3303 2837 de
3355 2783 3586 2838 diabolo
3616 2788 3675 2838 et

2027 2870 2392 2942 principibus
2412 2870 2897 2926 illius.Triturare
2914 2875 3004 2925 est
3027 2872 3385 2926 terere.Sunt
3406 2872 3676 2942 quaedam

2026 2960 2312 3031 regiones,
2336 2961 2395 3015 in
2427 2961 2643 3031 quibus
2665 2962 2827 3015 deest
2851 2962 3071 3028 fenum,
3097 2960 3457 3018 habitatores
3478 2964 3674 3016 autem

2028 3048 2262 3104 illarum
2305 3055 2661 3122 congregant
2699 3049 2985 3105 stramina
3023 3049 3261 3121 frugum
3315 3066 3557 3105 suarum
3615 3049 3676 3104 in

2028 3156 2256 3211 campo,
2276 3144 2333 3195 et
2358 3140 2657 3194 deducunt
2687 3139 2803 3195 huc
2828 3143 3002 3209 atque
3031 3137 3170 3193 illuc
3189 3138 3521 3210 plaustrum
3541 3155 3677 3193 cum

339 3252 367 3277 «
395 3228 463 3283 Ft
492 3228 664 3283 faciet
693 3228 974 3283 Dominus
996 3227 1356 3284 exercituum
1379 3230 1655 3285 omnibus
1686 3229 1917 3303 populis
1945 3210 1993 3278 (ἶ
2031 3229 2271 3284 serratis
2304 3229 2446 3285 rotis
2478 3246 2657 3301 super
2692 3227 2995 3295 stramina,
3030 3227 3443 3283 comminuunt
3471 3226 3589 3293 illa,
3617 3230 3681 3282 ut

264 3316 326 3371 in
360 3321 557 3373 monte
586 3316 697 3372 hoc
730 3316 1079 3373 convivium.
1108 3340 1135 3366 »
1173 3318 1500 3374 Revertitur
1530 3318 1816 3390 propheta
1844 3320 1916 3375 ad

265 3406 428 3461 diem
451 3404 687 3476 judicii,
708 3409 766 3461 et
796 3405 968 3461 faciet
998 3406 1059 3460 in
1092 3406 1186 3462 die
1215 3407 1735 3479 videlicetjudicii.
1755 3409 1918 3475 Quod

265 3501 467 3551 autem
523 3494 668 3551 dicit
723 3495 1023 3563 omnibus,
1063 3496 1515 3569 synecdochicos
1573 3497 1852 3570 loquitur,
1886 3516 1921 3555 a

262 3590 431 3658 parte
460 3588 651 3640 totum
698 3601 945 3657 ponens-
977 3584 1265 3641 Omnibus
1297 3586 1455 3641 enim
1498 3586 1732 3660 populis
1780 3586 1921 3643 dicit

259 3673 541 3729 omnibus
571 3673 792 3741 electis,
828 3674 887 3729 in
935 3679 1133 3730 monte
1177 3674 1307 3743 hoc,
1338 3675 1395 3731 id
1428 3681 1537 3743 est,
1570 3676 1630 3730 in
1660 3676 1919 3751 Ecclesia

258 3762 426 3837 regni
459 3762 732 3819 cozlestis.
755 3762 858 3818 Vel
890 3764 949 3818 in
973 3769 1171 3819 monte
1192 3764 1323 3832 hoc,
1348 3765 1406 3819 id
1436 3770 1525 3820 est
1552 3783 1730 3838 super
1760 3783 1921 3820 mon-

256 3858 379 3907 tem
413 3851 643 3919 Oliveti,
675 3869 853 3925 super
882 3869 1059 3924 quem
1100 3853 1389 3909 Dominus
1426 3854 1619 3909 veniet
1648 3854 1708 3908 in
1740 3854 1914 3907 nube.

259 3941 389 3997 Non
423 3945 619 3995 tamen
642 3942 714 3996 ad
748 3945 933 3997 terras
955 3942 1292 4011 descendet,
1315 3944 1415 3998 sed
1437 3942 1497 3998 in
1520 3943 1710 4015 spatio
1739 3943 1918 4013 hujus

255 4030 414 4086 neris
443 4029 694 4085 sedebit.
729 4031 799 4086 Et
828 4030 1002 4102 quale
1042 4031 1369 4087 convivium
1410 4033 1761 4105 przeparabit
1789 4034 1917 4089 eis?

256 4141 289 4169 «ί
318 4118 665 4174 Convivium
725 4119 1060 4192 pinguium,
1093 4125 1151 4176 et
1191 4121 1498 4177 vindemiae
1556 4122 1861 4178 defaecata.
1887 4146 1914 4172 »

252 4209 388 4265 me
421 4214 879 4280 purgamentum
900 4209 1019 4265 vini
1046 4213 1154 4265 est.
1175 4209 1484 4266 Vindemia
1507 4211 1801 4279 defamata,
1827 4216 1918 4267 est

248 4297 462 4353 vinum
496 4313 712 4369 purum
746 4296 872 4353 sine
902 4299 1059 4353 fmee.
1082 4299 1677 4356 Animadvertendum
1699 4305 1788 4356 est
1812 4318 1913 4356 au-

250 4391 398 4458 tem,
414 4386 575 4458 quod
607 4387 794 4441 sancti
828 4386 887 4441 in
926 4386 1027 4443 illa
1055 4387 1417 4445 beatitudine
1448 4407 1635 4462 neque
1666 4391 1915 4446 mandu-

250 4477 480 4532 cabunt
510 4492 700 4548 neque
741 4476 963 4544 bibent,
990 4478 1091 4533 sed
1124 4478 1253 4534 ideo
1284 4477 1428 4534 dicit
1463 4480 1547 4535 eis
1587 4480 1914 4535 convivium

2028 3317 2308 3374 animalia
2332 3317 2516 3373 levius
2545 3334 2614 3372 ea
2631 3317 2928 3372 ruminare
2958 3316 3208 3388 possint.
3230 3316 3325 3372 Sic
3351 3320 3683 3372 conteretur

2030 3408 2200 3464 Moab
2230 3408 2339 3463 sub
2371 3424 2459 3474 eo,
2487 3407 2544 3460 id
2568 3410 2657 3462 est
2678 3406 2790 3461 sub
2812 3405 3045 3461 Christo
3067 3404 3127 3459 in
3150 3404 3242 3459 die
3255 3405 3486 3476 judicii.
3512 3406 3680 3461 Moab

2030 3497 2187 3552 ﬁlius
2221 3497 2330 3551 fuit
2360 3495 2507 3551 Loth
2537 3495 2851 3565 (Gcn.x1x),
2878 3512 2911 3550 a
2949 3510 3064 3565 quo
3097 3493 3363 3549 Moabitae
3394 3493 3680 3565 originem

2028 3591 2439 3659 sumpserunt:
2462 3586 2811 3657 fueruntque
2834 3582 2971 3639 filiis
2994 3581 3170 3637 Israel
3191 3598 3424 3653 semper
3443 3582 3675 3636 infensi.

2028 3678 2174 3733 Nam
2205 3694 2340 3731 cum
2380 3676 2450 3730 de
2496 3675 2832 3747 Egyptiaca
2862 3672 3136 3727 servitute
3187 3670 3430 3725 Domino
3481 3675 3678 3742 prote-

2027 3772 2199 3838 gente
2229 3767 2471 3835 exirent,
2497 3767 2552 3818 et
2590 3762 3127 3834 appropinquarent
3165 3758 3385 3830 regioni
3416 3758 3675 3827 illorum,

2028 3856 2165 3910 fecit
2195 3870 2433 3926 peccare
2464 3868 2564 3906 eos
2594 3856 2798 3905 contra
2826 3849 3142 3903 Dominum
3167 3847 3369 3903 Balath
3398 3865 3495 3903 rex
3523 3848 3678 3903 Moa-

2027 3941 2573 4013 bitarum,consilio
2612 3938 2847 3994 Balaam
2888 3936 3093 3991 harioli
3127 3954 3272 3991 usus
3305 3934 3488 4005 (Nam.
3521 3940 3674 4005 xxv).

2030 4032 2277 4101 Ideoque
2309 4046 2410 4101 per
2440 4027 2610 4082 Moab
2643 4026 2925 4101 debemus
2966 4023 3025 4077 in
3064 4023 3174 4079 hoc
3214 4023 3338 4079 loco
3376 4024 3676 4079 diabolum

2024 4119 2369 4191 intelligere,
2395 4115 2494 4188 qui
2525 4131 2759 4186 semper
2789 4112 2990 4180 Israel,
3012 4112 3070 4167 id
3100 4115 3189 4168 est
3216 4112 3552 4185 electis,qui
3577 4130 3679 4184 per

2026 4208 2203 4265 Israel
2225 4206 2556 4279 signantur,
2582 4200 2913 4259 contrarius
2941 4200 3189 4257 exsistit.
3217 4203 3280 4255 In
3304 4202 3397 4257 dic
3425 4218 3678 4273 namque

2024 4296 2265 4354 extremi
2281 4295 2493 4368 judicii
2511 4296 2844 4350 conteretur
2858 4289 3147 4359 diabolus,
3163 4295 3220 4345 et
3241 4290 3535 4363 principes
3550 4292 3679 4363 ejus

2025 4390 2135 4444 sub
2156 4386 2406 4455 Christo,
2431 4384 2606 4441 sicuti
2630 4385 2901 4439 teruntur
2920 4379 3097 4452 palea:
3130 4380 3189 4433 in
3222 4380 3525 4451 plaustris.
3554 4402 3575 4429 α
3609 4382 3679 4436 Et

2025 4478 2181 4534 sicut
2209 4476 2471 4533 extendit
2496 4477 2706 4530 natans
2744 4471 2817 4526 ad
2860 4469 3204 4525 natandum.
3232 4489 3261 4516 »
3285 4467 3369 4522 Ita
3406 4468 3678 4523 extendet

251 4564 600 4638 praeparari,
624 4564 765 4637 quia
794 4566 1073 4622 omnibus
1102 4566 1327 4623 deliciis
1357 4571 1414 4623 et
1443 4568 1729 4625 suavitate
1762 4568 1916 4642 pleni
1946 4578 1995 4644 Β
2026 4566 2297 4623 diabolus
2328 4581 2540 4620 manus
2571 4578 2709 4616 suas
2743 4560 2851 4615 sub
2885 4574 2973 4627 eo,
2998 4557 3107 4611 hoc
3138 4559 3245 4644 est,
3279 4556 3390 4611 sub
3421 4555 3673 4611 Christo.

252 4659 451 4723 erunt,
478 4659 539 4710 et
568 4654 735 4711 nulla
764 4672 826 4711 re
857 4673 1119 4728 unquam
1151 4657 1520 4729 indigebunt.
1809 4715 1823 4722 ,

324 4770 349 4793 ‹‹
387 4746 461 4800 Et
491 4744 880 4817 praecipitabit
920 4745 1207 4802 Dominus
1239 4747 1298 4801 in
1330 4751 1526 4802 monte
1565 4747 1675 4803 isto
1707 4748 1914 4803 faciem

248 4833 477 4889 vinculi
500 4832 818 4907 colligati.»
837 4836 1002 4903 Quod
1025 4835 1276 4907 appellat
1296 4834 1617 4904 vinculum,
1642 4836 1748 4893 hoc
1769 4855 1918 4893 mor-

249 4929 393 4990 tem,
424 4922 539 4978 hoc
569 4922 770 4979 telam.
795 4923 1113 4979 Vinculum
1144 4924 1301 4981 enim
1327 4926 1534 4982 mortis
1556 4927 1711 4998 quod
1743 4945 1777 4981 a
1806 4928 1917 4998 pri-

251 5030 352 5069 mo
381 5017 633 5084 parente
674 5017 875 5069 nostro
906 5013 1076 5085 quasi
1124 5013 1241 5069 tela
1285 5014 1542 5070 orditum
1591 5020 1698 5082 est,
1739 5032 1917 5087 super

252 5119 431 5158 omne
453 5118 644 5174 genus
659 5102 986 5159 humanum
1005 5102 1391 5175 prmcipitabit
1408 5104 1712 5177 Dominus,
1728 5105 1786 5160 id
1804 5109 1913 5172 est,

251 5192 527 5247 destruet
559 5191 616 5245 in
639 5192 731 5247 die
750 5192 960 5264 judicii
986 5209 999 5246 :
1026 5190 1276 5247 reddens
1296 5208 1500 5248 omnes
1531 5193 1911 5263 immortales,

248 5286 379 5337 tam
413 5280 633 5337 electos
663 5297 842 5353 quam
876 5281 1174 5353 reprobos.
1198 5281 1351 5337 Justi
1374 5281 1530 5336 enim
1553 5282 1915 5338 immortales

251 5368 514 5425 eruntin
532 5368 738 5441 gloria,
753 5372 809 5424 et
832 5368 998 5440 impii
1015 5369 1073 5423 in
1091 5368 1407 5441 supplicio:
1426 5373 1484 5424 et
1500 5374 1703 5441 postea
1725 5386 1915 5441 neque

251 5475 421 5514 mors
443 5458 707 5530 corporis
738 5475 927 5531 neque
957 5457 1165 5513 animm
1187 5458 1317 5529 erit,
1333 5459 1485 5514 sicut
1505 5458 1645 5513 dicit
1670 5461 1912 5531 Aposto-

248 5546 352 5604 lus
375 5565 429 5603 ;ι‹
455 5547 748 5621 Absorpta
777 5552 867 5604 est
910 5564 1071 5604 mors
1102 5548 1162 5603 in
1191 5545 1430 5603 victoria
1459 5547 1685 5603 Christio
1704 5550 1751 5618 (Ι
1782 5549 1911 5605 Cor.

244 5642 373 5712 xv).
392 5660 423 5688 »
446 5636 612 5696 Sicut
630 5638 810 5698 etiam
830 5636 1131 5696 vinculum
1160 5637 1365 5694 mortis
1385 5643 1442 5695 et
1459 5637 1638 5696 telam
1660 5638 1916 5714 appellat

2026 4656 2266 4722 Quando
2298 4654 2518 4709 labitur
2546 4648 2761 4720 aliquis
2791 4648 2861 4701 de
2893 4643 3295 4721 superioribus
3317 4644 3389 4699 ad
3422 4644 3560 4712 ima,
3587 4661 3677 4698 ex-

2023 4744 2207 4800 tensis
2237 4742 2512 4798 manibus
2544 4736 2679 4807 ruit,
2702 4733 2877 4790 sicuti
2909 4733 3010 4804 qui
3044 4737 3223 4787 natat.

2099 4858 2124 4882 ‹‹
2151 4835 2220 4888 Et
2250 4828 2588 4886 humiliabit
2612 4825 2901 4881 Dominus
2921 4822 3169 4895 gloriam
3196 4847 3217 4871 υ
3244 4822 3459 4878 diaboli
3491 4822 3549 4876 in
3582 4823 3675 4877 die

2025 4923 2127 4977 illa
2148 4946 2174 4971 ‹‹
2201 4937 2335 4974 cum
2368 4916 2686 4983 allisione,»
2714 4914 2822 4970 hoc
2854 4917 2945 4969 cst
2968 4911 3315 4968 contritione
3341 4934 3367 4960 «
3394 4928 3673 4965 manuum

2024 5012 2155 5083 ejus
2191 5033 2211 5059 ν
2256 5008 2314 5062 id
2364 5012 2453 5063 est
2508 5004 2906 5078 operationem
2955 5002 3102 5073 ejus.
3138 5001 3260 5055 «Et
3308 4999 3676 5055 munimenta

1984 5104 1989 5109 ”
2024 5098 2368 5158 sublimium
2400 5112 2705 5151 murorum
2737 5098 2973 5150 tuorum
2996 5091 3321 5148 concident.
3352 5091 3671 5161 »Apostro-

2023 5191 2200 5262 pham
2220 5188 2358 5243 facit
2375 5185 2660 5259 propheta
2675 5185 2745 5239 ad
2765 5183 2959 5255 ipsum
2978 5179 3303 5252 principem
3316 5179 3669 5263 daemonum.

2025 5279 2390 5336 Munimenta
2415 5273 2651 5341 diaboli,
2677 5276 2817 5327 sunt
2839 5268 3119 5326 satellites
3140 5268 3288 5338 ejus.
3314 5268 3518 5322 Murus
3538 5285 3673 5323 vero

2024 5369 2185 5424 illius
2218 5366 2487 5421 homines
2508 5378 2788 5433 sequaces
2808 5361 2957 5430 ejus,
2977 5358 3077 5429 qui
3100 5374 3235 5413 eum
3262 5357 3474 5413 imitati
3496 5362 3635 5414 sunt
3656 5373 3670 5412 :

2024 5458 2239 5531 quibus
2256 5456 2381 5527 ipse
2403 5451 2571 5524 quasi
2591 5466 2759 5504 muro
2784 5447 3035 5503 vallatus
3057 5451 3165 5503 est.
3191 5446 3253 5502 In
3278 5447 3370 5503 die
3388 5445 3596 5520 judicii
3618 5451 3675 5503 et

2023 5550 2149 5622 ipse
2180 5551 2237 5603 et
2266 5541 2525 5600 ministri
2556 5540 2706 5613 ejus,
2741 5554 3005 5610 quosque
3039 5535 3166 5610 ipse
3194 5537 3440 5611 decepit,
3474 5537 3672 5595 conci-

2025 5642 2165 5701 dent
2193 5638 2253 5695 in
2286 5632 2630 5694 barathrum
2659 5632 2883 5689 aeternae
2915 5625 3330 5687 damnationis.
