4090 6192
433 312 550 372 839

513 557 535 586 α
569 535 635 590 In
667 533 760 588 die
789 530 890 586 illa
919 529 1258 584 cantabitur
1286 527 1581 584 canticum
1631 525 1786 580 istud
1827 523 1884 579 in
1928 527 2085 578 terra

436 625 641 682 Juda.»
661 622 852 676 Potest
872 619 982 673 hoc
1001 616 1202 673 referri
1227 621 1284 672 et
1303 617 1374 671 ad
1401 618 1742 688 praesentem
1763 611 2080 668 Ecclesiam

437 718 493 768 et
516 725 1000 782 supernam,quae
1021 707 1079 761 in
1100 705 1421 778 diejudlcii
1446 703 1854 775 complebitur.
1869 702 2084 756 Sancta

435 799 692 856 Ecclesia
711 799 886 853 modo
911 795 1204 851 canticum
1239 811 1452 849 novum
1475 796 1694 859 cantat,
1715 791 1854 846 dum
1882 787 2084 844 nativi-

434 893 611 946 tatem
630 885 884 954 Domini,
901 885 1256 958 passionem,
1275 882 1779 948 resurrectionem,
1796 877 2086 935 ascensio-

436 993 687 1050 nemque
717 975 846 1046 ejus
879 974 950 1028 ad
992 971 1167 1027 cmlos
1198 969 1492 1026 laudando
1525 968 1818 1041 praedicat,
1851 970 1910 1021 et
1939 966 2081 1020 dum

435 1067 593 1124 canit
623 1065 838 1121 electos
867 1061 1044 1117 caelos
1073 1064 1397 1133 penetrare.
1419 1058 1662 1112 Vetusta
1690 1055 1846 1112 enim
1881 1071 1972 1110 res
1993 1057 2085 1108 est

435 1156 705 1212 homines
721 1153 790 1208 ad
814 1149 1024 1206 inferni
1047 1149 1304 1205 claustra
1322 1147 1696 1216 descendere,
1717 1161 1864 1199 nova
1883 1147 2081 1198 autem

436 1244 612 1301 caelos
658 1243 980 1314 penetrare.
1005 1259 1033 1287 «
1063 1237 1214 1292 Urbs
1253 1233 1613 1291 fortitudinis
1651 1237 1854 1288 nostra
1891 1231 2028 1287 Sion
2064 1246 2079 1286 :

438 1333 690 1388 salvator
720 1332 970 1401 ponetur
998 1326 1055 1380 in
1089 1342 1157 1380 ea
1196 1341 1402 1378 murus
1431 1328 1490 1378 et
1519 1321 1940 1378 antemurale.»
1961 1320 2084 1374 Vox

429 1423 729 1493 justorum
778 1417 897 1472 sive
928 1415 984 1469 in
1017 1413 1288 1486 praesenti
1335 1412 1592 1468 Ecclesia
1621 1411 1740 1466 sive
1771 1411 1830 1464 in
1863 1410 2085 1465 futura;

437 1509 608 1575 Urbs,
625 1507 680 1562 id
705 1510 791 1562 est
813 1503 1092 1576 protectio
1111 1506 1448 1556 sanctorum
1465 1499 1734 1555 Christus
1752 1502 1860 1565 est,
1875 1497 1975 1570 qui
1997 1497 2083 1552 eis

439 1595 838 1653 fortitudinem
874 1595 1108 1665 praestat
1133 1591 1284 1644 inter
1314 1590 1574 1657 adversa,
1599 1593 1657 1644 et
1685 1587 1810 1661 ipse
1839 1591 1930 1642 est
1960 1602 2086 1642 mu-

436 1704 538 1742 rus
561 1684 793 1740 illorum
812 1686 870 1736 et
889 1678 1375 1750 antemuralc,qui
1397 1671 1495 1733 eos
1517 1677 1709 1732 munit
1731 1682 1788 1732 et
1803 1675 2082 1732 defendit.

432 1774 536 1828 Vel
567 1772 739 1829 etiam
767 1769 1058 1843 prophetae
1080 1766 1445 1823 antemurale
1466 1767 1794 1835 fuerunt,et
1813 1765 2084 1821 Christus
2111 1801 2159 1866 Β

434 1880 662 1920 murus.
683 1860 781 1915 Vel
806 1859 1011 1914 aliter:
1035 1856 1408 1912 Antemurale
1439 1861 1528 1911 est
1555 1857 1719 1924 ﬁdes,
1747 1872 1954 1910 murus
1985 1870 2081 1909 au-

431 1958 550 2008 tem
589 1948 868 2023 operatio.
899 1947 984 2002 Ab
1030 1945 1158 2019 ipso
1197 1945 1354 2001 enim
1393 1949 1450 2001 et
1487 1944 1632 2002 velle
1671 1948 1728 2000 et
1767 1960 1937 2017 posse
1976 1943 2080 1998 ha-

431 2042 662 2111 bemus.

503 2153 531 2180 «
564 2127 794 2201 Aperite
824 2129 1080 2198 portas.»
1103 2123 1226 2179 Vox
1259 2123 1354 2178 Dei
1389 2123 1458 2177 ad
1494 2122 1732 2194 angelos
1767 2139 1778 2176 :
1813 2123 1856 2177 Ο
1888 2120 2078 2195 angeli

431 2219 569 2287 mei,
593 2217 811 2289 aperite
837 2219 1054 2287 portas’,
1087 2212 1438 2268 subauditur
1477 2209 1720 2281 justitize
1769 2213 1826 2264 et
1882 2212 2080 2280 portas

431 2307 648 2381 gloriae,
664 2309 728 2361 ut
748 2302 1109 2376 ingrediatur
1129 2317 1272 2373 gens
1291 2301 1477 2370 justa,
1493 2299 1550 2353 id
1575 2302 1663 2354 est
1683 2314 1888 2353 omnes
1913 2297 2080 2352 electi

431 2397 570 2464 mei,
617 2394 714 2466 qui
756 2391 1162 2448 custodierunt
1213 2387 1510 2443 veritatem
1567 2385 1883 2458 Evangelii.
1917 2385 2080 2440 Sicut

430 2486 587 2542 enim
616 2487 793 2556 porta:
815 2479 1084 2552 justitiae,
1107 2479 1190 2532 ita
1219 2477 1427 2532 mortis
1447 2473 1873 2547 etiniquitatis.
1899 2473 2078 2528 Porta":

422 2574 669 2648 justitim
701 2575 840 2627 sunt
870 2569 1034 2636 fides,
1069 2566 1346 2633 cbaritas,
1385 2563 1710 2628 humilitas,
1747 2566 2080 2634 caeterzeque

429 2664 696 2720 virtutes.
724 2661 902 2715 Portze
961 2673 1094 2713 vero
1150 2655 1359 2710 mortis
1411 2657 1468 2709 et
1529 2651 1858 2725 iniquitatis
1915 2655 2076 2716 sunt,

431 2753 654 2820 odium,
690 2747 950 2815 avaritia,
983 2750 1041 2802 et
1074 2749 1283 2800 czetera
1312 2743 1470 2798 vitia.

502 2865 530 2892 ‹‹
567 2842 746 2896 Vetus
776 2853 938 2893 error
985 2833 1147 2901 abiit,
1171 2831 1431 2888 servabis
1480 2846 1704 2903 pacem.
1733 2853 1759 2878 »
1780 2828 1902 2884 Vox
1930 2827 2077 2883 elec-

433 2937 650 2988 torum.
671 2927 851 2983 Vetus
879 2941 1040 2982 error
1060 2927 1168 2990 est,
1195 2923 1435 2976 adorare
1458 2919 1613 2975 idola
1643 2919 1998 2984 manufacta,
2023 2920 2080 2972 et

429 3023 754 3077 creaturam
788 3028 1120 3088 przeponere
1140 3009 1404 3066 creatori.
1424 3008 1626 3064 Dicent
1646 3024 1782 3080 ergo
1804 3005 1989 3062 sancti
2017 3005 2077 3060 in

431 3108 523 3164 die
545 3105 753 3176 judicii
789 3120 802 3158 :
838 3103 882 3158 Ο
912 3101 1158 3156 Domine
1187 3100 1522 3169 redemptor
1551 3096 1908 3166 noster,jam
1940 3095 2080 3166 quia

425 3199 595 3250 vetus
623 3207 783 3246 error
812 3189 983 3261 longe
1013 3185 1253 3242 recessit
1281 3203 1315 3240 a
1345 3185 1538 3250 nobis,
1560 3189 1616 3239 et
1647 3184 1704 3238 in
1736 3187 1792 3238 te
1823 3183 2074 3256 speravi-
2103 3167 2149 3233 C

431 3298 586 3348 mus,
609 3277 868 3335 servabis
899 3290 1099 3348 pacem
1133 3277 1406 3327 aeternam
1431 3273 1620 3340 nobis,
1644 3276 1702 3327 et
1729 3272 1990 3344 corporis
2019 3275 2078 3327 et

431 3369 660 3424 animas.

505 3479 532 3508 ‹‹
553 3453 848 3529 Sperastis
870 3453 927 3508 in
952 3451 1257 3518 Domino,»
1275 3468 1308 3506 ο
1331 3451 1516 3506 sancti
1539 3455 1595 3506 et
1614 3450 1777 3507 electi
1801 3451 2033 3508 Domini
2058 3468 2072 3506 :

430 3571 458 3597 «
493 3547 550 3601 in
583 3542 812 3601 saeculis
842 3549 899 3599 et
927 3543 988 3598 in
1034 3544 1404 3614 perpetuum,
1434 3562 1460 3589 ››
1492 3541 1778 3597 subaudis
1823 3545 2072 3613 sperate.

427 3635 547 3693 Vox
578 3633 891 3708 prophetm.

499 3749 526 3776 «
552 3724 698 3792 Quia
733 3721 1062 3778 incurvabit
1090 3720 1422 3776 habitantes
1451 3719 1509 3774 in
1541 3719 1834 3775 excelso.»
1858 3721 1936 3774 De
1966 3721 2074 3776 Ju-

428 3815 568 3871 dzeis
589 3814 762 3870 modo
783 3811 1047 3885 loquitur
1067 3810 1368 3883 propheta,
1393 3813 1449 3865 et
1469 3810 1541 3864 ad
1565 3825 1631 3865 ea
1654 3827 1781 3881 qua:
1803 3809 2077 3882 superius

427 3903 574 3960 dixit
597 3903 666 3958 de
687 3901 908 3957 sanctis
930 3899 1201 3972 pertinet.
1223 3900 1461 3971 Sperate
1481 3898 1538 3953 in
1562 3898 1830 3953 Domino.
1849 3897 2076 3964 Quare?

427 3991 576 4059 Quia
605 3989 954 4054 incurvabit,
979 3988 1038 4042 id
1069 3992 1157 4042 est
1177 3987 1514 4043 liumiliabit
1541 3987 1794 4055 Judz-ros,
1820 3987 1919 4059 qui
1949 4003 2078 4042 nos-

427 4079 536 4136 tris
566 4075 1076 4150 praedicationibus
1105 4076 1380 4131 contrarii
1413 4077 1778 4133 exstiterunt.

499 4190 526 4216 ‹‹
562 4164 942 4220 Conculcabit
986 4180 1138 4228 eam,
1174 4186 1202 4212 ››
1235 4165 1520 4220 subaudis
1569 4165 1882 4221 civitatem.
1909 4187 1937 4217 «
1969 4167 2076 4222 Pes

428 4251 723 4326 pauperis.
747 4275 767 4298 ι»
796 4252 876 4306 De
897 4251 1228 4322 captivitate
1249 4256 1305 4307 et
1333 4252 1728 4309 destructione
1755 4255 2074 4327 Hierosoly-

429 4357 656 4397 morum
692 4339 1058 4412 temporibus
1073 4338 1413 4410 Vespasiani
1440 4341 1590 4395 facta
1623 4341 1883 4414 loquitur
1903 4343 2074 4398 modo

427 4429 710 4505 propheta
730 4447 742 4486 :
767 4428 1072 4501 alloquens
1093 4427 1386 4500 apostolos
1405 4433 1463 4485 et
1482 4428 1747 4486 doctores
1769 4431 2073 4502 primitivae

855 307 1262 370 HAYMONIS
1292 304 1835 368 HALBERSTAT.
1867 297 2115 368 EPISC.
2148 298 2319 360 OPP.
2351 299 2556 364 PARS
2585 298 2634 362 Ι.
2667 335 2747 346 -
2773 299 3178 364 COMMENT.
3211 299 3412 362 BIBL.

2109 432 2165 500 Α

3715 297 3839 363 840

2261 455 2289 481 ‹‹
2323 432 2546 488 Semita
2593 433 2742 506 justi
2801 438 2956 490 recta
3010 437 3118 490 est.
3145 455 3174 482 ››
3205 432 3327 488 Vox
3381 431 3699 506 prophetae.
3735 431 3842 488 Per

2190 521 2461 577 semitam
2502 526 2562 576 et
2609 521 2814 578 callem
2864 539 3048 578 unum
3099 521 3548 595 intelligendum
3596 525 3708 587 est,
3731 520 3840 578 hoc

2189 613 2300 676 est,
2323 609 2656 682 evangelica
2678 609 2962 666 doctrina.
2987 611 3209 666 Semita
3232 625 3390 683 ergo,
3412 609 3523 664 hoc
3544 614 3634 664 est
3663 609 3844 664 Evan-

2192 696 2409 768 gelium
2439 697 2650 752 Christi
2686 703 2907 753 rectum
2929 701 3037 765 est,
3061 697 3214 769 quod
3247 715 3283 752 a
3309 696 3550 752 veritate
3582 696 3842 768 procedit

2193 803 2319 857 quae
2350 791 2440 840 est
2471 786 2740 843 Christus
2769 789 2946 856 (Joan.
2980 789 3117 858 x1v).

2265 899 2292 924 ‹‹
2332 875 2394 930 In
2437 877 2646 932 semita
2679 877 3040 947 judiciorum
3088 880 3347 941 tuorum,
3392 873 3661 945 Domine,
3706 890 3841 929 sus-

2193 964 2482 1020 tinuimus
2511 968 2588 1020 te.
2614 987 2642 1014 »
2674 964 2795 1020 Vox
2837 965 3153 1020 electorum
3184 963 3244 1019 in
3276 963 3370 1019 die
3391 961 3624 1035 judicii.
3649 960 3839 1018 Semi-

2193 1057 2314 1108 tam
2353 1053 2450 1108 hic
2476 1057 2644 1109 vocat
2697 1053 3097 1127 Evangelium,
3133 1051 3232 1108 ubi
3283 1051 3482 1108 omnia
3525 1051 3758 1122 judicia
3785 1057 3843 1108 et

2193 1146 2481 1215 praecepta
2520 1147 2639 1198 tam
2671 1141 2896 1199 Veteris
2925 1140 3285 1198 Testamenti
3316 1157 3491 1214 quam
3522 1141 3664 1196 Novi
3697 1157 3841 1196 con-

2192 1236 2424 1287 nentur.

2263 1342 2291 1369 «
2325 1319 2536 1374 Anima
2565 1336 2695 1376 mea
2723 1320 3079 1376 desiderabit
3109 1323 3165 1375 te
3201 1320 3262 1375 in
3294 1323 3485 1385 nocte,
3511 1341 3538 1368 ››
3570 1319 3627 1374 id
3660 1323 3752 1378 est
3779 1319 3839 1375 in

2191 1407 2569 1464 tribulatione
2596 1425 2608 1464 :
2639 1425 2825 1482 usque
2854 1433 2882 1460 ‹‹
2916 1408 3167 1481 vigilabo
3197 1409 3268 1463 ad
3301 1413 3415 1464 te.»
3437 1407 3557 1462 Vox
3588 1407 3840 1481 prophe-

2191 1502 2284 1552 tae.
2317 1497 2468 1553 Dicit
2496 1499 2654 1554 enim
2679 1515 2692 1554 :
2719 1499 2886 1555 Certe
2914 1503 2972 1554 et
3000 1498 3060 1553 in
3091 1501 3280 1568 nocte,
3307 1497 3418 1553 hoc
3446 1501 3536 1552 est
3566 1496 3627 1552 in
3661 1497 3845 1552 tribu-

2193 1587 2410 1643 latione
2447 1604 2458 1643 :
2501 1593 2560 1644 et
2602 1604 2796 1657 mane,
2827 1587 2937 1644 hoc
2984 1592 3094 1655 est,
3127 1587 3187 1642 in
3238 1585 3648 1661 prosperitate,
3683 1601 3844 1642 sem-

2193 1693 2297 1748 per
2323 1675 2598 1750 vigilabo,
2643 1677 2986 1734 desiderans
3034 1682 3090 1734 te
3135 1677 3350 1732 videre.
3381 1674 3484 1732 Vel
3514 1674 3688 1732 aliter
3715 1691 3730 1730 :
3762 1675 3846 1731 De

2193 1781 2365 1822 mane
2394 1765 2646 1840 vigilabo
2679 1767 2750 1822 ad
2773 1771 2849 1834 te,
2874 1767 2984 1822 hoc
3013 1771 3101 1823 est
3132 1767 3191 1822 in
3221 1781 3398 1838 opera
3425 1765 3844 1821 mandatorum

2191 1858 2427 1911 tuorum
2461 1859 2628 1912 nocte
2657 1860 2715 1912 et
2749 1855 2843 1912 die
2874 1855 3093 1922 laboro,
3117 1871 3362 1928 sperans
3388 1853 3697 1928 praemium
3731 1870 3764 1909 a
3787 1857 3845 1910 te

2189 1943 2464 2016 recipere.
2491 1967 2518 1996 ‹‹
2553 1944 2700 2000 Cum
2729 1944 2934 2002 feceris
2965 1943 3194 2016 judicia
3223 1947 3326 1999 tua
3365 1943 3424 1999 in
3457 1947 3636 2010 terra,
3660 1943 3843 2014 justi-

2190 2031 2329 2088 tiam
2364 2034 2592 2089 discent
2626 2033 2988 2089 habitatores
3017 2033 3199 2089 orbis.
3229 2055 3258 2082 »
3280 2031 3402 2088 Vox
3431 2030 3751 2104 prophetae,
3771 2031 3848 2087 de

2187 2121 2406 2178 Judaeis
2442 2141 2455 2179 :
2489 2122 2532 2178 Ο
2565 2123 2718 2178 Deus
2749 2126 2808 2177 et
2852 2123 3144 2178 immensa
3182 2120 3392 2194 pictas,
3423 2120 3688 2192 quandiu
3725 2136 3841 2176 non

2190 2212 2332 2267 facis
2355 2211 2582 2284 judicia
2625 2216 2729 2268 tua
2767 2228 2946 2284 super
2985 2210 3344 2266 habitatores
3383 2209 3564 2278 orbis,
3595 2225 3716 2264 non
3745 2225 3843 2265 co-

2187 2301 2486 2372 gnosceris
2516 2300 2590 2356 ab
2622 2299 2860 2373 impiis?
2891 2300 3151 2367 Pcrcute,
3186 2298 3380 2371 inquit
3409 2297 3715 2371 propheta,
3740 2298 3846 2352 im-

2188 2390 2336 2462 pios.
2370 2394 2428 2446 et
2459 2390 2688 2446 discent
2715 2393 2849 2445 tuas
2879 2387 3056 2461 leges.

2262 2502 2288 2530 ‹‹
2323 2480 2707 2534 Misereamur
2745 2477 2946 2550 impio.
2973 2499 3001 2527 »
3024 2476 3147 2532 Vox
3191 2475 3484 2550 prophetae
3511 2475 3584 2532 de
3616 2476 3840 2548 impiis,

2188 2573 2392 2640 estque
2442 2567 2924 2640 distinguendum
2955 2583 3060 2638 per
3088 2566 3604 2638 interrogationem
3638 2570 3698 2620 et
3729 2581 3844 2621 res-

2187 2656 2552 2730 ponsionem.
2569 2657 2720 2711 Dicit
2741 2656 3050 2712 Dominus:
3071 2655 3116 2710 O
3133 2655 3436 2728 propheta,
3451 2653 3846 2710 misereamur

2188 2747 2390 2820 impio,
2416 2750 2480 2801 ut
2511 2749 2646 2818 agat
2674 2745 3098 2817 pmnitentiam.
3125 2745 3194 2799 Et
3224 2743 3526 2816 propheta.
3555 2766 3586 2792 ‹‹
3623 2742 3696 2798 Et
3727 2759 3843 2798 non

2187 2836 2416 2891 discent
2447 2836 2634 2890 facere
2675 2833 3015 2906 justitiam?
3038 2855 3066 2883 »
3088 2835 3160 2889 Et
3196 2835 3286 2888 est
3333 2849 3543 2888 sensus
3576 2849 3590 2888 :
3624 2833 3697 2887 Et
3725 2847 3844 2886 non

2187 2925 2459 2981 ostendes
2493 2923 2578 2979 eis
2606 2928 2767 2979 tuam
2799 2922 3143 2994 potentiam.
3167 2926 3328 2977 Certe
3359 2920 3530 2976 aliter
3567 2937 3688 2976 non
3719 2937 3844 2976 cre-

2188 3015 2346 3083 dent,
2374 3011 2488 3069 nisi
2511 3028 2610 3069 eos
2640 3010 3041 3084 ﬂagellaveris.
3064 3009 3420 3083 Addiditque
3449 3010 3739 3083 propheta
3767 3009 3847 3065 lo-

2187 3119 2374 3174 quens
2399 3119 2412 3158 :
2435 3126 2461 3152 «
2489 3103 2553 3157 In
2584 3105 2738 3157 terra
2767 3104 3105 3157 sanctorum
3137 3099 3343 3172 iniqua
3371 3098 3613 3172 gessit.»
3636 3098 3844 3154 Since-

2189 3191 2462 3248 dochicos
2493 3207 2596 3264 per
2640 3207 2846 3260 unum,
2870 3206 3074 3245 omnes
3123 3187 3353 3261 reprobi
3400 3185 3838 3260 intelliguntur.

2185 3282 2425 3338 Terram
2482 3285 2818 3336 sanctorum
2866 3283 3034 3336 vocat
3080 3275 3396 3350 apostolos,
3440 3279 3752 3347 martyres,
3785 3277 3843 3330 et

2184 3386 2388 3426 omnes
2419 3368 2779 3442 sanctos,qui
2813 3367 2886 3424 ab
2916 3367 3116 3440 impiis
3147 3364 3332 3422 multa
3369 3363 3655 3420 tulerunt.
3677 3365 3759 3418 Ac
3789 3363 3840 3418 si

2185 3459 2402 3515 diceret
2431 3475 2444 3513 :
2482 3457 2615 3514 Ideo
2661 3474 2776 3512 non
2809 3456 2988 3513 debes
3019 3472 3256 3530 parcere
3283 3453 3390 3520 illi,
3413 3453 3554 3526 quia
3595 3456 3836 3507 sanctos

2183 3547 2450 3621 peremit.
2479 3545 2834 3602 Condolebat
2853 3544 3011 3602 enim
3039 3543 3324 3617 propheta
3345 3541 3473 3598 neci
3494 3545 3841 3597 sanctorum

2184 3654 2311 3709 quae
2343 3636 2538 3691 futura
2567 3639 2710 3704 erat,
2745 3639 2802 3690 et
2831 3634 2998 3707 quasi
3030 3633 3386 3690 causabatur
3432 3647 3568 3686 cum
3615 3628 3741 3696 illo,
3777 3632 3846 3683 ut

2185 3727 2535 3782 interficeret
2563 3723 2820 3796 iniquos.
2844 3747 2871 3773 ‹‹
2903 3723 2975 3778 Et
3023 3739 3139 3778 non
3189 3719 3406 3776 videbit
3441 3717 3691 3791 gloriam
3725 3717 3844 3772 Do-

2185 3813 2351 3871 mini.
2383 3836 2410 3863 »
2432 3813 2555 3868 Vox
2587 3812 2716 3868 Filii
2750 3811 2851 3868 Dei
2881 3812 2953 3867 ad
2985 3809 3354 3884 prephetam.
3377 3807 3575 3864 Gloria
3600 3807 3703 3862 Dei
3733 3806 3844 3862 Pa-

2183 3905 2294 3960 tris
2317 3909 2406 3959 cst
2427 3901 2628 3970 Filius,
2643 3900 2738 3957 cui
2770 3901 2940 3956 Pater
2961 3915 3134 3956 omne
3157 3897 3451 3970 judicium
3473 3895 3636 3952 dedit
3654 3895 3840 3964 (Joaa.

2183 3996 2261 4062 v).
2288 3993 2394 4048 Per
2423 3990 2943 4064 interrogationem
2975 3987 3286 4062 legendum
3317 3991 3425 4043 est.
3445 3987 3518 4042 Et
3563 3989 3654 4040 est
3700 4000 3842 4039 sen-

2183 4098 2324 4140 sus:
2353 4080 2562 4136 Melius
2593 4084 2683 4136 est
2712 4083 2774 4135 ut
2793 4079 2987 4134 videat
3005 4075 3252 4151 gloriam
3276 4075 3378 4131 Dei
3401 4071 3606 4142 Patris,
3631 4071 3689 4126 id
3719 4077 3841 4138 est,

2184 4189 2276 4228 me
2308 4171 2366 4226 in
2398 4170 2492 4226 die
2528 4167 2764 4241 judicii,
2794 4171 2852 4223 et
2881 4166 3189 4222 erubescat
3238 4181 3416 4238 super
3463 4161 3636 4217 malis
3683 4161 3840 4217 suis.

2183 4260 2293 4315 Sed
2327 4257 2553 4332 quidei
2586 4255 2889 4330 respondit
2917 4253 3238 4328 propheta?

2255 4371 2283 4399 «
2311 4347 2571 4415 Domine,
2595 4345 2880 4401 exaltetur
2922 4360 3134 4400 manus
3162 4346 3324 4412 tua,»
3347 4341 3401 4396 id
3435 4343 3527 4396 est
3570 4338 3844 4412 potentia

2183 4443 2286 4493 tua
2316 4438 2375 4492 in
2407 4436 2499 4492 die
2521 4435 2732 4508 judicii
2754 4451 2932 4507 super
2958 4433 3172 4506 impios
3197 4449 3210 4487 :
3237 4456 3265 4482 ‹‹
3289 4434 3348 4488 et
3377 4447 3493 4486 non
3521 4429 3780 4496 videant,
3811 4451 3841 4477 ι»

427 4519 716 4576 Ecclesiae.
739 4519 799 4574 In
824 4517 1180 4590 quibusdam
1208 4517 1512 4572 codicibus
1541 4518 1908 4575 continetur:
1936 4537 2072 4576 con-

2194 4525 2467 4582 subaudis
2487 4523 2732 4597 gloriam
2751 4523 2851 4579 Dei
2881 4522 3212 4579 Patris.Hoc
3231 4519 3590 4578 obsecrative
3609 4517 3758 4572 dixit
3775 4521 3845 4573 et

426 4608 679 4665 culcabit
698 4624 826 4664 eam
849 4623 952 4680 pes
973 4605 1138 4678 pedis
1159 4607 1466 4679 pauperis:
1491 4608 1646 4679 quod
1670 4609 2076 4666 manifestissi-

426 4715 520 4752 me
538 4697 768 4750 videtur
789 4696 933 4750 falso
955 4696 1238 4766 scriptum
1264 4712 1412 4751 esse.
1438 4696 1531 4751 Sic
1553 4697 1709 4752 enim
1730 4699 1963 4754 vtdetur
1986 4716 2076 4754 so-

427 4801 585 4853 nare,
611 4785 778 4856 quasi
811 4800 912 4856 pes
954 4783 1165 4839 habeat
1207 4783 1456 4839 alterum
1501 4787 1729 4857 pedem.
1756 4787 2070 4859 Pauperem

424 4879 590 4930 vocat
619 4873 921 4928 Christum
953 4872 1054 4944 qui
1105 4889 1208 4944 pro
1257 4871 1426 4928 nobis
1474 4891 1698 4946 pauper
1749 4876 1939 4932 factus
1985 4880 2076 4932 est

425 4964 498 5032 (II
526 4963 648 5019 Cor.
671 4961 818 5034 VIII).
842 4962 1068 5034 Egenos
1098 4978 1230 5016 vero
1265 4961 1556 5032 apostolos
1581 4964 1678 5035 qui
1708 4965 1940 5020 Domini
1971 4965 2075 5020 hu-

425 5053 733 5109 militatem
768 5049 976 5105 imitati
1009 5054 1168 5105 sunt.
1200 5051 1268 5104 Et
1297 5053 1386 5105 est
1416 5067 1662 5108 sensus:
1697 5053 2076 5110 Conculcabit

424 5139 787 5197 Hierusalem
809 5139 1044 5211 pcs,hoc
1059 5138 1650 5212 esttransitus.Cujus
1668 5159 1768 5214 pes
1787 5142 1906 5198 sive
1925 5147 2074 5198 tran-

423 5229 615 5285 situs?
637 5229 742 5284 Pes
773 5227 1150 5299 pauperibus,
1176 5228 1461 5283 subaudis
1491 5228 1724 5298 Christi,
1745 5235 1803 5286 et
1831 5248 2072 5304 gressus

423 5318 600 5373 etiam
632 5333 950 5389 egenorum
979 5316 1396 5389 apostolorum.
1432 5317 1737 5390 Propterea
1767 5336 1904 5392 ergo
1935 5321 2074 5392 quia

424 5405 738 5460 Dominum
771 5409 830 5460 et
859 5405 1042 5460 Deum
1091 5421 1265 5460 suum
1299 5406 1834 5464 condemnaverunt
1875 5409 2068 5477 morti,

424 5495 482 5546 et
513 5493 983 5562 praedicationem
1013 5495 1142 5565 ejus
1177 5494 1692 5569 apostolorumque
1723 5497 1883 5553 illius
1912 5514 2070 5553 com-

423 5583 810 5654 tempserunt,
833 5599 869 5639 a
894 5582 1173 5640 Romanis
1202 5583 1524 5642 conculcati
1554 5591 1612 5644 et
1635 5585 1879 5645 desolati
1909 5590 2068 5644 sunt.

2184 4614 2552 4670 afﬁrmative.
2580 4614 2705 4668 Non
2744 4611 2869 4668 vult
2905 4611 3208 4684 propheta,
3242 4615 3307 4666 ut
3333 4609 3556 4682 impius
3583 4605 3842 4680 gloriam

2183 4703 2414 4759 Domini
2445 4702 2502 4758 in
2534 4703 2626 4758 die
2657 4701 2867 4774 judicii
2900 4703 3118 4756 cernat.
3149 4723 3170 4749 ε
3196 4699 3445 4755 Videant
3485 4701 3544 4753 et
3584 4696 3844 4751 confun-

2183 4795 2396 4848 dantur
2442 4791 2718 4856 zelantes,
2745 4813 2773 4840 ››
2804 4790 2860 4844 id
2912 4794 3022 4856 est,
3065 4787 3389 4844 invidentes
3424 4809 3446 4836 ι
3482 4782 3681 4858 populi
3716 4806 3743 4830 »
3779 4789 3850 4840 et

2183 4882 2382 4936 hostes
2413 4885 2546 4936 tuos
2574 4878 2661 4935 vel
2694 4883 3031 4935 sanctorum
3077 4893 3341 4932 meorum
3381 4875 3614 4930 devoret
3653 4872 3844 4946 ignis.

2181 4969 2303 5025 Vox
2319 4968 2418 5024 Dei
2436 4969 2507 5024 ad
2527 4967 2892 5040 prophetam.
2908 4968 2978 5022 Et
2990 4970 3080 5022 est
3099 4983 3308 5021 sensus
3327 4963 3498 5019 :Volo
3517 4965 3583 5018 ut
3594 4959 3847 5018 videant

2184 5075 2275 5114 me
2297 5056 2639 5124 exaltatum,
2655 5059 2712 5112 et
2730 5054 3198 5129 magnitudinem
3221 5053 3538 5110 electorum
3562 5066 3846 5106 meorum

2182 5145 2241 5202 in
2267 5147 2359 5201 die
2372 5145 2582 5217 judicii
2601 5162 2804 5201 omnes
2825 5144 3023 5218 pepuli
3041 5143 3140 5216 qui
3164 5143 3427 5200 invident
3439 5139 3641 5196 electis
3659 5138 3843 5205 meis,

2182 5240 2239 5290 et
2269 5235 2422 5306 ignis
2452 5233 2572 5290 sive
2619 5233 2974 5306 poenitentia:
3003 5233 3122 5289 sive
3161 5231 3436 5305 gehennm
3465 5229 3556 5286 vel
3605 5228 3845 5284 ardoris

2181 5325 2416 5380 devoret
2445 5327 2649 5396 postea
2677 5322 2876 5378 hostes
2905 5327 3058 5390 tuos,
3081 5327 3139 5376 et
3167 5325 3506 5376 sanctorum
3537 5333 3837 5374 meorum.

2181 5415 2251 5470 Et
2278 5412 2635 5470 exhilaratus
2665 5412 2862 5468 animo
2895 5410 3198 5484 propheta,
3227 5409 3375 5465 dixit
3409 5425 3422 5464 :

2252 5527 2279 5554 ‹‹
2314 5502 2577 5571 Domine,
2626 5501 2794 5556 dabis
2851 5517 3054 5574 pacem
3103 5499 3293 5556 nobis.
3322 5500 3448 5556 »Ac
3478 5497 3529 5556 si
3559 5496 3786 5553 diceret
3819 5514 3837 5554 :

2179 5593 2324 5651 Cum
2355 5591 2464 5651 hoc
2506 5591 2710 5649 feceris
2753 5589 2990 5648 tradens
3032 5588 3246 5665 impios
3274 5587 3469 5662 morti,
3491 5591 3636 5646 tunc
3662 5586 3842 5648 dabis
