4090 6192
326 366 439 425 841

1385 369 1788 431 COMMENT.
1838 371 1914 430 ΙΝ
1959 370 2255 432 ISAIAM.
2303 406 2381 415 —
2423 372 2572 433 LIB.
2618 372 2689 433 ll.

3611 380 3729 442 842

326 513 531 570 pacem
555 497 753 553 nobis.
774 496 984 553 Omnia
1004 498 1163 554 enim
1186 498 1338 554 bona
1368 516 1495 572 quae
1520 517 1851 573 operamur,
1876 506 1978 558 tua
2005 503 2058 569 Α
2088 517 2286 558 amore
2314 502 2502 570 Dei,et
2529 505 2650 559 toto
2681 504 2895 560 mentis
2926 505 3131 561 ardore
3153 505 3213 560 in
3244 522 3379 563 eum
3408 508 3733 567 crederent.

327 586 732 642 misericordia
761 585 996 661 largiris
1028 586 1217 644 nobis.

400 699 427 726 «
456 676 694 731 Domine
723 681 874 732 Deus
904 680 1120 746 noster,
1156 665 1546 750 possederunt
1605 697 1710 735 nos
1756 681 1979 737 domini

328 765 551 837 absque
579 769 657 837 te,
688 769 922 820 tantum
948 764 1009 820 in
1039 770 1096 821 te
1126 768 1501 823 recordemur
1530 768 1786 825 nominis
1815 770 1922 825 tui.
1951 792 1978 821 »

324 854 449 909 Vox
480 853 773 927 prophetae
806 872 875 911 ex
903 871 1154 926 persona
1183 857 1410 913 Judaici
1443 857 1666 930 populi,
1701 859 1800 931 qui
1846 863 1981 932 post

324 943 663 1016 passionem
690 944 913 998 Domini
940 945 1011 999 ad
1035 945 1208 999 ﬁdem
1232 951 1533 1001 venerunt.
1561 948 1817 1018 Domine,
1842 966 1976 1021 pos-

322 1032 605 1087 sederunt
648 1049 756 1087 nos
814 1032 1060 1100 domini,
1094 1034 1388 1090 daemones
1434 1036 1700 1091 videlicet
1737 1055 1886 1109 quos
1916 1038 1977 1093 in

322 1120 499 1177 idolis
543 1121 938 1187 adoravimus,
971 1121 1446 1194 derelinquentcs
1480 1128 1532 1179 te
1562 1126 1891 1181 Creatorem
1921 1130 1979 1182 et

324 1209 640 1264 Dominum
663 1212 1213 1266 nostrum.Tantum
1240 1212 1298 1266 in
1321 1216 1374 1267 te
1406 1215 1781 1269 recordemur
1797 1216 1976 1270 nomi-

320 1298 418 1353 nis
447 1298 638 1354 tui.Ac
669 1298 720 1353 si
750 1298 967 1353 diceret
994 1298 1127 1354 aliis
1156 1300 1348 1356 verbis
1373 1318 1384 1356 :
1420 1303 1640 1357 Tamen
1673 1302 1809 1359 licet
1840 1320 1975 1376 pec-

321 1387 651 1442 caverimus
676 1403 870 1443 coram
894 1391 952 1443 te
971 1387 1284 1444 adorantes
1307 1389 1482 1456 idola,
1510 1395 1571 1447 tu
1584 1391 1674 1447 fac
1689 1395 1753 1447 ut
1773 1393 1972 1448 creda-

321 1492 460 1531 mus
484 1475 543 1530 in
576 1480 651 1542 te,
684 1480 741 1532 et
770 1476 933 1549 digni
984 1476 1173 1533 simus
1216 1479 1511 1534 recordari
1558 1480 1817 1536 nominis
1866 1481 1972 1551 tui,

320 1568 616 1637 quatenus
662 1569 794 1621 ate
849 1565 947 1638 qui
997 1566 1268 1623 Christus
1326 1585 1389 1625 es
1446 1568 1750 1625 christiani
1804 1586 1974 1626 voce-

322 1669 482 1709 mur.

394 1766 421 1792 ‹‹
439 1742 756 1800 Morientes
775 1761 892 1800 non
910 1745 1126 1815 vivant,
1147 1747 1419 1819 gigantes
1441 1764 1556 1803 non
1578 1753 1908 1821 resurgant.
1945 1772 1973 1799 »

318 1831 447 1887 Non
477 1830 737 1905 loquitur
758 1832 1045 1906 Propheta
1064 1837 1318 1907 optando
1339 1835 1456 1892 illis
1485 1836 1661 1903 mala,
1694 1838 1796 1893 sed
1829 1855 1972 1910 pra:—

316 1920 523 1977 videns
545 1939 673 1994 quae
688 1926 935 1993 ventura
967 1926 1134 1979 erant
1155 1942 1331 1997 super
1354 1924 1504 1992 illos,
1525 1925 1669 1981 talia
1696 1925 1971 1999 loqueba-

316 2014 438 2065 tur.
459 2010 773 2068 Morientes
804 2012 1091 2069 subaudis
1120 2014 1374 2086 peccatis
1406 2019 1462 2069 et
1492 2014 1820 2086 iniquitate,
1854 2033 1971 2073 non

311 2099 513 2156 vivant
542 2100 601 2156 in
627 2099 815 2174 gloria
845 2101 1108 2173 quandiu
1139 2102 1199 2156 in
1231 2103 1487 2174 peccatis
1516 2104 1967 2175 permanserint.

313 2188 615 2262 Gigantes,
640 2188 748 2244 hoc
768 2192 877 2259 est,
903 2188 1138 2261 superbi
1165 2194 1222 2244 et
1243 2188 1343 2261 qui
1376 2192 1553 2246 fortes
1588 2196 1728 2246 sunt
1744 2192 1815 2247 ad
1838 2209 1968 2264 per-

312 2278 603 2350 petranda
631 2276 807 2349 mala,
821 2295 938 2334 non
963 2281 1275 2351 resurgant
1297 2279 1367 2333 ad
1390 2278 1637 2351 gloriam
1661 2280 1719 2335 in
1752 2280 1845 2336 die
1868 2282 1967 2352 ju-

314 2365 621 2422 dicii.Duaa
644 2372 864 2423 mortes
885 2372 1026 2423 sunt
1045 2368 1306 2439 corporis
1327 2372 1383 2423 et
1409 2368 1638 2424 animae.
1664 2370 1820 2426 Mors
1851 2387 1971 2425 cor-

307 2456 472 2529 poris
491 2460 581 2512 est
600 2454 889 2513 exhalatio
910 2460 967 2512 et
994 2455 1263 2512 transitio
1295 2456 1525 2514 animae.
1560 2458 1716 2514 Mors
1748 2458 1960 2515 animas

311 2549 406 2600 est
426 2549 753 2618 peccatum,
787 2550 843 2601 et
872 2545 1221 2618 perpetratio
1254 2546 1489 2602 sceleris
1522 2564 1534 2602 :
1570 2547 1724 2603 sicut
1751 2549 1969 2604 dicitur

312 2634 374 2688 in
408 2633 633 2706 legem
665 2634 877 2690 Anima
932 2652 1060 2707 quae
1117 2635 1458 2707 peccaverit,
1506 2636 1635 2709 ipsa
1681 2638 1967 2693 morietur

311 2722 527 2794 (Ezech.
552 2725 734 2793 xvm).
762 2745 792 2773 »
825 2723 989 2780 Sicut
1018 2724 1178 2780 enim
1199 2725 1501 2795 justorum
1531 2725 1650 2780 vita
1679 2729 1771 2781 est
1797 2726 1962 2792 ﬁdes,

308 2812 573 2885 Operatio
604 2812 1016 2883 bona,dilectio
1046 2829 1185 2886 erga
1213 2814 1399 2869 Deum
1433 2819 1491 2870 et
1506 2813 1966 2886 proximumzita

308 2919 472 2958 mors
504 2901 822 2974 impiorum
854 2902 1152 2975 superbia,
1185 2903 1387 2959 odium
1420 2907 1478 2958 et
1508 2903 1771 2975 avaritia,
1804 2908 1965 2960 caete-

306 3007 494 3062 raque
524 2990 682 3046 vitia.
716 3014 745 3042 «
778 2991 1091 3064 Propterea
1130 2991 1399 3048 visitabis
1431 3009 1550 3048 eos.
1587 3016 1617 3043 »
1649 2993 1743 3049 Sic
1771 2993 1961 3066 loqui-

311 3083 410 3134 tur
437 3079 723 3152 Propheta
751 3080 822 3137 de
850 3081 1070 3151 futuro,
1102 3081 1271 3153 quasi
1321 3083 1392 3137 de
1438 3082 1748 3154 praeterito.
1784 3082 1960 3156 Prop-

307 3173 486 3237 terea,
508 3169 793 3225 subaudis
818 3170 957 3242 quia
988 3170 1203 3226 mortui
1234 3175 1376 3226 sunt
1404 3176 1665 3243 peccato,
1696 3176 1755 3227 et
1783 3172 1961 3228 fortes

2093 590 2384 657 «Salutes,
2408 613 2436 642 ››
2461 591 2570 646 hoc
2592 596 2699 661 est,
2724 592 2878 648 bona
2916 610 3095 666 opera
3112 617 3140 643 ‹‹
3165 608 3278 649 non
3304 596 3571 667 fecimus,
3603 597 3733 653 ideo

2090 695 2205 734 non
2238 679 2572 735 ceciderunt
2600 679 2952 750 habitantes,
2980 705 3001 735 ι
3028 682 3087 737 id
3109 686 3198 740 est
3226 688 3517 742 amatores
3543 690 3731 758 terra),

2088 767 2188 838 qui
2222 786 2329 824 nos
2358 769 2701 841 opprimunt
2728 774 2785 826 et
2813 773 3381 843 persequuntur.Qui
3412 778 3552 829 sunt
3580 791 3737 831 ama-

2087 860 2242 911 tores
2264 861 2431 912 terrze
2450 858 2478 913 ?
2499 859 2605 925 Qui
2627 863 2811 914 totam
2832 876 2997 932 spem
3019 877 3189 916 suam
3210 860 3271 916 in
3292 861 3538 917 terrenis
3560 862 3736 919 rebus

2088 951 2334 1017 ponunt,
2368 948 2684 1003 servientes
2715 947 2850 1020 plus
2880 950 3100 1006 mundo
3131 967 3307 1022 quam
3341 952 3475 1010 Deo.

2160 1056 2187 1083 α
2220 1034 2429 1090 Vivent
2486 1036 2705 1092 mortui
2762 1037 2869 1107 tui,
2902 1060 2931 1087 »
2974 1038 3084 1094 hoc
3129 1042 3239 1108 est,
3289 1043 3572 1114 martyres
3621 1038 3730 1096 tui.

2090 1143 2117 1172 «
2142 1122 2433 1178 Interfecti
2468 1123 2642 1193 mei,»
2674 1124 2732 1179 id
2764 1129 2853 1181 est
2871 1125 3011 1181 socii
3040 1126 3154 1181 mei
3187 1149 3215 1177 «
3250 1132 3577 1201 resurgent,
3597 1152 3627 1179 ››
3657 1129 3731 1184 ad

2086 1211 2401 1266 Dominum
2430 1212 2692 1285 loquitur
2717 1213 3022 1285 Propheta.
3045 1214 3328 1288 Martyres
3352 1215 3564 1273 Christi
3595 1219 3737 1272 sunt

2085 1299 2185 1373 qui
2207 1318 2311 1372 pro
2333 1302 2462 1372 ejus
2483 1301 2719 1358 nomine
2740 1302 2812 1358 ab
2834 1301 3035 1375 impiis
3055 1303 3340 1375 perempti
3362 1306 3734 1363 sunt.Socios

2085 1392 2281 1443 autem
2313 1406 2453 1445 suos
2498 1393 2664 1445 vocat
2710 1405 2811 1446 eos
2860 1390 3149 1463 propheta
3195 1390 3397 1461 Isaias,
3429 1392 3569 1465 quia
3609 1393 3736 1465 ipse

2084 1494 2188 1548 pro
2215 1476 2316 1533 Dei
2341 1478 2577 1533 nomine
2598 1495 2759 1534 serra
2780 1478 2973 1552 lignea
2992 1483 3190 1537 sectus
3209 1483 3318 1537 est.
3337 1502 3366 1533 «
3392 1481 3736 1556 Exspergis—

2084 1566 2286 1621 cimini
2340 1570 2398 1622 et
2425 1566 2663 1624 laudate
2693 1567 3033 1638 Dominum,
3067 1569 3170 1641 qui
3201 1569 3485 1627 habitatis
3515 1569 3577 1627 in
3603 1570 3736 1645 pul-

2054 1722 2058 1726 θ
2081 1672 2232 1711 vere.
2263 1677 2290 1705 »
2304 1655 2585 1711 Hortatur
2600 1660 2659 1712 et
2673 1657 2962 1730 Propheta
2978 1662 3213 1714 sanctos
3233 1659 3307 1715 :0
3324 1676 3429 1717 vos
3448 1663 3735 1734 martyres

2083 1743 2294 1811 sancti,
2326 1744 2814 1819 expergiscimini,
2839 1746 2950 1802 hoc
2978 1747 3319 1820 est,surgite
3347 1748 3419 1804 de
3448 1748 3735 1821 sepulcris

2081 1832 2314 1901 vestris,
2347 1836 2405 1888 et
2434 1833 2670 1890 laudate
2700 1833 3017 1892 Dominum
3053 1852 3067 1891 :
3099 1835 3239 1909 quia
3267 1859 3297 1887 ‹‹
3330 1854 3427 1894 ros
3456 1836 3606 1893 lucis
3635 1854 3734 1897 ros

2080 1924 2241 1977 tuus.
2278 1944 2307 1971 »
2340 1922 2773 1995 ApostrOpham
2804 1923 2945 1980 facit
2973 1924 3262 1997 Propheta
3288 1926 3360 1981 ad
3391 1924 3726 1983 Dominum.

2080 2008 2290 2064 Rorem
2323 2010 2488 2082 ponit
2517 2028 2622 2083 pro
2651 2010 3075 2068 misericordia.
3109 2012 3228 2070 Ros
3260 2013 3412 2070 lucis
3440 2031 3538 2071 ros
3567 2018 3727 2083 tuus,

2079 2095 2187 2152 hoc
2215 2101 2322 2167 est,
2353 2098 2755 2156 misericordia
2795 2104 2898 2156 tua
2943 2101 3291 2159 illuminans
3326 2107 3437 2172 est,
3469 2103 3569 2176 qui
3601 2103 3731 2159 illu-

2077 2186 2265 2242 minat
2284 2189 2461 2243 corda
2488 2187 2724 2244 illorum
2748 2206 2925 2262 super
2942 2207 3091 2262 quos
3112 2190 3729 2265 requiescit.Magnam

2076 2273 2352 2331 virtutem
2366 2276 2585 2349 profert
2597 2294 2700 2349 pro
2724 2278 2992 2351 frugibus
3012 2279 3517 2352 terrea.Projio¢tur
3526 2296 3729 2336 semen

2077 2362 2137 2416 in
2169 2367 2344 2430 terra,
2374 2369 2433 2420 et
2461 2364 2708 2422 humore
2760 2367 2910 2423 roris
2959 2368 3243 2425 excrescit
3271 2369 3332 2424 in
3362 2367 3629 2437 herbam,
3662 2384 3730 2424 ac

2076 2451 2286 2507 deinde
2333 2454 2472 2508 facit
2520 2471 2851 2511 excrescere
2880 2456 2941 2511 in
2972 2456 3250 2513 fructum.
3284 2457 3381 2514 Sic
3409 2460 3468 2515 et
3495 2456 3730 2514 miseri-

2075 2541 2274 2597 cordia
2302 2542 2403 2598 Dei
2443 2549 2684 2616 generat
2712 2545 2911 2613 ﬁdem,
2933 2551 2991 2601 et
3016 2546 3209 2620 ipsam
3238 2548 3416 2610 ﬁdem
3447 2546 3729 2604 convertit

2073 2629 2145 2683 ad
2178 2631 2595 2701 operationem.
2635 2657 2663 2683 ‹‹
2686 2635 2756 2689 Et
2784 2638 3001 2690 terram
3031 2636 3342 2709 gigantum
3373 2636 3645 2694 detrahas
3664 2634 3725 2693 in

2073 2718 2326 2774 ruinam.
2354 2742 2383 2769 »
2411 2721 2652 2777 Terram
2682 2723 2994 2797 gigantum
3023 2724 3166 2780 dicit
3194 2741 3437 2798 corpora
3464 2728 3723 2781 terreno-

2072 2824 2204 2862 rum
2236 2808 2565 2878 hominum,
2590 2815 2648 2866 et
2677 2812 3086 2885 superborum.
3118 2811 3372 2886 Corpora
3394 2830 3531 2888 ergo
3558 2829 3724 2869 sanc-

2071 2901 2267 2954 torum
2299 2916 2433 2954 cum
2466 2900 2778 2958 animabus
2805 2900 3043 2957 illorum
3084 2901 3513 2959 transferentur
3536 2902 3597 2957 in
3627 2901 3722 2958 die

2061 2987 2270 3058 judicii
2285 2989 2356 3043 ad
2372 2993 2714 3061 perpetuam
2728 2990 3075 3062 requiem,et
3086 3007 3330 3063 corpora
3339 2989 3722 3063 reproborum

2069 3092 2203 3131 cum
2227 3077 2537 3133 animabus
2558 3077 2794 3135 illorum
2810 3078 2869 3135 in
2887 3083 3232 3153 perpetuam
3253 3079 3714 3136 damnationem.

2140 3166 2378 3249 «.Vade,
2409 3166 2665 3240 populus
2711 3185 2900 3237 meus,
2932 3168 3090 3223 intra
3133 3168 3196 3223 in
3245 3167 3516 3225 cubicula
3551 3171 3656 3224 tua
3685 3190 3717 3218 »

306 3257 379 3312 ad
400 3258 762 3329 operandum
783 3258 1036 3314 malum:
1067 3259 1333 3316 visitabis
1354 3278 1454 3316 eos
1474 3259 1533 3315 in
1556 3260 1648 3316 die
1660 3261 1871 3333 judicii
1898 3262 1958 3316 in
1989 3246 2032 3313 C
2071 3246 2257 3325 usque
2291 3277 2319 3306 ‹‹
2351 3257 2535 3312 donec
2564 3260 2931 3328 pertranseat
2974 3255 3302 3330 indignatio
3348 3273 3500 3314 mea.
3537 3279 3567 3308 »
3594 3256 3721 3314 Vox

305 3345 534 3401 malum
582 3364 698 3402 non
746 3348 807 3403 in
856 3348 1097 3417 bonum,
1132 3352 1190 3404 et
1217 3353 1480 3405 conteres
1512 3366 1631 3416 eos,
1665 3354 1723 3405 et
1753 3350 1963 3423 perdes

304 3452 513 3491 eorum
570 3437 914 3494 memoriam
972 3439 1044 3493 de
1084 3455 1262 3511 regno
1292 3445 1350 3494 et
1378 3439 1742 3495 beatitudine
1765 3440 1959 3511 justo-

306 3540 465 3580 rum.

378 3635 407 3662 ιε
434 3612 764 3682 Indulsisti,
789 3616 1053 3687 Domine,
1079 3617 1259 3689 genti,
1282 3640 1309 3667 ››
1332 3635 1399 3673 ac
1420 3617 1470 3675 si
1496 3618 1714 3674 diceret
1747 3636 1760 3674 :
1798 3618 1960 3690 Saepe

301 3700 610 3758 indulsisti
639 3703 746 3769 eis,
766 3707 824 3758 et
854 3705 1132 3761 misertus
1162 3721 1225 3763 es
1257 3706 1363 3775 eis,
1388 3707 1635 3763 Domine
1660 3724 1673 3761 :
1698 3708 1801 3763 sed
1831 3707 1961 3763 ideo

300 3807 421 3846 non
450 3794 592 3846 sunt
620 3792 881 3849 conversi
913 3794 985 3849 ad
1002 3798 1077 3849 te.
1103 3817 1130 3844 «
1156 3795 1431 3867 Nunquid
1454 3795 1816 3868 gloriﬁcatus
1838 3813 1959 3863 es,»

298 3880 662 3936 subauditur
682 3881 753 3937 ab
774 3882 859 3938 eis
881 3881 910 3936 ?
936 3884 1017 3938 Ac
1048 3883 1096 3938 si
1129 3883 1347 3940 diceret
1371 3901 1383 3939 :
1410 3888 1757 3956 Quanquam
1790 3888 1854 3939 tu
1877 3885 1961 3941 eis

298 3967 588 4026 misertus
615 3970 1077 4043 esses,nunquid
1106 3971 1582 4044 gloriﬁcaverunt
1612 3973 1711 4028 te?
1741 3973 1866 4028 Non
1899 3989 1961 4028 es

295 4056 667 4131 gloriﬁcatus
696 4060 768 4115 ab
800 4059 904 4118 eis.
935 4082 963 4110 ‹‹
983 4060 1282 4133 Elongasti
1312 4077 1519 4117 omnes
1551 4061 1832 4117 terminos
1853 4067 1962 4118 ter-

294 4164 401 4215 rae,
439 4169 468 4197 »
500 4148 560 4203 id
590 4151 700 4216 est,
731 4148 990 4223 elongari
1036 4150 1359 4223 permisisti
1393 4168 1599 4206 omnes
1630 4151 1896 4208 nationes
1928 4167 1962 4204 a

296 4241 380 4302 te,
415 4241 483 4291 ut
513 4242 929 4309 permanerent
959 4239 1019 4294 in
1052 4255 1246 4295 errore
1277 4256 1405 4295 suo.

374 4347 404 4375 ‹‹
440 4324 705 4395 Domine,
736 4326 796 4381 in
844 4327 1120 4401 angustia
1168 4328 1566 4402 requisierunt
1608 4332 1664 4384 te
1696 4350 1723 4379 η
1759 4346 1863 4402 pro
1893 4346 1960 4385 eo

296 4413 462 4486 quod
484 4418 576 4470 est
595 4416 916 4487 requirent.
949 4418 1020 4473 Et
1038 4420 1129 4473 est
1151 4434 1363 4474 sensus
1385 4434 1399 4473 :
1424 4417 1693 4485 Domine,
1725 4422 1963 4490 percute

294 4502 459 4572 illos,
480 4508 547 4560 ut
576 4503 665 4560 vel
697 4505 757 4560 in
790 4505 1067 4579 angustia
1096 4507 1271 4578 positi
1304 4507 1609 4579 requirant
1639 4512 1731 4563 te:
1756 4512 1960 4579 quate-

294 4611 414 4649 nus
428 4593 534 4665 qui
549 4593 932 4651 nolueruntte
948 4595 1244 4668 requirere
1258 4600 1521 4669 tempore
1534 4596 1959 4669 prosperitatis,
1992 4618 2040 4682 D

292 4682 612 4754 requirant
640 4686 904 4756 tempore
949 4684 1233 4757 angustiae
1267 4689 1325 4741 et
1356 4685 1803 4757 persecutionis.
1837 4709 1865 4735 ‹‹
1900 4685 1964 4740 In

290 4771 686 4829 tribulatione
705 4774 1030 4829 murmuris
1051 4774 1323 4831 doctrina
1340 4778 1445 4829 tua
1456 4774 1596 4845 eis,»
1614 4774 1968 4831 subauditur

286 4860 397 4916 sit.
431 4862 515 4915 Ac
544 4861 597 4916 si
629 4860 846 4919 diceret
880 4879 892 4918 :
926 4863 1034 4930 Qui
1080 4862 1377 4919 noluerint
1423 4862 1752 4919 doctrinam
1800 4868 1964 4918 tuam

288 4949 534 5006 discere
560 4954 822 5024 tempore
842 4952 1140 5025 pacis,per
1160 4951 1597 5008 tribulationem
1629 4951 1792 5007 erudi
1824 4969 1922 5007 eos
1952 4968 1964 5006 :

283 5042 357 5095 et
399 5039 483 5095 sit
523 5039 795 5096 doctrina
822 5045 925 5097 tua
952 5040 1037 5098 eis
1070 5040 1129 5096 in
1163 5042 1585 5097 recordatione.
1610 5043 1689 5097 Ac
1720 5040 1803 5096 sic
1835 5057 1969 5113 per-

283 5131 441 5183 cute
488 5127 645 5199 illos,
681 5132 748 5184 ut
771 5147 888 5202 prie
919 5130 1130 5186 timore
1163 5147 1279 5186 non
1312 5131 1555 5186 audiant
1585 5132 1655 5187 ad
1692 5134 1744 5185 te
1774 5129 1969 5202 palam

277 5216 561 5273 clamare
594 5234 607 5272 :
642 5219 745 5273 sed
776 5218 943 5292 quasi
975 5220 1084 5276 sub
1118 5236 1441 5275 murmure.

374 5329 403 5355 «
430 5306 820 5378 Condepimus
842 5312 899 5363 et
933 5308 1271 5381 peperimus
1311 5312 1601 5377 sanctum,
1640 5331 1666 5355 ››
1688 5308 1807 5363 Vox
1838 5325 1965 5381 pro-

272 5392 622 5469 phetarum
644 5395 702 5449 in
718 5413 968 5468 persona
988 5402 1326 5454 sanctorum
1350 5397 1826 5470 martyrum.Non
1858 5414 1961 5469 pe-

270 5484 589 5555 pererunt
609 5481 694 5537 illi
717 5483 891 5555 positi
914 5484 974 5539 in
1007 5501 1193 5558 agone
1224 5485 1376 5541 ﬁlios
1406 5485 1620 5553 carnis,
1646 5485 1746 5540 sed
1780 5483 1958 5556 Spiri-

268 5575 433 5627 tum
459 5569 674 5627 salutis
697 5576 760 5627 ut
780 5571 1075 5630 iluminati
1096 5577 1154 5630 et
1174 5574 1526 5630 inﬂammati
1543 5592 1577 5630 a
1598 5577 1797 5629 sancto
1829 5573 1959 5646 Spi-

261 5659 572 5733 ritu,quo
602 5660 857 5735 amplius
888 5663 1309 5733 cruciarentur,
1326 5668 1384 5721 et
1412 5661 1667 5738 amplius
1693 5662 1963 5720 arderent

633 5788 906 5852 PATROL.
952 5790 1155 5854 CXVI.
1201 5793 1219 5802 '

2069 3342 2171 3398 Dei
2194 3344 2613 3417 omnipotentis
2642 3346 2715 3402 ad
2737 3351 3023 3420 martyres
3047 3364 3061 3403 :
3086 3346 3131 3403 Ο
3152 3351 3440 3421 martyres
3461 3346 3577 3403 mei
3600 3345 3719 3402 cla-

2071 3431 2533 3499 rissimi,intrate
2554 3433 2828 3491 cubicula
2845 3435 3122 3507 vestra,id
3147 3440 3258 3507 est,
3282 3435 3630 3510 requiescite
3658 3434 3721 3493 in

2068 3521 2356 3594 sepulcris
2384 3524 2617 3591 vestris,
2648 3528 2707 3580 et
2734 3524 2991 3581 claudite
3021 3541 3125 3582 ora
3164 3525 3594 3598 sepulcrorum,
3625 3525 3724 3582 do-

2067 3627 2174 3666 nec
2202 3611 2397 3667 veniat
2421 3613 2546 3670 dies
2561 3612 2793 3685 judicii,
2826 3617 2884 3670 et
2912 3617 3175 3670 transeat
3199 3613 3460 3671 vindicta
3477 3629 3610 3670 mea
3626 3629 3723 3670 su-

2068 3716 2173 3772 per
2201 3699 2677 3773 impios,quando
2705 3703 2946 3759 reddam
2978 3701 3299 3775 unicuique
3317 3705 3491 3775 prout
3509 3701 3715 3773 gessit.

2140 3812 2169 3840 ‹‹
2203 3790 2347 3845 Ecce
2375 3790 2533 3845 enim
2563 3790 2852 3846 Dominus
2883 3790 3216 3864 egredietur
3245 3791 3317 3847 de
3346 3789 3472 3848 loco
3502 3807 3631 3859 suo,
3653 3793 3722 3846 ut

2055 3878 2284 3947 .visitet,
2312 3900 2340 3927 »
2362 3877 2420 3932 id
2452 3882 2542 3934 est
2565 3878 2839 3948 vindicet,
2874 3902 2902 3929 «
2938 3877 3307 3950 iniquitatem
3334 3877 3718 3938 habitationis

2068 3969 2234 4023 terrm
2258 3971 2461 4023 contra
2479 3984 2672 4022 eum.»
2694 3967 2775 4023 De
2797 3967 2891 4023 die
2901 3966 3386 4039 judiciiloquitur
3405 3967 3714 4042 Propheta.

2070 4057 2217 4122 Quid
2231 4060 2320 4112 est
2332 4057 2494 4112 locus
2509 4056 2737 4111 Domini
2748 4056 2989 4112 ?Nonne
3000 4056 3125 4129 ipse
3136 4056 3279 4113 dicit
3288 4057 3717 4131 perJeremiam

2069 4142 2446 4215 prophetam:
2484 4166 2510 4192 «
2537 4142 2760 4199 (Icelum
2791 4148 2849 4199 et
2878 4147 3095 4201 terram
3126 4161 3232 4218 ego
3260 4144 3477 4219 impleo
3496 4146 3717 4225 (larem.

2068 4232 2309 4301 mm)?
2332 4254 2360 4282 »
2393 4232 2582 4288 Locus
2608 4231 2844 4289 Domini
2874 4236 2964 4289 est
2991 4233 3396 4291 misericordia
3423 4238 3482 4309 et
3508 4233 3718 4310 pietas.

2070 4322 2315 4390 Quando
2340 4338 2477 4395 ergo
2508 4322 2634 4395 ipse
2659 4321 2876 4379 dicitur
2904 4322 3110 4380 ulcisci
3131 4339 3194 4380 se
3215 4322 3560 4382 deinimicis
3572 4323 3719 4394 suis,

2068 4410 2127 4466 id
2159 4415 2249 4467 est
2275 4411 2512 4467 illorum
2543 4410 2716 4468 malis
2745 4411 2856 4469 hoc
2886 4412 3381 4486 promerentibus:
3414 4416 3555 4470 tunc
3584 4412 3725 4468 diei-

2080 4504 2175 4556 tur
2195 4499 2350 4556 exire
2371 4500 2440 4556 de
2459 4498 2587 4557 loco
2618 4518 2744 4557 suo.
2777 4501 2904 4557 Non
2935 4501 3090 4573 quod
3119 4500 3217 4557 ille
3245 4499 3372 4556 loco
3401 4504 3723 4571 moveatur,

2072 4590 2213 4662 quia
2237 4589 2456 4662 ubique
2476 4593 2585 4645 est.
2607 4590 3004 4645 Habitatorem
3034 4592 3201 4645 terras
3227 4591 3397 4645 vocat
3414 4588 3724 4661 superbos,

2075 4683 2133 4734 et
2153 4683 2383 4735 terrena
2413 4678 2797 4751 sapicntes.ln
2828 4677 2922 4732 die
2943 4676 3154 4749 judicii
3188 4676 3474 4734 Dominus
3503 4677 3577 4733 de
3595 4675 3724 4735 loco

2076 4786 2183 4824 suo
2215 4767 2565 4840 egredietur,
2589 4766 2647 4821 id
2671 4770 2761 4822 est
2789 4765 3253 4822 misericordiam
3283 4783 3401 4823 non
3426 4767 3728 4840 impendet

2078 4857 2435 4929 reprobis,ut
2462 4854 2714 4911 vindicet
2741 4854 3115 4927 iniquitatem
3145 4872 3349 4913 eorum
3378 4860 3583 4913 contra
3601 4872 3723 4917 eos.

2078 4970 2106 4997 ‹‹
2140 4946 2209 5001 Et
2239 4944 2513 5000 revelabit
2541 4948 2696 5001 terra
2723 4945 3071 5019 sanguinem
3129 4962 3327 5015 suum,
3359 4948 3417 5002 et
3442 4962 3559 5002 non
3587 4960 3724 5017 ope-

2079 5034 2191 5090 riet
2224 5034 2377 5089 ultra
2407 5034 2743 5090 interiectos
2777 5051 2974 5090 suos.»
2991 5034 3233 5091 Duobus
3261 5033 3453 5090 modis
3475 5031 3725 5105 intelligi

2082 5122 2363 5195 potest.In
2397 5122 2489 5178 die
2512 5123 2725 5195 judicii
2757 5127 2912 5179 terra
2940 5123 3288 5197 sanguinem
3316 5137 3514 5191 suum,
3534 5121 3592 5176 id
3612 5124 3724 5190 est,

2079 5213 2429 5287 sanguinem
2490 5217 2826 5269 sanctorum
2885 5216 3209 5285 martyrum
3247 5210 3525 5269 revelabit
3548 5226 3726 5284 quem

2077 5302 2338 5375 suscepit
2356 5319 2369 5357 :
2387 5308 2442 5358 et
2469 5319 2582 5358 non
2605 5302 2828 5357 tenebit
2848 5300 3102 5374 amplius
3130 5317 3375 5374 corpora
3402 5299 3730 5357 interfecto-

2073 5409 2205 5447 rum
2226 5392 2555 5460 suorum,id
2572 5395 2661 5447 est
2674 5395 3011 5447 sanctorum
3025 5394 3370 5464 martyrum.
3389 5391 3569 5447 Terra
3593 5407 3729 5448 san-

2070 5482 2309 5553 guinem
2333 5479 3225 5551 suscepit,sicutdicitDominus
3237 5480 3308 5536 ad
3322 5478 3464 5536 Cain
3480 5496 3494 5536 :
3509 5503 3537 5532 «
3559 5480 3743 5542 Male.

2070 5571 2227 5627 dicta
2247 5574 2404 5626 terra
2425 5569 2485 5624 in
2509 5585 2681 5641 opere
2698 5572 2957 5641 tumque:
2979 5569 3241 5643 suscepit
3261 5568 3610 5643 sanguinem
3624 5571 3734 5630 fra-

2070 5662 2179 5718 tris
2202 5659 2288 5718 tui
2312 5661 2385 5717 de
2404 5676 2585 5719 manu
2617 5662 2720 5715 tua
2741 5657 3038 5734 (Gen.1v).»
3058 5658 3164 5717 Vel
3195 5658 3403 5718 aliter:
3438 5661 3639 5734 Terra,
3670 5661 3731 5720 id

3332 5788 3413 5851 27
