4048 6190
231 391 349 451 845

1293 393 1696 455 COMMENT.
1745 396 1822 456 IN
1866 394 2157 462 ISAIAM.
2191 433 2268 443 ——
2301 401 2448 463 LIB.
2493 403 2568 463 ΙΙ.

3519 416 3638 477 846

225 522 728 589 merebantur,sed
754 539 858 596 per
885 524 1277 597 quadraginta
1306 526 1557 582 duorum
1588 544 1876 583 annorum
1906 528 1964 596 Α
1994 534 2123 586 cata
2141 536 2231 587 est
2260 533 2331 589 ab
2362 533 2793 594 habitatoribus
2823 537 3055 595 suis.Et
3083 541 3224 612 quia
3254 544 3526 617 superius
3554 546 3645 603 di-

223 611 539 679 curricula,
570 611 913 668 dilationem
944 614 1297 685 pmnitentiaa
1327 617 1618 672 concessit
1642 616 1879 690 eis,qui-

223 701 337 755 bus
368 700 717 772 pceniterent
749 702 905 757 mala
946 720 1074 774 qua:
1126 708 1524 775 patraverunt,
1558 706 1876 761 occidendo

220 789 389 844 illum
413 789 810 861 etdiscipulos
837 792 1105 862 ejus.Scd
1139 793 1280 865 quid
1315 794 1458 849 dicit
1488 796 1559 849 de
1590 795 1707 849 illis
1739 796 1875 850 Pro-

216 879 396 950 pheta
424 877 1026 945 Domini,nolentibus
1057 883 1313 936 converti
1335 884 1405 937 ad
1440 884 1877 955 pmnitentiam‘?

289 991 319 1017 ‹‹
354 968 418 1026 In
477 984 761 1024 mensura
818 973 1022 1025 contra
1074 987 1436 1027 mensuram.
1471 976 1613 1028 Cum
1648 973 1877 1044 abjecta

214 1056 395 1111 fuerit
421 1072 455 1110 a
488 1057 863 1124 te,judicabis
894 1074 1022 1113 eam
1056 1057 1343 1130 plebem,»
1380 1060 1487 1116 hoc
1518 1065 1607 1116 est
1632 1062 1824 1117 dicere
1856 1079 1869 1118 :

213 1143 422 1209 Qualia
450 1144 862 1217 egerunt,talia
888 1146 1170 1218 recipient
1200 1166 1233 1202 a
1268 1149 1569 1206 Romanis.
1604 1152 1673 1205 Et
1704 1154 1874 1206 aster-

211 1249 358 1288 num
400 1232 757 1306 supplicium
807 1235 868 1289 in
899 1235 1128 1291 inferno
1159 1238 1334 1293 modo
1363 1238 1690 1310 patiuntur,
1726 1244 1783 1296 et
1810 1240 1871 1297 in

211 1320 306 1376 die
319 1322 533 1393 judicii
565 1322 1011 1395 augebiturillis
1034 1342 1205 1397 pama
1229 1326 1870 1398 gehennzn.Notandum

208 1411 369 1481 quod
416 1411 579 1477 dicit,
614 1427 749 1467 cum
783 1412 1008 1484 abjecta
1039 1414 1214 1469 fuerit
1243 1432 1278 1470 a
1306 1418 1382 1484 te,
1416 1418 1652 1488 quando
1684 1418 1871 1490 poeni-

206 1499 457 1555 tentiam
489 1499 678 1555 noluit
716 1516 886 1573 agere
913 1502 983 1557 de
1014 1502 1140 1558 suis
1170 1503 1609 1575 iniquitatibus,
1641 1510 1697 1561 et
1727 1524 1871 1578 apo-

205 1587 390 1643 stolos
412 1589 543 1660 ejus
563 1589 788 1661 fugavit
821 1607 855 1645 a
882 1607 963 1658 se,
984 1590 1190 1647 nolens
1221 1592 1476 1665 recipere
1509 1595 1870 1666 praedicatio-

203 1694 346 1732 nem
379 1676 637 1733 illorum.
675 1700 703 1728 «
736 1678 1055 1735 Meditatus
1114 1684 1203 1736 est
1250 1681 1308 1735 in
1343 1681 1552 1754 spiritu
1586 1700 1692 1739 suo
1723 1686 1869 1740 duro

201 1782 307 1837 per
337 1765 499 1822 diem
534 1770 769 1835 estus,»
794 1784 903 1823 vox
932 1768 1365 1841 prophetanui
1399 1776 1487 1826 est
1517 1772 1872 1829 meditatus?

201 1855 358 1910 Deus
388 1855 760 1927 omnipotens
789 1854 914 1928 ipse
946 1862 1036 1913 est
1070 1858 1486 1928 meditatus,id
1514 1865 1603 1916 est
1633 1861 1757 1934 ipse
1780 1880 1867 1918 co-
1898 1894 1951 1963 Β

201 1942 416 2015 gitavit
444 1947 502 1999 et
530 1943 765 2000 locutus
794 1949 883 2001 est
908 1962 1012 2016 per
1032 1946 1187 2002 diem
1211 1952 1390 2002 aestus
1419 1965 1431 2003 :
1461 1948 1570 2005 hoc
1601 1954 1691 2006 est
1720 1956 1867 2007 tem-

200 2050 346 2105 pore
372 2033 770 2090 tribulationis
800 2033 889 2091 vel
923 2052 1043 2091 suae
1074 2036 1161 2092 vel
1191 2038 1613 2111 apostolorum,
1633 2043 1867 2113 quando

207 2122 549 2194 patiebatur
569 2123 641 2177 ab
661 2123 767 2178 eis.
798 2123 945 2189 Quid
970 2125 1308 2181 redditurus
1334 2132 1486 2182 esset
1502 2128 1585 2184 eis
1605 2129 1634 2183 ‘I
1654 2129 1868 2185 Videli-

201 2216 295 2266 cet
327 2215 687 2267 vastatorem
733 2211 1131 2268 Romanorum
1182 2214 1477 2270 missurus
1519 2233 1696 2289 super
1722 2219 1870 2274 eos?

274 2324 305 2349 α
345 2299 566 2356 Idcirco
598 2316 776 2372 super
803 2300 914 2356 hoc
966 2301 1295 2358 dimittetur
1335 2302 1618 2376 iniquitas
1667 2307 1868 2362 domui

203 2389 517 2445 Jacobi:et
538 2389 859 2445 omnisiste
878 2389 1105 2447 fructus
1140 2396 1204 2446 ut
1234 2393 1533 2449 auferatur
1561 2400 1866 2466 peccatum

198 2480 498 2550 ejus,cum
530 2477 795 2550 posuerit
820 2495 1025 2535 omnes
1058 2479 1284 2551 lapides
1317 2481 1522 2538 altaris
1544 2483 1697 2539 sicut
1728 2484 1868 2557 lapi-

200 2570 308 2623 des
343 2567 561 2623 cineris
592 2566 849 2623 allisos.»
882 2567 1005 2623 Vox
1034 2570 1353 2641 propheta}.
1390 2572 1619 2627 Poterat
1648 2574 1865 2646 aliquis

200 2656 594 2722 diwszuid
625 2656 974 2713 commeruit
1005 2658 1113 2713 iste
1144 2660 1511 2730 populus,vol
1534 2662 1675 2733 quid
1695 2662 1866 2736 longe

202 2750 344 2818 post
374 2745 863 2802 resurrectionem
893 2746 1153 2816 Domini,
1175 2752 1241 2801 ut
1273 2748 1489 2820 aliquis
1520 2749 1753 2805 illorum
1789 2752 1867 2808 sit

201 2836 299 2892 cui
328 2837 485 2892 Deus
508 2833 799 2890 dimiserit
827 2839 1130 2907 peccatum
1163 2838 1468 2908 ejus,dans
1498 2838 1548 2894 ei
1580 2856 1680 2894 cor
1711 2844 1775 2895 ut
1805 2841 1864 2895 in

200 2942 346 2981 eum
370 2924 763 2980 crederet?Ad
786 2924 907 2980 haec
929 2927 1243 2997 respondet
1264 2926 1568 2999 Propheta.
1593 2952 1621 2978 ‹‹
1648 2928 1865 2986 Idcirco

201 3032 393 3090 super
419 3016 589 3082 hoc,»
620 3015 680 3070 id
710 3020 800 3072 est
826 3021 1062 3089 prepter
1090 3017 1219 3085 hoc,
1254 3040 1283 3068 ‹‹
1308 3017 1636 3074 dimittetur
1664 3021 1864 3076 domui

198 3105 394 3163 Jacob
415 3104 698 3177 iniquitas
728 3105 942 3176 ejus,et
971 3107 1165 3161 omnis
1198 3106 1465 3162 fructus»
1487 3107 1616 3179 ejus
1648 3108 1861 3165 malus:

200 3195 355 3268 quia
384 3193 632 3266 apostoli
661 3210 729 3249 ex
758 3193 991 3249 illorum
1046 3196 1321 3267 prosapia
1366 3195 1652 3268 originem
1684 3197 1863 3253 duxe-

201 3262 372 3339 runt.
393 3262 525 3338 Ilaec
557 3300 591 3337 a
619 3281 863 3338 Domino
894 3262 1365 3355 promeruerunt,
1386 3262 1701 3357 ut'aliquis
1735 3286 1862 3343 illo-
1893 3262 1937 3330 (οἶ

198 3389 341 3429 rum
384 3370 708 3428 salvaretur
736 3388 824 3439 eo,
858 3373 1012 3444 quod
1066 3372 1179 3444 ipsi
1238 3373 1438 3429 omnia
1492 3372 1700 3431 altaria
1756 3392 1866 3432 sua

198 3460 625 3535 prmdicatioue
656 3478 759 3534 per
786 3461 1125 3518 universum
1143 3478 1293 3534 pene
1325 3462 1526 3519 orbem
1557 3464 1861 3521 destruxe-

198 3554 432 3619 runt,et
451 3549 677 3623 lapides
709 3548 944 3606 illorum
975 3549 1250 3606 altarium
1284 3551 1342 3606 in
1375 3551 1599 3609 cineres
1622 3553 1863 3628 redege-

197 3644 371 3696 runt.
387 3639 639 3711 Ideoque
659 3639 1129 3711 dicitPropheta:
1156 3663 1184 3691 «
1199 3640 1344 3695 Cum
1368 3642 1634 3712 posueris
1654 3642 1863 3699 choros

196 3727 607 3803 apostolorum
629 3743 833 3783 omnes
854 3726 1080 3800 lapides
1092 3727 1293 3784 altaris
1314 3728 1544 3784 diabolo
1566 3731 1864 3787 dedicatos

198 3819 364 3874 sicut
393 3817 642 3886 cineres,
675 3816 974 3873 auferetur
1013 3821 1318 3888 peccatum
1361 3818 1561 3872 domui
1593 3819 1795 3874 Jacob.
1834 3842 1861 3869 ››

198 3908 281 3963 De
315 3906 440 3962 illis
466 3905 597 3961 dico
651 3904 752 3977 qui
802 3905 1078 3977 baptizati
1128 3909 1286 3973 sunt,
1312 3908 1369 3960 et
1414 3906 1589 3961 ﬁdem
1647 3912 1862 3964 sancta:

196 3994 514 4052 Trinitatis
534 3997 943 4067 susceperunt,
969 3995 1040 4049 de
1052 3994 1269 4066 quibus
1280 3994 1423 4049 dicit
1436 3994 1624 4052 Lucas
1641 4012 1654 4050 :
1672 4020 1699 4047 «
1717 3997 1865 4063 Quia

195 4084 586 4142 crediderunt
620 4100 741 4140 una
768 4082 863 4138 die
888 4082 1000 4138 tria
1030 4081 1235 4151 millia,
1271 4081 1453 4139 altera
1481 4084 1574 4139 die
1606 4084 1864 4158 quinque

194 4172 482 4244 millia,et
506 4172 783 4244 deinceps
814 4170 1005 4227 multa
1033 4170 1221 4226 millia
1250 4172 1384 4241 (Act.
1403 4190 1442 4227 ιι
1473 4181 1526 4228 et
1555 4174 1653 4245 Iv).
1688 4197 1714 4224 «
1736 4175 1863 4231 Non

193 4263 472 4329 stabunt,
507 4282 537 4309 »
567 4259 626 4316 id
657 4265 749 4316 est
795 4278 911 4317 non
960 4260 1405 4333 permanebunt,
1441 4284 1468 4311 ‹‹
1505 4262 1644 4318 Luci
1677 4269 1734 4319 et
1764 4264 1863 4320 de-

193 4351 405 4407 lubra:
426 4372 455 4400 ››
468 4348 805 4421 ubicunque
828 4347 1075 4421 apostoli
1097 4348 1575 4421 praedicaverunt.
1609 4352 1865 4409 Delubra

192 4443 346 4497 sunt
362 4437 1061 4511 templaidolorum.Luci
1084 4442 1281 4493 autem
1300 4455 1548 4521 nemora
1576 4441 1677 4496 ubi
1697 4446 1865 4497 erant

192 4528 507 4585 adiﬁcatas
534 4543 647 4583 arae
676 4527 1030 4582 daemonum.

1988 620 2073 674 xit
2102 620 2407 693 Propheta,
2450 622 2529 679 ibi
2561 630 2837 697 pascetur
2879 627 3121 696 vitulus,
3154 629 3213 683 id
3243 634 3333 686 est
3361 632 3420 688 in
3448 634 3643 704 vinea,

1990 709 2240 765 servavit
2261 712 2666 785 metaphoram
2688 731 2821 769 cum
2849 715 3021 772 dixit:
3043 718 3113 774 Et
3134 718 3469 775 devorabit«
3486 740 3645 781 sum-

1987 795 2221 853 mitates
2252 799 2400 870 ejus.
2437 823 2459 852 ι

2063 906 2084 933 α
2117 885 2177 940 In
2212 886 2473 943 siccitate
2502 890 2715 946 messis
2746 890 2907 947 illius
2935 896 3308 950 conterentur
3340 895 3636 966 mulieres,

1985 972 2283 1030 venientes
2313 979 2371 1030 et
2399 977 2674 1034 docentes
2708 996 2858 1035 eam.
2890 1002 2919 1031 »
2954 981 3347 1056 Metaphorice
3375 984 3639 1059 loquitur

1987 1060 2294 1133 Propheta,
2314 1081 2418 1136 per
2444 1081 2698 1123 messem
2725 1067 2813 1125 vel
2842 1069 3073 1127 vineam
3102 1070 3303 1129 volens
3332 1075 3637 1131 ostendere

1984 1148 2214 1222 plebem
2247 1151 2648 1210 Israeliticam.
2682 1156 2953 1214 Mulieres
2984 1158 3237 1231 appellat
3264 1161 3359 1218 hic
3387 1179 3635 1237 synago-

1984 1253 2090 1310 gas
2122 1240 2485 1298 diversarum
2534 1244 2798 1316 gentium
2846 1247 3267 1319 Egyptiorum,
3300 1250 3635 1308 Philistino-

1985 1344 2116 1383 rum
2146 1334 2627 1404 cazterarumque.
2662 1335 2907 1401 Quando
2950 1338 3149 1393 autem
3178 1337 3506 1394 Jerusalem
3538 1341 3637 1396 de-

1984 1420 2208 1472 structa
2236 1422 2326 1474 est
2346 1436 2379 1474 a
2400 1420 2767 1491 Romanis,et
2786 1423 2981 1480 omnis
3001 1424 3256 1499 papulas
3285 1427 3415 1497 ejus
3443 1427 3639 1498 praeda

1983 1504 2094 1559 fuit
2114 1507 2393 1578 gentibus
2421 1525 2731 1582 synagoga;
2753 1511 3116 1570 diversarum
3138 1514 3406 1587 gentium
3427 1532 3556 1588 quae
3576 1515 3639 1573 in

1981 1593 2229 1651 circuitu
2251 1597 2379 1667 ejus
2399 1602 2992 1664 erant,convenerunt
3006 1602 3079 1657 ad
3100 1602 3351 1673 illam,et
3370 1605 3635 1661 contrita

1980 1686 2121 1737 sunt
2151 1683 2347 1740 dolore
2375 1690 2433 1741 et
2462 1685 2645 1756 luctu,
2680 1705 2796 1744 non
2830 1689 2900 1745 de
2931 1690 3157 1746 Domini
3204 1692 3497 1763 passione,
3532 1694 3635 1750 sed

1980 1771 2051 1825 de
2074 1772 2449 1829 subversione
2478 1779 2655 1831 tanta:
2686 1776 3065 1835 civitatis.Vel
3086 1778 3261 1835 etiam
3294 1780 3633 1837 Judaeorum

1981 1859 2296 1916 mulierum
2314 1863 2609 1935 sapientes
2626 1881 2754 1937 quae
2777 1866 3053 1940 dispersa;
3075 1872 3243 1924 erant
3253 1885 3358 1941 per
3370 1869 3632 1926 diversas

1981 1948 2527 2024 regiones,quzeque
2557 1954 2741 2009 solitae
2773 1959 2940 2011 erant
2964 1956 3160 2013 venire
3189 1960 3325 2014 ante
3356 1956 3519 2014 illam
3544 1975 3636 2015 ca-

1978 2037 2328 2108 ptivitatem,
2361 2044 2419 2096 et
2448 2042 2653 2099 docere
2702 2060 2801 2100 cos
2849 2044 3102 2116 qualiter
3147 2062 3211 2101 se
3239 2051 3635 2120 praepararent

1979 2130 2183 2183 contra
2213 2127 2413 2185 hostes
2446 2146 2459 2184 :
2500 2147 2635 2187 eum
2674 2132 2980 2189 audissent
3009 2150 3139 2190 eam
3168 2134 3427 2190 dirutam
3461 2139 3518 2191 et
3545 2153 3635 2193 ve-

1978 2214 2209 2271 nissent
2237 2215 2434 2273 videre
2462 2219 2847 2291 ignominiam
2879 2237 3123 2277 suorum
3143 2222 3633 2297 propinquorum,

1979 2304 2240 2359 contritae
2267 2310 2407 2361 sunt
2436 2312 2495 2362 et
2524 2307 2736 2364 attrita:
2787 2309 2985 2366 dolore
3035 2311 3240 2367 nimio.
3274 2311 3440 2368 Sicut
3475 2311 3634 2370 enim

1976 2393 2373 2449 verecundum
2398 2394 2511 2450 fuit
2538 2395 2683 2452 illud
2707 2398 2863 2470 quod
2889 2399 3151 2456 Debbora
3176 2399 3279 2455 ivit
3298 2399 3358 2455 in
3390 2394 3632 2472 bellum,

1976 2485 2032 2536 et
2063 2481 2173 2537 hoc
2205 2483 2360 2554 quod
2419 2483 2575 2541 Orda
2631 2486 2844 2542 mulier
2899 2487 3246 2544 imminente
3303 2488 3637 2562 captivitate

1977 2569 2381 2626 Chaldaeorum
2412 2575 2744 2630 tacentibus
2776 2575 2917 2630 viris
2950 2575 3337 2648 prophetavit,
3370 2576 3455 2632 sic
3486 2593 3634 2649 quo-

1977 2674 2091 2728 que
2122 2663 2290 2731 turpe
2323 2662 2642 2716 admodum
2674 2663 2802 2733 fuit,
2828 2665 2983 2734 quod
3017 2663 3294 2720 mulieres
3324 2665 3396 2720 ad
3429 2666 3636 2722 docen-

1977 2745 2117 2801 dum
2141 2746 2272 2802 illos
2290 2749 2604 2804 veniebant
2624 2750 2970 2808 imminente
2990 2751 3323 2823 captivitate
3344 2750 3632 2808 Romano-

1976 2835 2201 2889 rum.ln
2231 2834 2493 2892 siccitate
2524 2854 2659 2911 ergo
2687 2838 3033 2895 vastationis
3061 2837 3387 2895 Jerusalem
3418 2839 3633 2896 mulie-

1976 2940 2069 2978 res
2098 2940 2226 2995 quze
2257 2923 2438 2980 solitze
2470 2929 2636 2982 erant
2662 2927 2858 2983 venire
2887 2931 2945 2983 et
2975 2927 3179 2984 docere
3210 2943 3331 3002 eos,
3367 2928 3629 2985 contrita

1976 3016 2138 3077 sunt,
2168 3013 2431 3069 videntes
2461 3014 2847 3087 ignominiam
2878 3032 3143 3072 suorum.
3165 3016 3328 3073 cNon
3358 3020 3449 3073 est
3466 3016 3625 3074 enim

1975 3100 2229 3173 populus
2252 3102 2823 3177 sapiens,propterea
2851 3121 2969 3161 non
2999 3103 3375 3161 miserebitur
3394 3104 3447 3160 ei
3469 3104 3626 3163 Deus

1976 3190 2077 3263 qui
2109 3190 2246 3247 fecit
2296 3208 2454 3247 eum.
2483 3215 2512 3244 »
2545 3194 2692 3250 Ecce
2748 3194 2844 3250 hic
2899 3195 3265 3251 demonstrat
3318 3195 3625 3268 propheta,

1977 3296 2157 3352 quare
2186 3279 2462 3338 mulieres
2490 3282 2917 3340 conveniebant
2945 3282 3339 3352 eos,videlicet
3366 3288 3434 3340 ut
3464 3284 3630 3342 doce-

1973 3372 2103 3424 rent
2130 3368 2264 3426 illos
2293 3369 2431 3442 quia
2459 3370 2631 3427 inscii
2661 3376 2848 3445 erant,
2888 3372 3136 3445 ideoque
3162 3372 3539 3430 incurrerunt
3564 3372 3626 3431 in

1973 3458 2412 3515 damnationem
2444 3460 2558 3516 sui.

2047 3568 2076 3597 (ι
2105 3547 2177 3603 Et
2205 3546 2315 3603 erit
2343 3546 2403 3602 in
2437 3547 2530 3605 die
2558 3547 2719 3617 illa,»
2750 3549 2860 3605 hoc
2890 3554 2980 3605 est
3006 3549 3069 3605 in
3098 3552 3363 3623 tempore
3389 3549 3627 3622 captivi-

1972 3634 2111 3690 tatis
2141 3635 2490 3705 Jerusalem,
2513 3660 2541 3687 «
2566 3637 2851 3710 percutiet
2879 3636 3165 3694 Dominus
3198 3658 3227 3686 »
3256 3652 3491 3693 omnem
3514 3640 3626 3692 ter-

1972 3740 2097 3778 ram
2125 3723 2485 3791 Judaaorum,
2528 3748 2557 3775 «
2582 3725 2654 3780 ab
2685 3724 2845 3780 alveo
2891 3723 3175 3790 ﬂuminis,
3211 3745 3240 3774 ››
3271 3723 3381 3779 hoc
3405 3728 3515 3792 est,
3548 3725 3622 3781 ab

1971 3811 2265 3883 Euphrate
2286 3812 2530 3868 ﬂumine
2561 3836 2589 3863 «
2622 3828 2811 3884 usque
2842 3812 2914 3867 ad
2945 3815 3267 3868 torrentem
3307 3811 3556 3884 Egypti,
3588 3833 3619 3864 ι»

1970 3899 2029 3954 id
2052 3903 2141 3956 est
2161 3916 2347 3971 usque
2360 3900 2431 3955 ad
2444 3899 2881 3956 Nilum.Melius
2902 3899 3226 3955 habeturin
3247 3900 3624 3973 septuaginta

1971 3990 2521 4062 interpretibus,qui
2553 3990 2760 4046 dicunt
2789 3990 2861 4047 ab
2887 3988 3186 4062 Euphrate
3216 4004 3404 4061 usque
3432 3989 3505 4044 ad
3530 3988 3622 4045 Ri-

1972 4095 2340 4135 nocoruram.
2374 4080 2478 4135 Est
2504 4079 2663 4135 enim
2693 4079 2855 4135 rivus
2893 4095 3009 4135 non
3040 4078 3186 4135 adeo
3215 4093 3490 4151 magnus,
3520 4075 3624 4151 qui

1972 4167 2180 4226 dividit
2221 4172 2437 4223 terram
2489 4166 2963 4240 repromissionis
2991 4171 3048 4223 et
3084 4167 3397 4241 Egyptum
3447 4182 3627 4240 super

1972 4273 2148 4331 quem
2171 4257 2532 4313 Rinocorura
2552 4256 2758 4313 civitas
2787 4257 2903 4313 sita
2930 4255 3163 4322 est.Qui
3192 4272 3397 4313 versus
3426 4255 3509 4311 ita
3536 4257 3628 4313 est

1971 4345 2386 4418 intelligendus
2409 4346 2564 4418 quod
2585 4362 2621 4402 a
2636 4345 2763 4402 loco
2783 4345 2844 4401 in
2866 4361 2982 4417 quo
3004 4343 3319 4400 inchoatur
3339 4359 3528 4415 usque
3549 4344 3623 4401 ad

1972 4452 2108 4492 eum
2130 4434 2325 4491 locum
2345 4435 2447 4490 ubi
2477 4433 2887 4502 terminatur,a
2907 4430 3188 4490 Romanis
3203 4431 3281 4487 sit
3294 4430 3625 4502 depraadata

1973 4523 2166 4581 omnis
2198 4524 2355 4596 regio
2383 4524 2743 4581 Judaaorum.
2768 4546 2796 4573 ‹‹
2810 4523 2881 4578 Et
2906 4537 3008 4577 vos
3038 4518 3537 4592 congregabimini
3566 4522 3626 4576 et

267 4642 301 4668 ‹‹
328 4616 551 4672 Civitas
573 4614 802 4671 munita
819 4613 1081 4670 desolata
1101 4615 1276 4670 erit.»
1310 4615 1548 4672 Transit
1580 4618 1869 4690 Propheta
1899 4634 1947 4699 Ι)
1973 4631 2179 4671 omnes
2210 4613 2315 4668 filii
2347 4613 2582 4670 Israel.»
2611 4613 2734 4668 Vox
2764 4609 3060 4684 prophetae
3091 4609 3164 4665 ad
3195 4605 3461 4699 illosqui
3481 4610 3625 4699 post

190 4707 269 4763 ad
294 4705 747 4763 subversionem
767 4702 1096 4760 Jerusalem
1120 4721 1247 4776 quae
1281 4703 1390 4759 fuit
1421 4710 1655 4776 peracta
1687 4724 1721 4762 a
1749 4709 1861 4764 Ro-

189 4792 731 4851 manis.Civitatem
759 4792 1050 4848 munitam
1084 4792 1340 4864 appellat
1363 4793 1714 4867 Jerusalem,
1736 4813 1865 4868 quzs

188 4884 511 4958 quondam
536 4881 644 4936 fuit
674 4880 903 4936 munita
923 4883 1190 4937 custodia
1212 4882 1555 4954 angelorum
1580 4887 1635 4939 et
1656 4885 1862 4940 muris.

189 4998 219 5023 α
259 4971 554 5045 Speciosa
587 4993 609 5019 ι)
646 4970 870 5038 civitas,
904 4988 1031 5043 qua:
1066 4972 1175 5026 fuit
1208 4973 1575 5044 temporibus
1606 4974 1780 5029 David
1812 4977 1869 5030 et

185 5061 563 5130 Salomonis,
621 5058 793 5132 plena
847 5060 1005 5114 omni
1067 5060 1371 5131 dignitate,
1435 5084 1463 5112 «
1507 5062 1870 5135 relinquetur

183 5149 378 5224 quasi
412 5150 736 5214 desertum,
771 5152 830 5203 et
859 5148 1187 5205 dimittetur
1221 5172 1247 5199 »
1282 5167 1316 5205 a
1351 5148 1492 5207 Deo.

266 5264 299 5289 ιι
322 5238 407 5295 Ibi
432 5243 710 5311 pascetur
728 5238 969 5308 vitulus,
997 5243 1054 5295 et
1084 5238 1165 5293 ibi
1197 5240 1527 5308 accubabit,
1562 5247 1620 5297 et
1649 5260 1860 5299 consu-

184 5332 327 5383 met
355 5325 732 5383 summitates
761 5327 908 5398 ejus.
931 5350 959 5378 »
989 5327 1255 5383 Vitulum
1290 5328 1544 5400 appellat
1575 5330 1771 5386 Titum
1804 5335 1862 5385 et

183 5418 609 5473 Romanorum
632 5417 975 5489 exercitum,
999 5433 1172 5489 quem
1207 5417 1264 5471 in
1299 5418 1527 5489 psalmo
1559 5420 1739 5475 David
1763 5435 1860 5474 vo-

180 5506 361 5562 cavit
389 5520 601 5577 aprum
632 5505 833 5561 dicens
867 5523 879 5560 :
916 5529 944 5556 ‹‹
976 5505 1239 5561 Vastavit
1286 5523 1415 5561 eam
1447 5524 1585 5578 aper
1615 5509 1685 5564 de
1716 5507 1863 5563 silva

180 5594 381 5665 (Psal.
415 5594 624 5661 LXXIX).
664 5615 692 5641 »
721 5592 905 5648 Sicuti
934 5594 1102 5649 vinea
1129 5594 1475 5663 exsiccatur,
1508 5597 1555 5650 si
1590 5596 1864 5668 palmites

178 5691 250 5745 et
284 5679 649 5759 propagines
676 5682 879 5739 excisae
912 5683 1127 5741 fuerint
1159 5701 1172 5739 :
1206 5684 1290 5740 sic
1322 5684 1421 5740 illa
1450 5684 1655 5742 civitas
1687 5687 1863 5744 exsic-

1973 4703 2375 4760 ascensionem
2394 4701 2627 4757 Domini
2651 4698 3106 4773 praedicantibus
3129 4696 3410 4771 apostolis
3428 4697 3501 4753 ad
3517 4696 3625 4754 Do-

1975 4794 2205 4849 minum
2237 4791 2497 4848 conversi
2528 4791 2774 4857 sunt,de
2806 4789 3023 4863 quibus
3053 4788 3267 4846 dicitur
3293 4788 3354 4844 in
3382 4788 3623 4845 Actibus

1976 4880 2372 4953 apostolorum
2406 4879 2541 4949 (Act.
2576 4896 2615 4935 ιι
2645 4883 2702 4936 et
2738 4883 2838 4949 Iv),
2871 4879 3028 4951 quod
3080 4895 3200 4935 una
3245 4877 3340 4932 die
3364 4875 3624 4933 credide-

1975 4974 2112 5025 runt
2131 4968 2243 5024 tria
2264 4968 2534 5040 millia,et
2554 4968 2892 5025 caeteraPro
2924 4967 3213 5042 paucitate
3236 4969 3431 5023 autem
3460 4963 3621 5035 dicit,

1976 5077 2130 5115 unus
2161 5062 2217 5115 et
2247 5075 2425 5114 unus.
2459 5058 2910 5131 Comparatione
2956 5058 3114 5114 enim
3161 5056 3396 5112 illorum
3436 5053 3535 5126 qui
3560 5052 3622 5111 in

1976 5149 2221 5221 perﬁdia
2250 5153 2307 5205 et
2334 5148 2678 5205 inﬁdelitate
2724 5151 3153 5219 remanserunt,
3188 5144 3358 5219 pauci
3388 5144 3625 5201 fuerunt

1968 5236 2055 5293 illi
2083 5255 2349 5296 numero.

2042 5350 2069 5377 ‹‹
2102 5328 2173 5382 Et
2203 5327 2313 5383 erit
2342 5328 2400 5382 in
2428 5326 2521 5383 die
2552 5325 2712 5394 illa,»
2726 5325 2784 5380 id
2806 5328 2897 5381 est
2920 5329 3052 5397 post
3080 5324 3485 5382 ascensionem
3517 5323 3624 5380 Do-

1973 5415 2233 5487 mini,vel
2266 5419 2397 5487 post
2425 5414 2865 5470 subversionem
2896 5412 3082 5486 urbis,
3109 5435 3137 5465 (ί
3158 5413 3461 5487 clangetur
3490 5434 3519 5463 »
3551 5412 3625 5469 ab

1972 5504 2250 5579 apostolis
2283 5528 2310 5555 ‹‹
2341 5504 2564 5560 intuba
2594 5520 2865 5577 magna,»
2888 5503 2947 5558 id
2970 5507 3058 5560 est
3078 5502 3139 5560 in
3169 5503 3435 5560 doctrina
3450 5518 3624 5560 evan-

1972 5596 2178 5670 gelica,
2209 5618 2237 5645 ‹‹
2257 5598 2314 5650 et
2334 5592 2721 5650 convenient»
2750 5592 3000 5666 gentiles
3021 5593 3093 5650 ad
3117 5593 3313 5663 ﬁdem,
3336 5616 3363 5643 ‹‹
3380 5591 3480 5666 qui
3501 5606 3628 5667 per-

1973 5685 2080 5742 diti
2101 5685 2373 5742 fuerant»
2394 5700 2498 5759 per
2517 5682 2908 5741 idololatriam
2920 5705 2948 5735 «
2964 5683 3037 5739 de
3056 5686 3213 5741 terra
3230 5681 3624 5764 Assyriorum,
