4090 6192
287 260 406 323 849

1361 260 1776 324 COMMENT.
1822 261 1901 322 IN
1946 260 2235 322 ISAJAM.
2268 297 2348 308 —
2377 265 2526 325 LIB.
2574 266 2648 326 II.

3587 273 3712 339 850

288 393 570 453 ebrietate
599 398 958 450 erraverunt.
986 414 1010 445 ι
1038 393 1350 467 Propterea
1378 395 1519 467 quia
1545 394 1702 451 Juda
1724 397 1781 450 et
1800 394 1945 450 Ben-
1972 392 2028 461 Α
2058 410 2199 451 rena
2226 399 2285 451 et
2314 401 2655 470 appetentes
2696 398 2971 455 cmlestia.
3005 401 3181 458 Juxta
3226 403 3381 475 quod
3432 408 3709 480 praecepit

280 484 472 558 jamin
502 483 619 540 cito
651 482 1011 556 praavaricati
1043 488 1183 540 sunt
1209 483 1398 557 legem
1430 483 1661 540 Domini
1712 484 1866 540 sicut
1892 487 1950 539 et

289 573 413 632 alia:
445 573 649 630 decem
678 571 891 640 tribus,
924 588 1053 645 quae
1083 572 1286 644 procul
1317 574 1504 627 ducta:
1535 577 1678 628 sunt
1707 573 1767 628 in
1811 590 1946 645 cap-

284 662 596 728 tivitatem,
625 678 732 717 nec
762 661 1048 717 recordati
1082 666 1222 718 sunt
1251 662 1541 733 bonorum
1578 662 1811 718 Domini
1844 664 1943 735 qui

287 753 448 827 ipsos
462 750 818 819 liberavitde
837 751 1114 807 manibus
1133 750 1508 807 inimicorum
1520 751 1802 824 ,loquitur
1816 770 1949 807 con-

286 848 379 899 tra
408 858 508 899 eos
539 840 825 914 propheta
849 844 906 897 et
934 839 1078 896 dicit
1108 838 1363 896 :Verum
1394 840 1454 896 hi
1484 857 1740 913 quoque,
1775 840 1831 896 id
1857 845 1947 897 est

284 932 440 989 Juda
464 937 523 987 et
551 928 858 1002 Benjamin
890 946 1007 1002 pra:
1034 927 1172 984 vino
1203 929 1561 996 nescierunt,
1589 929 1698 985 hoc
1719 934 1808 985 est
1827 948 1942 1002 prae

283 1036 478 1077 errore
493 1036 609 1093 quo
628 1018 853 1091 decepti
884 1021 1027 1075 sunt
1055 1018 1391 1074 nescierunt
1417 1022 1742 1075 Creatorem
1766 1036 1941 1074 suum

285 1126 354 1166 ac
382 1109 778 1175 liberatorem,
810 1111 869 1163 et
898 1123 1014 1177 prae
1046 1106 1345 1175 ebrietate,
1381 1107 1488 1163 hoc
1518 1112 1605 1163 est
1635 1124 1738 1179 pro
1760 1108 1940 1163 idolo-

283 1197 477 1265 latria,
528 1198 869 1252 erraverunt
925 1194 1263 1251 recedentes
1301 1213 1336 1251 a
1365 1196 1500 1251 Deo.
1537 1219 1563 1245 ‹‹
1597 1197 1880 1253 Sacerdos
1914 1219 1940 1245 ››

283 1286 529 1359 iniquus
557 1307 586 1336 «
619 1289 679 1341 et
698 1283 985 1357 propheta
1005 1305 1032 1333 »
1052 1282 1240 1340 falsus
1257 1308 1283 1333 «
1306 1285 1642 1341 nescierunt
1665 1307 1692 1334 ››
1717 1285 1943 1341 Creato-

284 1391 409 1432 rem
438 1390 615 1430 suum
647 1395 676 1424 «
707 1389 824 1445 prae
853 1371 1152 1439 ebrietate,
1182 1394 1210 1421 »
1237 1372 1345 1427 hoc
1376 1377 1465 1427 est
1494 1391 1598 1445 pro
1631 1373 1793 1429 cultu
1825 1374 1939 1428 daa-

284 1480 551 1531 monum,
592 1462 809 1535 quibus
867 1462 1218 1517 serviebant.
1251 1486 1279 1512 «
1313 1463 1384 1517 Et
1431 1462 1691 1534 absorpti
1741 1467 1881 1519 sunt
1906 1480 1941 1518 a

281 1553 475 1621 vino,»
507 1551 565 1608 id
596 1555 687 1607 est
715 1551 787 1607 ab
818 1567 1013 1607 errore
1046 1549 1215 1606 falso.
1251 1574 1278 1600 «
1310 1552 1663 1607 Erraverunt
1694 1574 1722 1601 »
1755 1569 1942 1608 sacer-

284 1643 393 1699 dos
423 1645 481 1697 et
508 1639 792 1713 propheta
822 1662 851 1689 «
886 1640 944 1694 in
976 1638 1313 1705 ebrietate,»
1343 1637 1451 1694 hoc
1481 1643 1571 1695 est
1600 1640 1660 1695 in
1694 1640 1939 1696 idolola-

280 1731 417 1788 tria.
442 1754 470 1781 «
494 1730 842 1786 Nescierunt
869 1726 1221 1795 videntem,»
1246 1728 1304 1783 id
1339 1732 1428 1783 est
1456 1745 1570 1783 non
1604 1730 1937 1786 considera-
1971 1759 2019 1824 Β

280 1823 493 1875 verunt
521 1818 681 1891 quod
730 1818 907 1884 Deus,
942 1816 1043 1889 qui
1094 1816 1294 1872 omnia
1341 1817 1630 1873 absconsa
1676 1822 1943 1890 penetrat

280 1925 393 1966 suo
436 1907 677 1976 intuitu,
709 1909 972 1963 cerneret
1019 1920 1221 1961 eorum
1269 1905 1651 1977 cogitationes
1681 1911 1738 1962 et
1763 1907 1935 1966 facta.

280 2021 314 2049 ‹‹
346 1998 765 2071 Ignoraverunt
785 1993 1102 2066 judicium,
1138 2016 1166 2043 ››
1199 1993 1529 2050 nescientes
1558 1995 1773 2051 habere
1813 1997 1939 2052 dis-

279 2087 602 2145 orationem
628 2085 780 2141 inter
799 2085 1033 2156 justum
1061 2088 1117 2140 et
1144 2083 1576 2156 impium,inter
1591 2090 1860 2143 sanctum
1883 2092 1942 2144 et

282 2177 491 2251 profan
500 2192 599 2231 um
610 2218 624 2231 .

359 2289 389 2318 α
417 2265 633 2322 Omnes
654 2279 869 2319 mensa:
901 2285 929 2314 »
962 2262 1199 2319 illorum
1231 2285 1260 2314 «
1291 2263 1522 2336 repletae
1549 2269 1688 2321 sunt
1716 2266 1939 2323 vomitu

279 2355 689 2427 sordiumque,
712 2353 795 2409 ita
817 2356 882 2409 ut
911 2368 1028 2408 non
1057 2356 1215 2408 esset
1235 2352 1387 2407 ultra
1410 2352 1574 2409 locus
1596 2377 1624 2403 ››
1647 2354 1707 2409 in
1728 2355 1813 2411 eis
1835 2356 1941 2412 Do-

280 2446 468 2503 mino.
498 2443 798 2500 Vomitum
829 2445 888 2498 et
910 2442 1116 2498 sordes
1162 2441 1360 2513 posuit
1405 2442 1564 2497 omni
1612 2442 1937 2500 immundi-

278 2536 368 2593 tia
395 2538 454 2591 et
480 2531 761 2606 spurcitia
778 2536 836 2587 et
855 2530 1149 2587 sordibus.
1174 2531 1255 2585 De
1275 2530 1384 2586 hoc
1406 2531 1583 2586 dicit:
1611 2532 1756 2599 Quia
1778 2537 1936 2605 post-

280 2640 464 2696 quam
494 2620 725 2677 liborati
753 2623 896 2675 sunt
924 2636 959 2675 a
988 2617 1234 2674 Domino
1262 2620 1332 2675 de
1364 2621 1639 2677 manibus
1669 2622 1937 2678 inimico-

283 2728 444 2779 rum,
476 2710 675 2767 statim
703 2708 969 2765 conversi
999 2712 1139 2764 sunt
1166 2709 1238 2763 ad
1286 2725 1539 2764 errorem
1595 2710 1935 2782 pristinum,

279 2801 597 2858 adorantes
626 2796 783 2853 idola
812 2797 873 2851 in
898 2796 1046 2852 lucis
1072 2801 1129 2853 et
1149 2797 1489 2853 nemoribus
1510 2798 1752 2871 insuper
1770 2804 1827 2855 et
1848 2818 1941 2856 su-

281 2906 393 2963 per
418 2892 591 2955 tecta,
623 2890 682 2942 et
708 2902 913 2942 omnes
943 2884 1106 2941 cibos
1139 2884 1356 2957 quibus
1384 2887 1789 2956 vescebantur,
1823 2890 1936 2943 da:-

284 2978 567 3035 monibus
597 2974 1370 3040 consecmbant,statuentes
1393 2993 1628 3032 mensas
1653 2981 1787 3032 ante
1807 2995 1939 3033 aras

281 3067 543 3124 illorum.
577 3066 766 3121 Locus
795 3079 931 3136 ergo
963 3080 1078 3119 non
1110 3067 1200 3120 est
1231 3065 1504 3121 inventus
1531 3064 1591 3120 in
1622 3065 1706 3122 eis
1737 3066 1938 3122 Domi-

2056 483 2343 541 Dominus
2374 503 2387 541 :
2425 508 2452 536 ‹‹
2484 486 2665 555 Vade,
2694 488 2878 543 vende
2908 489 3106 544 omnia
3154 507 3280 563 qua:
3328 492 3617 564 possides,
3648 497 3706 552 et

2057 590 2299 645 sequere
2329 592 2423 630 me
2454 575 2655 647 (Matth.
2689 580 2765 644 Χ).
2804 601 2831 625 ››
2861 578 2931 632 Et
2974 577 3055 632 illi
3106 578 3251 634 tales
3300 580 3607 639 ambulant
3633 584 3706 639 de

2053 661 2266 718 virtute
2297 663 2356 717 in
2393 664 2875 733 virtutem,donec
2895 666 3164 722 videatur
3193 668 3347 725 Deus
3379 669 3621 728 deorum
3643 671 3704 728 in

2055 750 2191 806 Sion
2225 754 2395 819 (Psat.
2418 757 2543 823 vm)
2577 771 2589 809 :
2624 759 2682 810 et
2711 758 3016 811 manentes
3047 756 3238 811 adhuc
3266 756 3327 812 in
3359 774 3532 815 carne
3562 777 3703 833 pos-

2054 844 2194 895 sunt
2219 841 2408 897 dicere
2438 859 2572 898 cum
2603 843 2877 914 Apostolo
2911 861 2924 898 :
2960 866 2988 894 «
3023 846 3233 901 Nostra
3260 848 3621 905 conversatio
3642 849 3702 906 in

2053 926 2212 984 ’cmlis
2242 935 2331 985 est
2360 932 2591 1004 (Philip.
2627 935 2735 1000 ιιι).
2770 955 2798 982 n
2833 934 2945 988 Lac
2977 934 3135 1005 sugit
3165 934 3376 1007 aliquis
3405 940 3697 1007 nostrum,

2052 1034 2187 1072 cum
2220 1018 2362 1073 dicit
2395 1036 2409 1073 :
2445 1043 2471 1069 ‹‹
2508 1021 2676 1075 Pater
2709 1025 2906 1076 noster
2936 1022 3036 1093 qui
3065 1040 3127 1078 es
3176 1023 3236 1079 in
3285 1024 3445 1081 caelis
3492 1025 3697 1095 (Matth.

2052 1110 2150 1174 γι).
2177 1129 2205 1155 ››
2228 1107 2425 1163 Solido
2447 1108 2574 1164 cibo
2595 1110 2852 1164 vescitur
2872 1110 3093 1182 ille,qui
3122 1112 3281 1167 novit
3310 1112 3500 1171 dicere
3525 1115 3699 1173 sicuti

2050 1195 2366 1252 dicendum
2398 1201 2489 1252 est
2521 1215 2533 1252 :
2570 1221 2597 1246 ‹‹
2633 1198 2696 1252 Ιιι
2747 1198 3033 1271 principio
3083 1205 3209 1255 erat
3234 1201 3491 1260 Verbum
3520 1205 3698 1274 (Joan.

2049 1285 2112 1354 1),
2149 1307 2175 1333 ››
2207 1289 2264 1341 ct
2292 1285 2535 1357 reliqua.

2124 1395 2152 1423 ‹‹
2184 1373 2330 1439 Quia
2352 1375 2570 1430 manda
2599 1377 3180 1448 remanda,exspecta
3211 1383 3701 1453 reexspecta,mo-

2048 1462 2244 1518 dicum
2278 1462 2379 1533 ibi,
2411 1463 2707 1519 modicum
2740 1464 2842 1520 ibi.
2871 1488 2898 1514 ››
2930 1464 3312 1537 Omnipotens
3344 1467 3497 1525 Deus
3528 1471 3699 1542 cujus

2048 1550 2449 1607 misericordia
2478 1553 2677 1607 omnia
2706 1554 3060 1622 subsistunt,
3087 1578 3115 1604 ‹‹
3139 1554 3236 1627 qui
3262 1573 3378 1611 non
3410 1554 3704 1616 desiderat

2048 1646 2296 1696 mortem
2327 1642 2778 1714 peccatoris,sed
2808 1643 2932 1698 vult
2964 1648 3027 1697 ut
3057 1648 3429 1700 convertatur
3447 1662 3553 1718 per
3580 1663 3700 1719 pm-

2048 1729 2351 1786 nitcntiam
2390 1734 2447 1786 et
2476 1730 2631 1787 vivat
2679 1732 2890 1797 (Ezech.
2922 1735 3104 1798 xvm),
3142 1753 3169 1781 »
3203 1731 3554 1804 praedicebat
3599 1752 3704 1807 per

2048 1819 2361 1891 prophetas
2393 1837 2531 1876 suos
2562 1819 2948 1892 captivitates,
2981 1823 3038 1875 et
3067 1819 3222 1875 mala
3253 1836 3380 1892 quae
3410 1837 3698 1893 passurus

2048 1911 2173 1963 erat
2199 1907 2293 1963 ille
2324 1908 2578 1981 populus
2610 1926 2643 1963 a
2663 1908 3201 1964 Nabuchodonosor
3219 1908 3306 1963 vel
3326 1925 3360 1965 a
3374 1909 3702 1968 Sennache-

2047 1998 2159 2063 rib,
2191 2001 2255 2052 ut
2286 1998 2686 2069 prmtermittet
2732 2013 2987 2053 errorem
3036 2013 3212 2053 suum
3262 2000 3604 2056 convertens
3635 2016 3698 2056 se

2046 2086 2119 2142 ad
2154 2084 2460 2141 illum.Sed
2491 2083 2590 2141 ille
2622 2084 2721 2157 qui
2753 2101 2984 2157 semper
3012 2087 3172 2141 dura:
3195 2085 3435 2143 cervicis
3453 2086 3696 2157 exstitit,

2046 2174 2287 2230 irritans
2317 2175 2501 2230 Deum
2534 2174 2659 2230 suis
2682 2173 2955 2246 operibus
2980 2179 3287 2247 propterea
3308 2174 3447 2247 quia
3465 2174 3701 2249 captivi-

2047 2268 2139 2319 tas
2171 2263 2369 2319 statim
2402 2266 2468 2319 ut
2497 2263 2582 2319 eis
2612 2262 3078 2318 annuntiabatur
3097 2280 3213 2318 non
3235 2263 3503 2320 veniebat
3524 2279 3703 2337 super

2045 2352 2177 2408 illos
2209 2368 2222 2407 :
2258 2352 2530 2408 dicebant
2568 2352 2639 2407 ad
2690 2351 3033 2424 prophetam
3085 2351 3403 2407 deridendo
3437 2367 3451 2407 :
3486 2352 3701 2410 Manda

2048 2442 2348 2509 remanda,
2377 2440 2438 2495 id
2467 2444 2555 2496 est
2587 2441 2834 2513 praecipe
2865 2457 2993 2513 qua:
3036 2442 3222 2497 facere
3269 2441 3611 2509 debeamus,
3640 2443 3701 2497 et

2048 2531 2273 2586 minare
2304 2529 2473 2585 nobis
2499 2529 2656 2585 mala
2680 2547 2693 2584 :
2720 2547 2835 2584 non
2864 2528 3058 2584 veniet
3086 2530 3245 2585 enim
3276 2545 3454 2603 super
3471 2546 3578 2587 nos
3598 2529 3701 2587 illo

2045 2620 2107 2675 in
2138 2623 2397 2690 tempore
2430 2617 2676 2672 malum.
2707 2619 2781 2671 At
2810 2621 3015 2672 contra
3044 2617 3367 2689 Propheta:
3392 2618 3698 2691 Exspecta,

2046 2713 2104 2764 et
2135 2708 2343 2763 iterum
2377 2709 2729 2778 recxspecta,
2764 2709 2820 2760 et
2850 2705 3147 2760 modicum
3170 2705 3273 2772 ibi,
3297 2706 3619 2763 saubaudis
3640 2707 3700 2762 in

2049 2797 2148 2851 illa
2173 2794 2601 2867 exspectatione
2632 2810 2942 2865 permane:
2972 2794 3110 2865 quia
3137 2793 3376 2850 veniens
3396 2794 3588 2851 veniet
3607 2812 3703 2851 su-

2047 2904 2150 2958 per
2180 2890 2233 2939 te
2264 2883 2590 2939 calamitas.
2624 2883 2693 2937 Et
2721 2881 2863 2953 quid
2894 2882 2941 2937 si
2975 2883 3146 2937 modo
3178 2899 3294 2937 non
3317 2880 3704 2939 venerit‘IVe.

2047 2975 2168 3029 niet
2200 2970 2399 3045 procul
2431 2971 2609 3025 dubio
2650 2970 3021 3042 quandoque.
3056 2969 3143 3025 Illi
3190 2987 3324 3026 vero
3374 2964 3702 3029 econtrario

2048 3080 2163 3117 non
2187 3078 2249 3117 se
2269 3060 2637 3130 corrigebant
2659 3060 2731 3114 de
2751 3058 2876 3113 suis
2898 3058 3254 3114 facinoribus
3276 3062 3334 3114 ct
3355 3056 3699 3128 sceleribus,

280 3175 384 3227 no,
417 3156 558 3230 quia
584 3153 804 3227 repleta
830 3126 997 3209 erant
1021 3153 1197 3209 corda
1244 3153 1479 3210 illorum
1527 3155 1660 3210 odio
1691 3159 1748 3210 et
1776 3156 1935 3211 omni
1967 3126 2010 3193 (ἶ
2048 3153 2148 3208 sed
2198 3151 2324 3222 ipsa
2369 3126 2546 3205 verba
2590 3148 2884 3220 prophetae
2927 3148 3242 3202 sumebant
3287 3146 3339 3202 ei
3390 3126 3694 3203 dicentes:

281 3245 614 3318 iniquitate.
648 3243 812 3300 Sicut
839 3242 966 3315 ipse
998 3242 1056 3296 in
1089 3242 1401 3315 Evangelio
1422 3242 1731 3316 dicitlcgis
1749 3245 1941 3301 docto-

282 3336 335 3392 ri
373 3352 387 3392 ;
420 3357 448 3385 ((
477 3332 694 3405 Vulpes
726 3332 915 3388 foveas
943 3331 1163 3387 habent
1184 3331 1242 3386 in
1264 3332 1437 3387 corde
1457 3336 1654 3401 suo,et
1676 3332 1938 3389 volucres

280 3424 414 3481 caeli
445 3424 637 3480 nidos.
672 3420 850 3479 Filius
883 3427 1080 3477 autem
1131 3420 1390 3476 hominis
1440 3438 1555 3478 non
1606 3422 1803 3492 habet,
1839 3422 1936 3478 ubi

281 3516 464 3586 caput
492 3511 735 3567 reclinet
762 3510 965 3579 (Matth.
998 3514 1142 3577 vm).
1181 3532 1209 3559 ››

357 3625 388 3652 «ι
419 3602 603 3669 Quem
634 3599 865 3656 docebit
883 3598 1213 3666 scientia,et
1229 3614 1402 3670 quem
1426 3598 1750 3672 intelligere
1773 3600 1943 3655 faciet

284 3689 599 3748 auditum?
617 3688 959 3745 Ablactatus
990 3704 1025 3742 a
1051 3686 1468 3755 lacte,avulsus
1498 3688 1572 3743 ab
1602 3688 1942 3743 uberibus.»

282 3778 409 3835 Vox
434 3777 752 3851 prophetat.
775 3776 1116 3832 Ablactatus
1147 3775 1613 3848 dicitur.quasi.a
1632 3776 1780 3832 lacte
1808 3779 1941 3833 abs-

283 3870 533 3937 tractus,
560 3866 660 3939 qui
693 3864 882 3921 solido
912 3864 1042 3921 cibo
1066 3864 1342 3920 vescitur.
1356 3864 1609 3921 Avulsus
1640 3866 1712 3921 ab
1745 3866 1945 3921 uberi-

286 3956 424 4026 bus,
456 3954 749 4028 repulsus,
781 3953 871 4010 vel
903 3957 1229 4026 separatus.
1263 3953 1417 4012 Dicit
1447 3970 1583 4027 ergo
1633 3954 1941 4027 Pr0pheta,

286 4044 537 4118 loquens
553 4045 624 4099 ad
642 4044 874 4101 Judaeos
899 4059 911 4097 :
938 4045 1121 4109 Quem
1140 4059 1208 4098 ex
1221 4042 1387 4099 vobis
1409 4042 1640 4098 docebit
1660 4044 1946 4100 Dominus

287 4132 684 4200 scientiam,et
712 4148 887 4204 quem
920 4131 1093 4187 faciet
1114 4131 1438 4204 intelligere
1458 4130 1813 4201 auditum,id
1835 4134 1943 4200 est,

289 4227 357 4279 ut
380 4238 511 4295 quae
544 4220 797 4278 audierit
826 4219 1119 4293 intelligat
1144 4237 1281 4277 vera
1308 4236 1456 4289 esse,
1490 4225 1547 4276 et
1576 4224 1771 4276 mente
1802 4221 1945 4276 reti-

290 4328 438 4369 nens
470 4327 645 4383 opere
695 4309 1032 4381 adimpleat.
1065 4311 1145 4364 Ac
1176 4308 1225 4365 si
1249 4308 1468 4366 diceret
1498 4327 1511 4365 :
1542 4310 1668 4365 Non
1716 4310 1950 4366 docebit

289 4418 392 4459 vos
423 4399 528 4473 qui
559 4399 648 4454 lac
679 4399 914 4472 sugitis,
945 4398 1003 4454 id
1033 4402 1139 4465 est,
1174 4397 1477 4470 pueriliter
1510 4397 1705 4453 vivitis
1734 4402 1792 4454 et
1822 4399 1950 4454 sine

2049 3263 2077 3291 «
2101 3240 2316 3295 Manda
2332 3237 2904 3307 remanda,exspecta
2924 3235 3579 3306 rechpccta,modicum
3592 3234 3698 3304 ibi,

2048 3328 2345 3385 modicum
2378 3327 2480 3381 ibi.
2519 3349 2545 3374 ››
2576 3327 2654 3380 Ac
2686 3324 2733 3378 si
2768 3323 3027 3380 dicerent
3056 3323 3188 3379 aliis
3216 3323 3446 3380 verbis:
3481 3325 3699 3381 Iterum

2048 3418 2296 3491 praecipe
2324 3416 2466 3488 quid
2498 3414 2805 3479 faciamus,
2836 3418 2895 3468 et
2925 3417 2991 3467 ut
3019 3415 3425 3484 exspectemus
3462 3409 3701 3486 captivi-

2050 3512 2228 3562 tatem
2260 3523 2326 3561 ac
2357 3504 2763 3577 przestolcmur
2794 3501 3091 3556 modicum
3116 3502 3173 3556 in
3198 3500 3299 3556 illa
3328 3501 3703 3572 exspectatio-

2050 3614 2122 3652 ne
2150 3594 2515 3667 frequentius
2538 3592 2683 3662 jube
2725 3594 2808 3645 tu.
2838 3592 2985 3644 Ante
3031 3589 3188 3643 enim
3238 3603 3443 3643 omnes
3489 3587 3703 3643 morie-

2051 3701 2204 3750 mur,
2238 3687 2296 3738 et
2326 3679 2711 3736 transibimus
2758 3678 2827 3732 de
2874 3677 2983 3731 hac
3033 3676 3151 3731 vita
3190 3676 3263 3731 ad
3294 3675 3493 3746 aliam,
3524 3680 3703 3747 quam

2051 3773 2161 3828 hoc
2191 3771 2385 3825 veniat
2416 3769 2569 3840 quod
2604 3765 2889 3838 praedicis.
3541 3833 3547 3839 .

2125 3884 2152 3909 ‹‹
2192 3860 2252 3914 In
2284 3856 2518 3929 loquela
2546 3854 2703 3910 enim
2734 3853 2871 3908 labii
2903 3855 2962 3907 et
2989 3851 3192 3923 lingua
3221 3851 3403 3906 altera
3434 3848 3707 3922 loquetur

2054 3947 2338 4006 Dominus
2368 3945 2441 4000 ad
2474 3942 2755 4015 populum
2789 3942 2993 4008 istum,
3025 3939 3117 3994 cui
3159 3939 3323 3993 dixit.
3358 3961 3387 3988 »
3415 3938 3539 3995 Vox
3566 3954 3704 4011 pro—

2054 4038 2260 4111 phetae.
2297 4037 2573 4101 Quaenam
2606 4033 2697 4085 est
2727 4028 2827 4084 illa
2857 4027 3089 4099 loquela
3119 4027 3302 4082 altera
3338 4042 3452 4099 quo
3500 4025 3707 4098 loque-

2055 4125 2196 4182 tur?
2221 4125 2345 4178 llaec
2375 4125 2465 4176 est
2493 4117 2790 4174 ut'statim
2820 4121 2885 4171 ut
2913 4115 3307 4171 comminatus
3336 4113 3511 4170 fuerit
3533 4112 3713 4186 capti-

2054 4211 2575 4278 vitatem,adducat
2602 4206 2766 4262 illam
2789 4222 2966 4278 super
2990 4204 3122 4260 illos
3147 4220 3161 4259 :
3186 4220 3303 4260 non
3325 4204 3476 4260 dans
3485 4201 3611 4275 jam
3633 4201 3714 4258 lo-

2057 4320 2192 4360 cum
2225 4298 2675 4374 pcsnitentiaeEt
2706 4300 2796 4351 est
2827 4311 3074 4351 sensus:
3105 4294 3416 4366 Propterea
3430 4291 3570 4365 quia
3588 4291 3716 4349 des-

2059 4391 2301 4466 pexistis
2328 4388 2506 4445 verba
2534 4383 3267 4458 prophetarum,ducentes
3285 4378 3485 4435 omnia
3502 4395 3606 4451 pro
3631 4378 3716 4434 ni-

291 4465 473 4546 sensu
496 4488 659 4554 estis,
674 4465 849 4560 opera
870 4465 1195 4543 infantium
1208 4487 1509 4543 imitantes
1534 4503 1545 4541 :
1572 4487 1832 4554 sedillos
1853 4486 1951 4559 qui
1980 4494 2029 4559 Ι)
2060 4465 2179 4538 hilo
2210 4497 2339 4552 quae
2371 4479 2443 4533 ab
2476 4475 2594 4530 illis
2626 4473 2990 4537 dicebantur,
3023 4474 3082 4560 et
3112 4467 3342 4560 dixistis
3374 4482 3389 4521 :
3423 4465 3554 4522 Hec

282 4578 413 4649 jam
429 4575 892 4633 solidamentum
917 4576 1050 4631 fidei
1074 4575 1375 4643 habent,et
1387 4576 1487 4647 qui
1508 4593 1619 4630 non
1634 4577 1760 4647 jam
1777 4575 1947 4646 lacte,

290 4665 393 4722 sed
426 4663 617 4720 solido
647 4663 778 4719 cibo
810 4666 1129 4735 pascantur
1158 4663 1339 4731 (Hebr.
1372 4666 1448 4731 v).
1482 4664 1633 4717 Sunt
1657 4662 1717 4717 in
1749 4666 1955 4717 sancta

289 4751 556 4809 Ecclesia
586 4752 687 4824 qui
720 4752 810 4807 lac
841 4752 1032 4807 adhuc
1065 4755 1307 4825 sugunt,
1341 4751 1450 4805 hoc
1481 4754 1589 4818 est,
1623 4751 1770 4806 levia
1808 4768 1952 4823 pra:-

294 4845 471 4914 cepta
491 4839 835 4912 adimplent,
850 4858 968 4898 non
985 4839 1246 4897 valentes
1269 4839 1523 4895 solidum
1545 4839 1743 4894 cibum
1765 4854 1956 4895 sume-

291 4948 377 4998 re,
410 4928 472 4985 id
505 4933 613 4997 est,
647 4929 821 4985 fortia
849 4934 1137 5003 praecepta
1166 4928 1550 5001 perﬁcere.De
1570 4927 1786 4999 quibus
1816 4926 1959 4982 dicit

2059 4571 2157 4627 isti
2190 4563 2625 4642 prophetant,in
2653 4562 2915 4615 futurum
2946 4557 3179 4612 venient
3199 4558 3391 4642 etnon
3407 4552 3717 4642 occupabit

2063 4676 2169 4715 nos
2192 4639 2419 4712 malum
2443 4671 2455 4707 :
2481 4668 2612 4708 ecce
2641 4665 2746 4718 ego
2785 4647 2992 4717 loquor
3041 4645 3099 4699 in
3150 4642 3333 4699 altera
3380 4639 3613 4714 loquela
3641 4641 3717 4697 ad

2062 4748 2261 4804 vos.Et
2289 4743 2487 4799 statim
2522 4743 2588 4793 ut
2617 4737 2836 4799 dixero,
2856 4735 3048 4789 veniet
3079 4749 3255 4806 super
3282 4747 3385 4788 vos
3414 4728 3716 4787 tribulatio

2064 4840 2122 4892 et
2151 4831 2475 4905 captivitas.
2508 4828 2633 4882 Non
2680 4822 3082 4897 praenuntiabo
3128 4821 3294 4878 vobis
3332 4818 3587 4893 amplius
3614 4832 3721 4891 per

2065 4923 2381 4998 prophetas
2411 4933 2594 4985 meos,
2619 4913 2760 4986 quid
2783 4911 2947 4967 vobis
2979 4911 3115 4965 mali
3151 4914 3463 4965 venturum
3484 4906 3563 4965 sit
3625 4920 3721 4998 us-

292 5019 513 5075 beatus
534 5016 741 5073 Petrus
763 4988 1096 5091 apdstolus:
1122 5040 1150 5069 «
1169 5018 1343 5082 Quasi
1369 5016 1540 5072 modo
1561 5016 1743 5089 geniti
1766 5016 1956 5072 infan-
2067 5031 2177 5087 quc
2208 5012 2393 5065 irruat
2423 5023 2600 5078 super
2628 5020 2730 5059 vos
2759 5005 2815 5056 et
2844 4997 3314 5091 θαμιδιιιὴιίυἰκὶ
3340 4996 3497 5091 enim
3515 4988 3715 5051 vobis:

294 5105 506 5172 tes,lac
527 5082 922 5178 concupiscite
942 5108 991 5175 (Ι
1006 5108 1275 5174 Petr.n).»
1298 5107 1369 5160 Et
1388 5082 1660 5177 egregius
1686 5106 1942 5177 praedica'

2085 5082 2103 5087 _
2143 5126 2171 5152 ‹‹
2193 5100 2322 5156 Ηωο
2348 5100 2437 5153 est
2466 5093 2697 5166 requies
2729 5088 3101 5156 mea,rcﬁcite
3132 5087 3416 5142 lassum.»
3443 5082 3567 5153 Vox
3594 5097 3723 5155 pro-

295 5169 430 5253 tor’:
455 5216 484 5244 «
511 5169 815 5265 Tanquam
836 5169 1095 5266 parvulis
1125 5194 1184 5249 in
1200 5169 1559 5249 'Christovlac
1575 5169 1740 5249 vobis
1760 5198 1963 5266 potum
2074 5185 2677 5266 phctre.Semetipsum
2700 5178 2846 5273 dicit
2861 5176 3270 5273 iniquitatibus
3292 5169 3722 5273 illorumlassa-

300 5283 439 5338 dedi
472 5298 591 5337 non
622 5261 898 5352 escam,»
930 5287 988 5339 et
1021 5288 1228 5339 caztera
1258 5299 1445 5354 usque
1473 5283 1544 5337 ad
1580 5283 1674 5337 id:
1700 5305 1728 5332 «
1760 5261 1966 5339 Adhuc
2072 5261 2471 5345 tum.Quando
2503 5287 2710 5328 sumus
2741 5265 2922 5361 dediti
2956 5263 3338 5361 orationibus,
3349 5261 3616 5361 jezjuniis,
3637 5261 3722 5360 vi-

299 5369 464 5427 enim
496 5370 763 5427 carnales
784 5371 928 5427 estis
951 5372 1001 5441 (I
1020 5371 1296 5440 Comm.»
1317 5372 1469 5427 Sunt
1489 5370 1666 5426 etiam
1700 5372 1965 5427 nonnulli
2075 5371 2251 5446 giliis,
2272 5354 3023 5446 eleemosynis,cmterisque
3044 5352 3214 5446 bonis
3244 5349 3519 5446 operibus
3549 5349 3725 5446 insis-

302 5458 407 5532 qui
439 5457 664 5515 solidos
695 5460 858 5517 cibos
890 5436 1155 5529 sumunt,
1181 5436 1237 5515 id
1262 5458 1489 5531 est,qui
1510 5459 1734 5529 majora
1762 5475 1969 5530 praece—
2074 5436 2257 5516 timus
2281 5472 2294 5510 :
2320 5458 2459 5509 tunc
2492 5447 2789 5539 reficimus
2818 5436 3726 5539 Dominummt‘requiescerefa-

302 5529 409 5621 pta
438 5546 585 5620 legis
616 5552 672 5605 et
701 5548 999 5624 Evangelii
1026 5548 1370 5622 adimplent,
1385 5529 1823 5604 contemnentes
1858 5552 1966 5604 ter-
2079 5549 2267 5604 cimus
2298 5560 2433 5600 eum
2466 5540 2525 5595 in
2559 5530 3278 5604 nobismetipsis.Quando
3307 5545 3442 5586 vero
3473 5529 3725 5585 avaritia
