4048 6190
334 221 456 302 851,

765 224 1180 288 HAYMONIS
1213 222 1750 285 HALBERSTAT.
1781 219 2026 282 EPISG.
2058 219 2233 282 OPP.
2264 219 2468 280 PARS
2499 219 2548 280 Ι.
2584 250 2662 262 -
2688 215 3098 279 COMMENT.
3135 217 3335 278 BIBL.

3650 213 3788 274 852

339 357 596 432 aliisque
626 356 798 414 malis
837 357 1116 430 operibus
1163 355 1538 422 insudamus,
1569 352 1818 410 facimus
1866 369 2002 408 eum
2029 352 2088 419 Α
2115 351 2561 426 significatque:
2593 367 2824 422 semper
2853 347 3158 422 speculum
3197 347 3390 404 cordis
3419 351 3480 404 et
3505 350 3783 404 contem-

337 447 629 506 laborare.
662 446 827 505 Sicut
855 447 980 518 ipse
1002 443 1142 500 dicit
1169 459 1274 516 per
1303 443 1576 499 eumdem
1605 442 1949 515 prophetam
1984 457 2000 495 :

342 559 374 589 ‹‹
408 537 698 594 Laborare
719 550 814 591 me
842 533 1062 590 fecistis
1092 532 1153 587 in
1181 531 1392 588 vestris
1425 530 1838 604 iniquitatibus
1869 529 2004 603 (Isa.

343 628 531 695 xcv)»:
553 625 622 680 Et
645 622 791 679 illud
816 638 830 677 :
853 643 882 672 «
916 620 1198 678 Laboravi
1229 619 1552 677 sustinens.
1581 642 1610 670 »
1635 641 1665 671 ‹‹
1685 621 1756 676 Et
1784 621 1894 676 hoc
1915 622 2007 676 est

347 729 548 778 meum
587 709 968 778 desiderium,
1005 731 1034 760 »
1065 709 1442 778 subaudttur,
1477 712 1544 764 ut
1588 709 1863 764 reficiatis
1913 725 2007 764 me

343 799 554 858 vestris
583 797 756 856 bonis
785 798 1085 872 operibus.
1116 799 1370 871 Requies
1412 798 1571 854 enim
1622 815 1754 854 mea
1803 801 1912 864 est,
1945 798 2005 852 in

344 888 624 946 cordibus
641 886 962 945 electorum
979 888 1180 945 sedere
1196 892 1255 944 et
1269 888 1594 944 habitare.«
1616 888 1828 943 Anima
1849 887 2006 944 enim
2027 898 2036 906 '

339 977 492 1050 justi
523 978 695 1034 sedes
724 981 814 1034 est
844 977 1142 1050 sapientiaa
1172 977 1324 1049 (Sap.
1353 979 1479 1046 v11).
1515 999 1545 1026 »

417 1088 448 1118 ‹‹
481 1067 554 1124 Et
581 1065 696 1123 erit
724 1066 810 1122 eis
839 1066 1084 1122 verbum
1113 1065 1369 1134 Domini,
1405 1066 1622 1121 manda
1663 1067 1947 1122 remanda
1978 1088 2005 1115 »

345 1171 536 1228 usque
565 1154 639 1212 ad
669 1155 729 1210 id
761 1155 914 1226 quod
947 1153 1166 1210 dicitur
1186 1175 1215 1205 «
1238 1154 1537 1210 modicum
1559 1153 1699 1210 ibi.»
1724 1154 2009 1226 Loquitur

347 1243 634 1318 propheta
661 1245 863 1300 contra
893 1241 1026 1298 illos
1046 1241 1230 1314 quiin
1251 1241 1602 1299 derisionem
1625 1248 2009 1315 sumpserunt

347 1331 593 1389 verbum
622 1329 941 1397 Domini,et
969 1328 1110 1386 dicit
1134 1346 1148 1385 :
1174 1329 1392 1386 Idcirco
1423 1331 1564 1402 quia
1591 1332 1886 1404 despectui
1909 1328 2010 1388 ha-

349 1419 564 1476 buistis
583 1418 760 1476 verba
780 1417 1014 1474 Domini
1027 1434 1093 1474 ac
1109 1417 1527 1491 prophetarum
1549 1419 2006 1491 ejus,sumentes

349 1508 462 1566 hoc
491 1508 647 1581 quod
679 1506 765 1562 illi
787 1505 948 1564 vobis
971 1506 1429 1580 pronuntiabant
1448 1523 1551 1580 pro
1581 1508 2009 1576 mendacio,in-

351 1613 532 1670 super
559 1600 616 1652 et
643 1595 704 1650 in
733 1593 1150 1652 scurrilitatem
1182 1593 1327 1650 illud
1366 1595 1624 1652 vertistis
1657 1613 1672 1652 :
1705 1597 1814 1653 erit
1842 1597 2008 1654 vobis

349 1685 596 1742 verbum
651 1681 884 1738 Domini
941 1681 1002 1738 in
1057 1682 1292 1739 ruinam
1349 1687 1407 1740 et
1454 1683 1869 1742 calamitatem.
1901 1685 2005 1742 Vel
2037 1723 2087 1788 Β

352 1772 529 1830 etiam
561 1773 634 1828 ad
665 1787 815 1844 quos
844 1770 997 1843 ierit,
1027 1770 1138 1828 erit
1182 1772 1268 1828 eis
1312 1771 1569 1828 Verbum
1617 1773 1850 1830 Domini
1882 1798 1911 1825 «
1945 1779 2012 1832 ut

350 1862 570 1918 vadant
596 1860 658 1916 in
686 1859 991 1916 interitum
1023 1859 1136 1927 sui,
1169 1863 1227 1916 et
1254 1861 1469 1917 cadant
1505 1866 1824 1920 retrorsum
1862 1886 1882 1913 »
1921 1865 2010 1918 in-

353 1948 581 2008 terfecti
609 1949 683 2006 ab
713 1947 986 2005 hostibus
1015 1948 1162 2005 suis.

429 2062 460 2090 α
493 2039 734 2112 Propter
761 2037 871 2092 hoc
895 2037 1094 2093 audite
1121 2038 1364 2094 verbum
1396 2039 1648 2109 Domini,
1682 2041 1786 2096 viri
1816 2041 2013 2098 illuse-

357 2145 472 2196 res,
503 2125 604 2199 qui
635 2123 1021 2182 dominamini
1051 2142 1229 2198 super
1256 2127 1542 2200 populum
1577 2145 1795 2184 meum.
1833 2153 1860 2178 »
1889 2131 2012 2186 Vox

359 2214 655 2289 propheta:
686 2230 758 2270 ex
784 2229 1036 2286 persona
1055 2213 1308 2283 Domini,
1325 2220 1530 2272 contra
1549 2218 1856 2290 pontifices
1877 2219 2016 2275 scri-

359 2305 582 2376 basque
609 2305 670 2358 et
698 2301 1040 2372 Pharisaeos,
1073 2305 1131 2357 et
1158 2303 1454 2376 principes
1483 2305 1840 2364 Judaeorum.
1877 2307 2013 2364 Illu-

359 2407 523 2449 sores
553 2388 942 2464 appellantur,
977 2406 1044 2446 eo
1074 2391 1232 2462 quod
1269 2392 1448 2448 verba
1494 2393 1790 2465 Prophetas
1824 2395 1882 2450 in
1915 2397 2013 2452 de-

360 2479 578 2538 risione
607 2483 1010 2554 sumpserunt,
1045 2479 1282 2552 quando
1311 2481 1584 2538 dicebant
1613 2506 1641 2533 «
1676 2485 1894 2541 manda
1922 2503 2016 2542 re-

360 2569 600 2642 manda,
629 2570 742 2626 etc.
778 2589 808 2619 »

433 2681 463 2710 «
495 2656 736 2717 Dixistis
756 2657 915 2716 enim
939 2673 952 2713 :
979 2658 1383 2715 Percussimus
1405 2660 1592 2718 foedus
1613 2679 1747 2718 cum
1771 2668 2013 2732 morte,»

359 2748 472 2806 hoc
501 2750 594 2804 est
623 2762 762 2804 cum
805 2745 1037 2803 diabolo
1069 2770 1096 2798 «
1130 2751 1190 2804 et
1218 2765 1354 2804 cum
1401 2747 1650 2820 inferno,
1684 2773 1712 2802 »
1748 2751 1858 2808 hoc
1906 2757 2016 2821 est,

362 2854 499 2894 cum
543 2835 733 2910 poenis
779 2835 993 2893 inferni
1023 2859 1053 2888 «
1087 2836 1334 2894 fecimus
1383 2843 1644 2910 pactum.
1678 2862 1707 2890 ››
1739 2841 1888 2908 Quid
1930 2845 2021 2899 est

363 2925 841 3000 fcedus,idipsum
871 2929 964 2982 est
991 2929 1049 2982 et
1077 2930 1336 2999 pactum.
1371 2927 1611 2984 Pactum
1644 2933 1839 2986 autem
1870 2929 2018 2986 dici-

362 3018 480 3084 tur,
513 3013 684 3086 quasi
713 3013 876 3087 pacis
906 3017 1165 3070 auctum.
1199 3015 1541 3088 Impiissimi
1571 3017 1758 3074 Judaei
1789 3037 1904 3074 non
1937 3035 2021 3076 re-

2113 440 2428 514 plationem
2461 439 2676 495 mentis
2709 440 2780 495 ad
2812 439 2998 494 Deum
3029 437 3219 512 erigit.
3234 437 3409 511 Lapis
3440 441 3641 492 autem
3674 454 3780 508 ap-

2113 529 2365 602 pellatur
2384 528 2666 585 Dominus
2685 529 3122 600 Jesus,propter
3141 526 3480 583 ﬁrmitatem
3503 529 3564 582 et
3582 524 3786 582 solidi-

2112 617 2526 674 tatem.0mnis
2555 617 2712 674 enim
2744 616 2844 689 qui
2875 615 2936 672 in
2966 616 3066 672 illo
3099 615 3273 672 fuerit
3301 614 3786 683 fundatus,nulla

2113 704 2498 761 inundatione
2527 708 2630 760 aut
2661 704 2914 778 procella
2939 703 3398 761 movetur.Sicut
3427 703 3579 759 dicit
3605 720 3781 776 apos-

2113 793 2271 850 tolus
2301 793 2504 848 Petrus
2525 809 2538 848 :
2559 816 2587 844 «
2604 794 2688 848 Ad
2708 810 2884 866 quem
2907 793 3250 849 accedentes
3272 791 3530 864 lapidem
3551 791 3780 863 vivum,

2114 881 2186 938 ab
2205 881 2545 938 hominibus
2566 881 2802 954 quidem
2827 881 3396 954 reprobatum,aDeo
3407 885 3612 937 autem
3637 879 3784 936 elec-

2113 975 2242 1026 tum
2267 973 2316 1040 (I
2343 973 2488 1027 Patr.
2523 973 2606 1040 ιι).
2643 992 2671 1020 ››
2702 971 2805 1026 Hic
2834 969 3100 1043 esLlapis
3148 986 3326 1042 quem
3373 970 3523 1025 vidit
3573 969 3780 1026 Daniel

2115 1082 2142 1109 «
2178 1059 2486 1132 praecisum
2517 1060 2588 1116 de
2614 1063 2810 1114 monte
2839 1058 2968 1115 sine
2987 1058 3322 1126 manibus,»
3345 1057 3402 1112 id
3426 1063 3575 1125 est,«
3601 1059 3676 1114 de
3695 1075 3781 1114 se-

2115 1147 2273 1204 mine
2299 1149 2637 1204 Judaaorum
2667 1149 2890 1220 absque
2917 1147 3069 1204 virili
3101 1146 3257 1203 coitu
3290 1150 3520 1215 natum,
3545 1147 3648 1219 qui
3675 1148 3782 1202 im-

2113 1236 2291 1310 plevit
2322 1237 2654 1293 universam
2685 1242 2902 1293 terram
2934 1237 3169 1308 (Daniel.
3195 1239 3278 1305 ιι).
3313 1259 3341 1287 ››
3375 1237 3478 1292 llic
3506 1241 3600 1292 est
3624 1235 3779 1308 lapis

2115 1326 2214 1398 qui
2247 1327 2592 1398 reprobatus
2621 1327 2798 1382 estab
2819 1325 3247 1382 aedificantibus
3269 1326 3782 1398 (Psal.cxvn),pro—

2113 1415 2286 1471 batus
2313 1419 2508 1471 autem
2541 1415 2757 1471 dicitur
2777 1433 2812 1471 a
2834 1420 2943 1472 Deo
2975 1413 3483 1488 Patre.Augularis
3508 1419 3778 1482 vocatur,

2113 1503 2256 1576 quia
2285 1503 2438 1560 sicut
2467 1503 2616 1576 lapls
2645 1504 2946 1577 angularia
2975 1505 3124 1560 duos
3159 1503 3411 1576 parietes
3462 1504 3732 1559 continet
3762 1522 3775 1560 :

2114 1592 2197 1648 ita
2225 1597 2283 1648 et
2310 1592 2409 1650 ille
2439 1593 2588 1650 duos
2608 1593 2856 1666 populos
2875 1593 2936 1650 in
2959 1593 3274 1666 semetipso
3296 1593 3695 1664 conjunxit,et
3714 1610 3781 1649 ex

2115 1681 2347 1737 duobus
2370 1699 2548 1738 unam
2572 1682 2890 1739 Ecclesiam
2912 1681 3352 1754 constituit,qui
3371 1682 3510 1738 fecit
3529 1683 3782 1755 utraque

2117 1787 2302 1826 unum
2333 1770 2488 1826 sicut
2520 1770 2664 1827 dicit
2703 1771 3016 1844 Apostolus
3049 1788 3064 1827 :
3099 1793 3128 1821 «
3164 1771 3463 1827 Pretiosus
3493 1774 3607 1840 est,
3641 1773 3786 1844 quia

2117 1863 2425 1933 peccatum
2459 1877 2575 1916 non
2607 1860 2957 1933 fecit,neque
2987 1859 3157 1916 dolus
3189 1860 3465 1917 inventus
3483 1865 3582 1916 est
3599 1859 3663 1916 in
3687 1876 3784 1916 ore

2117 1950 2248 2022 ejus
2279 1949 2564 2022 (Ephesm)
2589 1966 2601 2004 :
2629 1973 2656 1999 »
2688 1949 2936 2022 ideoque
2955 1953 3045 2006 est
3064 1949 3124 2004 in
3151 1949 3560 2005 fundamentis
3583 1949 3781 2005 Eccle-

2121 2037 2220 2094 siae
2251 2038 2552 2093 fundatus.
2587 2062 2613 2088 «
2650 2037 2758 2104 Qui
2789 2037 3098 2094 crediderit
3128 2060 3156 2087 »
3190 2037 3478 2095 subaudis
3519 2038 3584 2093 in
3611 2037 3780 2094 illum

2119 2125 2376 2197 lapidem
2399 2148 2427 2175 ‹‹
2453 2143 2570 2181 non
2601 2125 2890 2194 festinet,»
2915 2125 3024 2180 hoc
3045 2129 3307 2193 est,cum
3328 2125 3544 2182 viderit
3564 2125 3782 2183 Filium

2123 2213 2635 2282 incarnatum,non
2654 2217 2821 2286 putet
2837 2213 3036 2270 statim
3054 2213 3780 2286 subsecuturumjudicim

2123 2301 2284 2358 illius
2314 2304 2662 2375 secundum,
2697 2304 2800 2359 sed
2829 2302 3196 2376 praestoletur
3235 2301 3406 2359 illud.
3442 2303 3614 2360 Sicut
3637 2305 3782 2361 dicit

2124 2389 2448 2462 Propheta:
2484 2414 2510 2440 ‹‹
2544 2389 2604 2446 Si
2636 2407 2860 2446 moram
2892 2390 3110 2460 fecerit,
3144 2395 3418 2464 exspecta
3445 2409 3610 2460 eum,
3644 2393 3784 2464 quia

2121 2477 2361 2534 veniens
2388 2479 2580 2534 veniet
2607 2483 2664 2536 et
2694 2497 2808 2536 non
2841 2479 3094 2536 tardabit
3123 2481 3437 2550 (Habac.u).
3475 2504 3504 2531 »

2197 2591 2226 2618 ‹‹
2258 2569 2329 2624 Et
2357 2583 2573 2641 ponam
2595 2569 2889 2641 judicium
2937 2569 2996 2624 in
3046 2571 3320 2643 pondere,
3355 2593 3384 2621 »
3414 2571 3529 2628 hoc
3579 2578 3696 2643 est,
3723 2572 3782 2629 in

2125 2657 2588 2714 censideratione
2609 2681 2636 2708 ‹‹
2661 2661 2719 2714 et
2727 2657 3107 2737 justitiamin
3132 2675 3431 2726 mensura,
3441 2684 3470 2710 »
3491 2665 3562 2717 ut
3581 2661 3790 2718 reddat

2125 2747 2448 2820 unicuique
2477 2749 2804 2804 secundum
2834 2765 3011 2821 opera
3040 2765 3168 2806 sua.
3201 2749 3322 2806 Vox
3361 2750 3465 2806 Dei
3498 2751 3690 2808 Patris
3717 2753 3785 2808 de

2127 2833 2292 2891 Filio.
2322 2836 2392 2891 Et
2419 2840 2510 2892 est
2548 2853 2758 2894 sensus
2793 2853 2806 2892 :
2839 2838 2986 2893 Cum
3034 2838 3250 2894 misero
3300 2837 3516 2895 Filium
3562 2857 3784 2910 meum,

2127 2925 2229 2997 qui
2261 2929 2350 2980 est
2377 2925 2527 2997 lapis
2557 2927 2858 2999 probatus,
2892 2927 2966 2982 ad
2997 2927 3408 2984 redimendum
3441 2924 3596 2984 mihi
3627 2946 3787 2985 meos

2130 3011 2372 3069 electos:
2389 3017 2527 3069 tunc
2543 3031 2758 3086 ponam
2779 3031 2884 3087 ego
2907 3016 3104 3072 omnia
3125 3015 3186 3071 in
3209 3017 3786 3089 mensurajudicans

365 3103 676 3160 cordantes
696 3102 1058 3174 judiciorum
1089 3106 1148 3158 et
1174 3103 1462 3160 bonorum
1511 3105 1764 3175 Domini,
1796 3107 2014 3179 quibus
2044 3090 2086 3158 C
2125 3115 2229 3174 per
2257 3101 2422 3156 illum
2454 3103 2798 3176 omnigenas
2827 3108 3031 3176 gentes
3061 3105 3327 3161 examine
3346 3105 3538 3176 justo.
3573 3107 3654 3162 De
3681 3107 3786 3163 hoc

365 3191 502 3248 illos
523 3188 798 3246 omnibus
819 3190 1096 3262 gentibus
1114 3191 1450 3263 praetulerat
1471 3195 1768 3265 quondam
1793 3199 1851 3252 et
1871 3196 2020 3252 exal-

366 3279 614 3346 taverat,
635 3277 784 3334 dans
803 3277 888 3334 eis
916 3281 1133 3335 terram
1165 3279 1441 3336 omnibus
1463 3283 1635 3338 terris
1655 3283 2018 3356 fertiliorem,

369 3363 644 3424 dicebant
675 3380 689 3419 :
722 3363 1127 3437 Nequicquam
1175 3365 1512 3425 laboramus
1552 3369 1612 3424 in
1642 3370 1788 3444 lege,
1821 3372 2019 3428 obser-

365 3457 571 3512 vantes
585 3457 873 3527 praecepta
888 3470 1014 3527 quae
1033 3453 1114 3510 ibi
1128 3455 1665 3530 continentur,quia
1680 3459 2020 3517 descensuri

369 3559 582 3602 sumus
609 3543 682 3600 ad
711 3542 923 3600 infami
949 3541 1224 3614 claustra,
1254 3545 1408 3602 sicut
1444 3550 1503 3602 et
1547 3563 1752 3605 omnes
1796 3553 2018 3623 gentes.

370 3629 578 3690 Levius
607 3630 786 3688 etiam
815 3633 874 3688 et
899 3631 1266 3689 tolerabilius
1297 3633 1407 3690 erit
1432 3634 1552 3693 illis
1599 3654 1778 3710 quam
1829 3638 2018 3706 nobis,

368 3721 511 3796 quia
536 3720 623 3776 illi
644 3719 906 3794 quotidie
926 3719 1163 3794 placant
1182 3721 1392 3780 hostiis
1412 3728 1472 3780 et
1491 3727 1838 3784 muneribus
1859 3727 2020 3800 prin-

368 3809 529 3883 cipes
555 3809 790 3867 infami.
823 3808 1036 3868 Melius
1065 3827 1202 3885 ergo
1223 3811 1394 3869 nobis
1420 3817 1509 3870 est
1532 3819 1596 3870 ut
1615 3821 2024 3874 convertamur

370 3899 445 3957 ad
472 3897 653 3955 ritum
679 3898 966 3971 gentium,
999 3903 1058 3956 et
1087 3903 1420 3959 statuamus
1453 3908 1690 3976 pactum
1729 3922 1864 3961 cum
1897 3905 2021 3962 dia-

367 3984 502 4042 bolo
532 3987 592 4041 et
619 3983 807 4056 pomis
828 3985 1063 4053 inferni,
1076 3988 1385 4046 oﬂ'erentes
1405 3990 1490 4048 eis
1505 3991 1682 4049 thura
1699 3998 1757 4050 et
1775 3993 2020 4064 hostias,

371 4094 402 4123 «
424 4069 724 4144 ﬂagellum
749 4093 777 4122 »
799 4071 1154 4143 captivitatis
1175 4080 1232 4132 et
1251 4077 1649 4137 tribulationis
1671 4105 1699 4132 «
1725 4082 2024 4140 inundans

371 4175 509 4217 cum
539 4157 857 4227 transierit,
871 4175 989 4216 non
1008 4161 1199 4218 veniet
1220 4181 1400 4237 super
1417 4169 1698 4240 nos,quia
1715 4171 2024 4243 posuimus

373 4245 747 4304 mendacium
777 4262 943 4318 spem
973 4252 1296 4319 nostram,»
1325 4253 1386 4312 id
1415 4259 1525 4324 est,
1557 4257 1618 4312 in
1652 4257 1883 4315 diabolo
1913 4261 2024 4316 ha-

371 4335 583 4392 bemus
639 4349 806 4407 spem
837 4357 865 4386 ‹‹
897 4338 957 4392 et
1002 4337 1326 4409 mendacio,
1360 4362 1389 4393 »
1431 4342 1541 4399 hoc
1589 4349 1698 4415 est,
1731 4363 1766 4402 a
1794 4347 2025 4405 diabolo

371 4446 401 4474 «
435 4422 678 4522 protecti
707 4439 980 4522 sumus»
1009 4442 1114 4522 pro
1132 4443 1211 4522 Ieo
1232 4429 1388 4500 quod
1419 4433 1776 4522 e_st,protecti
1805 4435 2026 4494 erimus
2053 4457 2100 4522 D

369 4511 459 4569 vel
481 4513 1252 4585 protegemur.Mendacium
1272 4519 2025 4596 appellatdiabolumjuxta

371 4603 528 4675 quod
559 4601 844 4661 Dominus
873 4604 1016 4661 dicit
1045 4605 1220 4678 (Joan.
1251 4611 1378 4679 vni)
1413 4627 1426 4665 :
1458 4611 1605 4677 Quia
1633 4613 1886 4669 mendax
1914 4619 2021 4685 est,

257 4743 277 4757 ,
369 4693 430 4746 et
485 4693 652 4762 pater
705 4691 856 4762 ejus,
889 4691 948 4747 id
1007 4697 1118 4758 est,
1151 4697 1316 4766 pater
1368 4697 1681 4770 mendacii,
1720 4701 2023 4757 veritatem

369 4793 606 4850 semper
631 4777 948 4850 refugiens.

441 4889 471 4918 ‹‹
507 4865 728 4924 Idcirco
747 4864 871 4924 haec
895 4867 1039 4924 dicit
1057 4868 1344 4928 Dominus
1369 4889 1382 4930 :
1406 4873 1552 4932 Ecce
1578 4893 1684 4948 ego
1707 4877 1939 4935 mittam
1961 4879 2022 4936 in

370 4954 774 5013 fundamentis
804 4955 944 5012 Sion
976 4955 1292 5030 lapidem.»
1321 4959 1444 5016 Vox
1469 4964 1860 5035 prophetae,ex
1892 4986 2021 5040 per-

369 5059 516 5100 sona
547 5043 650 5100 Dei
679 5043 866 5101 Patris
895 5045 968 5101 de
983 5044 1128 5102 Filio
1150 5045 1500 5105 Dei.Idcirco
1521 5052 1662 5122 quia
1680 5053 1803 5110 haec
1823 5057 2022 5112 omnia

369 5131 592 5188 fecistis
621 5149 748 5204 quae
771 5134 900 5206 jam
930 5134 1088 5192 dicta
1129 5139 1288 5204 sunt,
1322 5143 1604 5210 ponentes
1647 5143 2020 5200 mendacium

373 5235 538 5290 spem
581 5225 856 5291 vestram,
890 5222 1155 5296 loquitur
1201 5225 1487 5283 Dominus
1535 5229 1736 5286 dicens
1769 5247 1782 5285 :
1815 5255 1842 5280 ‹‹
1878 5233 2022 5290 Ecce

373 5319 480 5378 ego
511 5309 741 5366 mittam
762 5311 823 5366 in
855 5312 1252 5370 fundamentis
1275 5315 1471 5386 Sion,»
1493 5316 1602 5373 hoc
1623 5319 1796 5388 est,in
1818 5320 2024 5377 funda-

375 5396 592 5482 mentis
609 5397 878 5456 Ecclesiae
893 5401 1217 5474 «lapidem.
1240 5426 1268 5453 »
1291 5404 1430 5461 Sion
1453 5422 1580 5477 qua:
1607 5407 2024 5482 interpretatur

375 5481 680 5552 speculum
737 5487 858 5546 sive
913 5491 1324 5565 contemplatio
1381 5499 1647 5552 sanctam
1700 5481 2018 5556 Eeclesiam

2119 3188 2344 3262 judicio
2370 3191 2482 3246 sibi
2513 3192 2649 3247 dato
2681 3191 2822 3247 dicit
2853 3191 3033 3248 Filius
3068 3211 3080 3248 :
3115 3215 3144 3243 ‹‹
3177 3193 3348 3250 Pater
3395 3211 3514 3250 non
3555 3196 3782 3267 judicat

2127 3281 2615 3350 quemquam,sed
2639 3297 2811 3336 omne
2823 3281 3119 3352 judicium
3139 3281 3301 3337 dedit
3322 3281 3466 3338 Filio
3484 3284 3778 3356 (Joan.v).n

2129 3367 2236 3423 Per
2263 3367 2430 3423 illum
2461 3367 2618 3424 enim
2667 3369 2866 3425 omnia
2912 3370 3047 3426 fecit
3075 3374 3134 3426 et
3159 3371 3426 3441 redemit,
3464 3389 3572 3444 per
3615 3371 3776 3427 illum

2127 3455 2304 3512 etiam
2356 3457 2650 3528 judicium
2710 3476 2886 3514 suum
2945 3457 3233 3530 implebit.
3281 3483 3309 3511 ‹‹
3359 3461 3428 3516 Et
3485 3461 3780 3518 subvertet

2128 3545 2372 3616 grando,
2407 3567 2436 3594 »
2467 3546 2577 3602 hoc
2601 3549 2710 3620 est,
2744 3547 3062 3604 multitudo
3091 3551 3524 3606 tormentorum
3555 3573 3586 3601 «
3621 3567 3776 3623 spem

2130 3634 2418 3690 mendacii
2453 3658 2480 3684 »
2511 3637 2613 3692 ubi
2643 3653 2808 3708 spem
2839 3654 3012 3692 suam
3057 3635 3440 3708 collocabant,
3471 3663 3502 3688 ‹‹
3536 3644 3596 3696 et
3625 3656 3774 3712 aqua

2130 3721 2505 3780 inundabunt
2532 3725 2972 3797 protectioncm,
3001 3748 3028 3775 »
3061 3725 3170 3782 hoc
3201 3730 3291 3782 est
3319 3726 3646 3785 multitudo
3670 3746 3777 3802 pe:-

2131 3827 2340 3868 narum
2369 3817 2427 3868 et
2457 3812 2903 3870 tribulationum
2933 3814 3228 3888 opprimet
3256 3815 3585 3884 diabolum,
3611 3834 3648 3872 a
3673 3833 3774 3889 quo

2129 3898 2214 3954 illi
2247 3917 2308 3956 se
2337 3902 2624 3972 putabant
2653 3903 2900 3975 protegi,
2935 3907 2994 3958 et
3038 3902 3198 3976 ipsos
3247 3904 3425 3960 etiam
3475 3905 3582 3978 qui
3625 3906 3777 3961 dixe-

2131 3992 2270 4044 runt
2301 4005 2314 4043 :
2351 3989 2651 4046 Mendacio
2677 3991 2808 4060 (hoc
2839 3995 2928 4047 est
2957 3991 3211 4064 diabolo)
3243 3993 3490 4064 protecti
3541 3995 3773 4050 erimus.

2203 4100 2230 4127 ‹‹
2265 4079 2335 4132 Et
2383 4077 2674 4134 delabitur
2728 4081 2919 4137 iunius
2971 4085 3251 4147 vestrum,
3295 4083 3452 4154 quod
3513 4083 3774 4156 pepigisti

2133 4183 2269 4222 cum
2300 4171 2507 4236 morte,
2545 4190 2573 4218 »
2605 4167 2714 4224 hoc
2745 4173 2834 4224 est
2861 4185 2996 4225 cum
3027 4169 3259 4225 diabolo
3281 4192 3310 4220 «
3333 4173 3391 4226 et
3419 4175 3662 4242 pactum
3691 4187 3774 4226 ve-

2133 4258 2345 4322 strum,
2381 4278 2408 4304 »
2441 4257 2597 4328 quod
2627 4257 2920 4314 statuistis
2949 4281 2976 4308 ‹‹
3009 4274 3146 4313 cum
3185 4258 3374 4330 pmnis
3423 4258 3642 4317 inferni
3671 4277 3772 4317 non

2133 4343 2245 4399 erit
2272 4344 2482 4402 stabile
2515 4367 2544 4394 »
2573 4344 2834 4402 dicentes
2861 4345 3048 4402 levius
3089 4346 3254 4402 vobis
3293 4347 3414 4403 fore
3443 4348 3507 4403 in
3539 4349 3774 4416 inferno,

2134 4431 2184 4488 si
2215 4433 2540 4489 secundum
2569 4433 2750 4489 ritum
2780 4434 3046 4507 gentium
3069 4435 3358 4492 daemonia
3375 4436 3776 4493 adoretis.Fla-

2132 4520 2498 4594 gellum,sive
2528 4521 2882 4594 captivitatis
2913 4523 3034 4579 sive
3063 4523 3436 4592 mortis,cum
3455 4525 3682 4582 venerit
3697 4525 3773 4581 vel

2132 4626 2168 4664 a
2196 4609 2612 4682 Sennacherib,
2644 4610 2733 4666 vel
2763 4628 2797 4667 a
2825 4612 3394 4670 Nabuchodonosor:
3421 4614 3775 4672 conculcabit

2130 4715 2234 4755 vos
2264 4703 2321 4756 et
2349 4701 2628 4756 destruet.

2206 4810 2234 4840 «
2265 4787 2551 4854 Quoniam
2573 4805 2745 4846 mane
2765 4789 3023 4846 diluculo
3048 4790 3431 4863 pertransibit
3452 4793 3515 4848 in
3538 4794 3632 4850 die
3649 4798 3704 4850 et
3722 4794 3771 4848 iu

2133 4881 2320 4933 nocte.
2353 4899 2382 4930 »
2424 4876 2758 4934 Diluculum
2807 4878 3022 4935 dicitur
3067 4880 3238 4952 quasi
3281 4881 3464 4937 dubia
3513 4881 3635 4938 lux.
3682 4883 3778 4938 Per

2131 4982 2304 5022 mane
2331 4966 2768 5037 et,diluculum,
2797 4967 3143 5024 continuum
3180 4973 3419 5042 tempus
3463 4970 3778 5043 intelligam

2129 5055 2432 5110 debemus.
2465 5054 2572 5110 Per
2616 5056 2772 5111 diem
2803 5061 2860 5112 et
2887 5060 3139 5126 noctem,
3171 5059 3454 5115 continua
3499 5077 3673 5132 poena
3705 5061 3776 5115 si-

2129 5147 2361 5216 gnatur.
2395 5166 2422 5193 «
2454 5143 2526 5200 Et
2555 5146 2962 5203 tantummodo
2988 5146 3112 5203 sola
3135 5147 3361 5204 vexatio
3384 5149 3778 5206 tribulationis

2129 5233 2293 5289 dabit
2325 5233 2549 5288 auditui
2580 5237 2768 5290 vestro
2801 5235 3186 5303 intellectum,
3221 5259 3249 5285 »
3282 5237 3392 5293 hoc
3423 5241 3515 5293 est
3564 5238 3778 5311 suppli-

2129 5322 2385 5378 cium.Et
2415 5339 2584 5394 paena
2613 5324 2706 5378 cui
2729 5325 3132 5396 subjaecbitis,
3147 5327 3320 5382 faciet
3339 5343 3442 5382 vos
3462 5327 3780 5400 intelligere

2129 5428 2263 5467 vera
2292 5427 2574 5484 esse,quze
2605 5412 2900 5485 prOpheta:
2923 5430 2990 5470 ex
3014 5415 3249 5471 nomine
3271 5432 3401 5472 meo
3423 5415 3606 5472 locuti
3627 5421 3775 5473 sunt.

2131 5524 2157 5550 ‹‹
2189 5500 2648 5573 Coangustatum
2687 5501 2843 5556 enim
2875 5505 2964 5558 est
2991 5507 3264 5573 stratum,
3299 5504 3379 5561 ita
3411 5509 3479 5562 ut
3509 5505 3656 5562 alter
3691 5506 3778 5560 de-
