  <div class='ocr_page' id='page_1' title='image "/cluster/home/n/w/nwhite01/storage/ocr_20150623/116/hvd.32044054759808/432.png"; bbox 0 0 4048 6190; ppageno 0'>
   <div class='ocr_carea' id='block_1_1' title="bbox 298 307 418 370">
    <p class='ocr_par' dir='ltr' id='par_1_1' title="bbox 298 307 418 370">
     <span class='ocr_line' id='line_1_1' title="bbox 298 307 418 370; baseline -0.025 0"><span class='ocrx_word' id='word_1_1' title='bbox 298 307 418 370; x_wconf 85' lang='grc'>853</span> 
     </span>
    </p>
   </div>
   <div class='ocr_carea' id='block_1_2' title="bbox 1352 280 2659 369">
    <p class='ocr_par' dir='ltr' id='par_1_2' title="bbox 1352 280 2659 369">
     <span class='ocr_line' id='line_1_2' title="bbox 1352 280 2659 369; baseline 0.001 -2"><span class='ocrx_word' id='word_1_2' title='bbox 1352 306 1756 369; x_wconf 72' lang='lat' dir='ltr'>COMMENT.</span> <span class='ocrx_word' id='word_1_3' title='bbox 1805 307 1884 366; x_wconf 92' lang='lat' dir='ltr'>IN</span> <span class='ocrx_word' id='word_1_4' title='bbox 1928 305 2224 368; x_wconf 81' lang='lat' dir='ltr'><strong>ISAIAM.</strong></span> <span class='ocrx_word' id='word_1_5' title='bbox 2271 341 2350 351; x_wconf 87' lang='grc'>--</span> <span class='ocrx_word' id='word_1_6' title='bbox 2396 310 2540 369; x_wconf 82' lang='lat' dir='ltr'>LIB.</span> <span class='ocrx_word' id='word_1_7' title='bbox 2590 280 2659 369; x_wconf 54' lang='lat'>1&#39;1.</span> 
     </span>
    </p>
   </div>
   <div class='ocr_carea' id='block_1_3' title="bbox 3591 309 3712 372">
    <p class='ocr_par' dir='ltr' id='par_1_3' title="bbox 3591 309 3712 372">
     <span class='ocr_line' id='line_1_3' title="bbox 3591 309 3712 372; baseline 0 0"><span class='ocrx_word' id='word_1_8' title='bbox 3591 309 3712 372; x_wconf 75' lang='grc'>854</span> 
     </span>
    </p>
   </div>
   <div class='ocr_carea' id='block_1_4' title="bbox 296 418 3714 523">
    <p class='ocr_par' dir='ltr' id='par_1_4' title="bbox 296 418 3714 523">
     <span class='ocr_line' id='line_1_4' title="bbox 296 418 3714 523; baseline 0.002 -25"><span class='ocrx_word' id='word_1_9' title='bbox 296 441 456 498; x_wconf 90' lang='lat' dir='ltr'>cidat</span> <span class='ocrx_word' id='word_1_10' title='bbox 487 455 500 495; x_wconf 91' lang='lat'><strong>:</strong></span> <span class='ocrx_word' id='word_1_11' title='bbox 536 440 594 495; x_wconf 91' lang='lat' dir='ltr'>et</span> <span class='ocrx_word' id='word_1_12' title='bbox 623 436 864 511; x_wconf 83' lang='lat' dir='ltr'>pallium</span> <span class='ocrx_word' id='word_1_13' title='bbox 893 439 1064 496; x_wconf 89' lang='lat' dir='ltr'>breve</span> <span class='ocrx_word' id='word_1_14' title='bbox 1094 441 1408 512; x_wconf 86' lang='lat' dir='ltr'>utrumque</span> <span class='ocrx_word' id='word_1_15' title='bbox 1438 418 1660 511; x_wconf 80' lang='lat' dir='ltr'>Operire</span> <span class='ocrx_word' id='word_1_16' title='bbox 1700 458 1815 495; x_wconf 92' lang='lat' dir='ltr'>non</span> <span class='ocrx_word' id='word_1_17' title='bbox 1849 457 1947 513; x_wconf 89' lang='lat' dir='ltr'>po-</span> <span class='ocrx_word' id='word_1_18' title='bbox 1976 440 2036 508; x_wconf 74' lang='grc' dir='ltr'><strong>Α</strong></span> <span class='ocrx_word' id='word_1_19' title='bbox 2065 441 2222 508; x_wconf 86' lang='lat' dir='ltr'>tatis,</span> <span class='ocrx_word' id='word_1_20' title='bbox 2247 445 2310 496; x_wconf 93' lang='lat' dir='ltr'>ut</span> <span class='ocrx_word' id='word_1_21' title='bbox 2331 442 2577 498; x_wconf 91' lang='lat' dir='ltr'>celerius</span> <span class='ocrx_word' id='word_1_22' title='bbox 2599 444 2891 498; x_wconf 74' lang='lat' dir='ltr'>ducantur</span> <span class='ocrx_word' id='word_1_23' title='bbox 2912 444 2969 498; x_wconf 90' lang='lat' dir='ltr'>in</span> <span class='ocrx_word' id='word_1_24' title='bbox 2992 444 3540 516; x_wconf 69' lang='lat' dir='ltr'>deprzedationem.«</span> <span class='ocrx_word' id='word_1_25' title='bbox 3564 446 3714 523; x_wconf 81' lang='lat' dir='ltr'>Con-</span> 
     </span>
    </p>
   </div>
   <div class='ocr_carea' id='block_1_5' title="bbox 294 528 1954 600">
    <p class='ocr_par' dir='ltr' id='par_1_5' title="bbox 294 528 1954 600">
     <span class='ocr_line' id='line_1_5' title="bbox 294 528 1954 600; baseline -0.004 -11"><span class='ocrx_word' id='word_1_26' title='bbox 294 533 431 589; x_wconf 93' lang='lat' dir='ltr'>test.</span> <span class='ocrx_word' id='word_1_27' title='bbox 468 552 497 580; x_wconf 85' lang='lat'>»</span> <span class='ocrx_word' id='word_1_28' title='bbox 526 529 651 584; x_wconf 83' lang='lat' dir='ltr'>Vox</span> <span class='ocrx_word' id='word_1_29' title='bbox 681 528 914 583; x_wconf 89' lang='lat' dir='ltr'>Domini</span> <span class='ocrx_word' id='word_1_30' title='bbox 946 529 1018 583; x_wconf 92' lang='lat' dir='ltr'>ad</span> <span class='ocrx_word' id='word_1_31' title='bbox 1052 528 1431 584; x_wconf 90' lang='lat' dir='ltr'>Hierusalem.</span> <span class='ocrx_word' id='word_1_32' title='bbox 1457 530 1526 584; x_wconf 88' lang='lat' dir='ltr'>Et</span> <span class='ocrx_word' id='word_1_33' title='bbox 1546 532 1636 585; x_wconf 88' lang='lat' dir='ltr'>est</span> <span class='ocrx_word' id='word_1_34' title='bbox 1656 528 1954 600; x_wconf 80' lang='lat' dir='ltr'>metapho-</span> 
     </span>
    </p>
   </div>
   <div class='ocr_carea' id='block_1_6' title="bbox 293 617 1950 690">
    <p class='ocr_par' dir='ltr' id='par_1_6' title="bbox 293 617 1950 690">
     <span class='ocr_line' id='line_1_6' title="bbox 293 617 1950 690; baseline -0.002 -14"><span class='ocrx_word' id='word_1_35' title='bbox 293 621 412 677; x_wconf 90' lang='lat' dir='ltr'>rice</span> <span class='ocrx_word' id='word_1_36' title='bbox 455 620 702 675; x_wconf 90' lang='lat' dir='ltr'>ductum</span> <span class='ocrx_word' id='word_1_37' title='bbox 733 634 766 673; x_wconf 92' lang='lat' dir='ltr'>a</span> <span class='ocrx_word' id='word_1_38' title='bbox 797 617 1008 673; x_wconf 88' lang='lat' dir='ltr'>marito</span> <span class='ocrx_word' id='word_1_39' title='bbox 1057 622 1115 673; x_wconf 91' lang='lat' dir='ltr'>et</span> <span class='ocrx_word' id='word_1_40' title='bbox 1163 620 1430 690; x_wconf 85' lang='lat' dir='ltr'>conjuge,</span> <span class='ocrx_word' id='word_1_41' title='bbox 1463 620 1536 674; x_wconf 92' lang='lat' dir='ltr'>ad</span> <span class='ocrx_word' id='word_1_42' title='bbox 1586 619 1770 673; x_wconf 88' lang='lat' dir='ltr'>Deum</span> <span class='ocrx_word' id='word_1_43' title='bbox 1801 623 1859 674; x_wconf 87' lang='lat' dir='ltr'>et</span> <span class='ocrx_word' id='word_1_44' title='bbox 1878 619 1950 674; x_wconf 90' lang='lat' dir='ltr'>ad</span> 
     </span>
    </p>
   </div>
   <div class='ocr_carea' id='block_1_7' title="bbox 290 706 1951 780">
    <p class='ocr_par' dir='ltr' id='par_1_7' title="bbox 290 706 1951 780">
     <span class='ocr_line' id='line_1_7' title="bbox 290 706 1951 780; baseline -0.003 -14"><span class='ocrx_word' id='word_1_45' title='bbox 290 707 681 767; x_wconf 80' lang='lat' dir='ltr'>Hierusalem.</span> <span class='ocrx_word' id='word_1_46' title='bbox 715 706 886 763; x_wconf 87' lang='lat' dir='ltr'>Verbi</span> <span class='ocrx_word' id='word_1_47' title='bbox 936 707 1143 780; x_wconf 88' lang='lat' dir='ltr'>gratia.</span> <span class='ocrx_word' id='word_1_48' title='bbox 1178 707 1238 763; x_wconf 90' lang='lat' dir='ltr'>Si</span> <span class='ocrx_word' id='word_1_49' title='bbox 1268 707 1482 779; x_wconf 82' lang='lat' dir='ltr'>aliquis</span> <span class='ocrx_word' id='word_1_50' title='bbox 1531 707 1741 762; x_wconf 79' lang='lat' dir='ltr'>dixerit</span> <span class='ocrx_word' id='word_1_51' title='bbox 1787 707 1951 762; x_wconf 83' lang='lat' dir='ltr'>uxori</span> 
     </span>
    </p>
   </div>
   <div class='ocr_carea' id='block_1_8' title="bbox 290 795 1950 869">
    <p class='ocr_par' dir='ltr' id='par_1_8' title="bbox 290 795 1950 869">
     <span class='ocr_line' id='line_1_8' title="bbox 290 795 1950 869; baseline -0.004 -13"><span class='ocrx_word' id='word_1_52' title='bbox 290 817 412 857; x_wconf 64' lang='lat' dir='ltr'>sum</span> <span class='ocrx_word' id='word_1_53' title='bbox 446 815 461 853; x_wconf 87' lang='lat'><strong>:</strong></span> <span class='ocrx_word' id='word_1_54' title='bbox 496 798 540 854; x_wconf 94' lang='grc' dir='ltr'>Ο</span> <span class='ocrx_word' id='word_1_55' title='bbox 568 798 782 868; x_wconf 83' lang='lat' dir='ltr'>conjux</span> <span class='ocrx_word' id='word_1_56' title='bbox 813 795 1098 865; x_wconf 87' lang='lat' dir='ltr'>adultera,</span> <span class='ocrx_word' id='word_1_57' title='bbox 1134 797 1292 852; x_wconf 83' lang='lat' dir='ltr'>istud</span> <span class='ocrx_word' id='word_1_58' title='bbox 1328 800 1579 853; x_wconf 86' lang='lat' dir='ltr'>stratum</span> <span class='ocrx_word' id='word_1_59' title='bbox 1629 800 1950 869; x_wconf 83' lang='lat' dir='ltr'>angustum</span> 
     </span>
    </p>
   </div>
   <div class='ocr_carea' id='block_1_9' title="bbox 290 885 1951 959">
    <p class='ocr_par' dir='ltr' id='par_1_9' title="bbox 290 885 1951 959">
     <span class='ocr_line' id='line_1_9' title="bbox 290 885 1951 959; baseline -0.002 -14"><span class='ocrx_word' id='word_1_60' title='bbox 290 893 383 946; x_wconf 87' lang='lat' dir='ltr'>est</span> <span class='ocrx_word' id='word_1_61' title='bbox 417 906 430 943; x_wconf 91' lang='lat'><strong>:</strong></span> <span class='ocrx_word' id='word_1_62' title='bbox 465 904 582 943; x_wconf 89' lang='lat' dir='ltr'>non</span> <span class='ocrx_word' id='word_1_63' title='bbox 611 890 803 959; x_wconf 83' lang='lat' dir='ltr'>potest</span> <span class='ocrx_word' id='word_1_64' title='bbox 832 902 1036 957; x_wconf 85' lang='lat' dir='ltr'>capere</span> <span class='ocrx_word' id='word_1_65' title='bbox 1069 902 1163 942; x_wconf 91' lang='lat' dir='ltr'>me</span> <span class='ocrx_word' id='word_1_66' title='bbox 1192 890 1249 941; x_wconf 89' lang='lat' dir='ltr'>et</span> <span class='ocrx_word' id='word_1_67' title='bbox 1280 885 1447 941; x_wconf 89' lang='lat' dir='ltr'>illum</span> <span class='ocrx_word' id='word_1_68' title='bbox 1470 904 1603 942; x_wconf 90' lang='lat' dir='ltr'>cum</span> <span class='ocrx_word' id='word_1_69' title='bbox 1632 903 1748 957; x_wconf 90' lang='lat' dir='ltr'>quo</span> <span class='ocrx_word' id='word_1_70' title='bbox 1768 886 1951 941; x_wconf 89' lang='lat' dir='ltr'>violas</span> 
     </span>
    </p>
   </div>
   <div class='ocr_carea' id='block_1_10' title="bbox 288 974 1951 1047">
    <p class='ocr_par' dir='ltr' id='par_1_10' title="bbox 288 974 1951 1047">
     <span class='ocr_line' id='line_1_10' title="bbox 288 974 1951 1047; baseline -0.002 -14"><span class='ocrx_word' id='word_1_71' title='bbox 288 978 459 1033; x_wconf 89' lang='lat' dir='ltr'>illud.</span> <span class='ocrx_word' id='word_1_72' title='bbox 492 977 562 1033; x_wconf 88' lang='lat' dir='ltr'>Et</span> <span class='ocrx_word' id='word_1_73' title='bbox 591 976 749 1032; x_wconf 83' lang='lat' dir='ltr'>istud</span> <span class='ocrx_word' id='word_1_74' title='bbox 782 974 1026 1046; x_wconf 85' lang='lat' dir='ltr'>pallium</span> <span class='ocrx_word' id='word_1_75' title='bbox 1074 975 1244 1030; x_wconf 87' lang='lat' dir='ltr'>breve</span> <span class='ocrx_word' id='word_1_76' title='bbox 1274 979 1361 1030; x_wconf 89' lang='lat' dir='ltr'>est</span> <span class='ocrx_word' id='word_1_77' title='bbox 1386 979 1443 1029; x_wconf 90' lang='lat' dir='ltr'>et</span> <span class='ocrx_word' id='word_1_78' title='bbox 1472 979 1812 1047; x_wconf 84' lang='lat' dir='ltr'>angustum,</span> <span class='ocrx_word' id='word_1_79' title='bbox 1847 992 1951 1030; x_wconf 93' lang='lat' dir='ltr'>nec</span> 
     </span>
    </p>
   </div>
   <div class='ocr_carea' id='block_1_11' title="bbox 287 1063 1950 1138">
    <p class='ocr_par' dir='ltr' id='par_1_11' title="bbox 287 1063 1950 1138">
     <span class='ocr_line' id='line_1_11' title="bbox 287 1063 1950 1138; baseline -0.002 -16"><span class='ocrx_word' id='word_1_80' title='bbox 287 1066 448 1123; x_wconf 85' lang='lat' dir='ltr'>valet</span> <span class='ocrx_word' id='word_1_81' title='bbox 488 1064 716 1138; x_wconf 89' lang='lat' dir='ltr'>operire</span> <span class='ocrx_word' id='word_1_82' title='bbox 755 1080 849 1119; x_wconf 90' lang='lat' dir='ltr'>me</span> <span class='ocrx_word' id='word_1_83' title='bbox 878 1067 937 1119; x_wconf 89' lang='lat' dir='ltr'>et</span> <span class='ocrx_word' id='word_1_84' title='bbox 966 1063 1322 1119; x_wconf 91' lang='lat' dir='ltr'>adulterum.</span> <span class='ocrx_word' id='word_1_85' title='bbox 1356 1065 1427 1119; x_wconf 88' lang='lat' dir='ltr'>Et</span> <span class='ocrx_word' id='word_1_86' title='bbox 1473 1069 1563 1119; x_wconf 90' lang='lat' dir='ltr'>est</span> <span class='ocrx_word' id='word_1_87' title='bbox 1611 1081 1822 1120; x_wconf 85' lang='lat' dir='ltr'>sensus</span> <span class='ocrx_word' id='word_1_88' title='bbox 1857 1081 1869 1118; x_wconf 92' lang='lat'>:</span> <span class='ocrx_word' id='word_1_89' title='bbox 1905 1065 1950 1119; x_wconf 90' lang='grc' dir='ltr'><strong>Ο</strong></span> 
     </span>
    </p>
   </div>
   <div class='ocr_carea' id='block_1_12' title="bbox 293 1151 1949 1224">
    <p class='ocr_par' dir='ltr' id='par_1_12' title="bbox 293 1151 1949 1224">
     <span class='ocr_line' id='line_1_12' title="bbox 293 1151 1949 1224; baseline -0.002 -14"><span class='ocrx_word' id='word_1_90' title='bbox 293 1151 676 1218; x_wconf 80' lang='lat' dir='ltr'>Hierusalem,</span> <span class='ocrx_word' id='word_1_91' title='bbox 701 1152 750 1207; x_wconf 90' lang='lat' dir='ltr'>si</span> <span class='ocrx_word' id='word_1_92' title='bbox 772 1152 859 1207; x_wconf 89' lang='lat' dir='ltr'>vis</span> <span class='ocrx_word' id='word_1_93' title='bbox 890 1151 1105 1207; x_wconf 88' lang='lat' dir='ltr'>habere</span> <span class='ocrx_word' id='word_1_94' title='bbox 1134 1169 1227 1208; x_wconf 90' lang='lat' dir='ltr'>me</span> <span class='ocrx_word' id='word_1_95' title='bbox 1256 1151 1566 1224; x_wconf 87' lang='lat' dir='ltr'>conjugem</span> <span class='ocrx_word' id='word_1_96' title='bbox 1587 1156 1645 1208; x_wconf 90' lang='lat' dir='ltr'>et</span> <span class='ocrx_word' id='word_1_97' title='bbox 1664 1156 1949 1224; x_wconf 87' lang='lat' dir='ltr'>protecto-</span> 
     </span>
    </p>
   </div>
   <div class='ocr_carea' id='block_1_13' title="bbox 289 1241 1948 1313">
    <p class='ocr_par' dir='ltr' id='par_1_13' title="bbox 289 1241 1948 1313">
     <span class='ocr_line' id='line_1_13' title="bbox 289 1241 1948 1313; baseline -0.002 -14"><span class='ocrx_word' id='word_1_98' title='bbox 289 1260 439 1311; x_wconf 85' lang='lat' dir='ltr'>rem,</span> <span class='ocrx_word' id='word_1_99' title='bbox 473 1257 709 1298; x_wconf 88' lang='lat' dir='ltr'>necesse</span> <span class='ocrx_word' id='word_1_100' title='bbox 739 1245 830 1297; x_wconf 88' lang='lat' dir='ltr'>est</span> <span class='ocrx_word' id='word_1_101' title='bbox 860 1245 925 1296; x_wconf 92' lang='lat' dir='ltr'>ut</span> <span class='ocrx_word' id='word_1_102' title='bbox 954 1241 1363 1313; x_wconf 71' lang='lat' dir='ltr'>praetermittas</span> <span class='ocrx_word' id='word_1_103' title='bbox 1393 1242 1532 1297; x_wconf 89' lang='lat' dir='ltr'>deos</span> <span class='ocrx_word' id='word_1_104' title='bbox 1564 1241 1785 1297; x_wconf 91' lang='lat' dir='ltr'>alienos</span> <span class='ocrx_word' id='word_1_105' title='bbox 1810 1258 1821 1296; x_wconf 88' lang='lat'>:</span> <span class='ocrx_word' id='word_1_106' title='bbox 1848 1241 1948 1312; x_wconf 91' lang='lat' dir='ltr'>qui</span> 
     </span>
    </p>
   </div>
   <div class='ocr_carea' id='block_1_14' title="bbox 288 1329 1950 1403">
    <p class='ocr_par' dir='ltr' id='par_1_14' title="bbox 288 1329 1950 1403">
     <span class='ocr_line' id='line_1_14' title="bbox 288 1329 1950 1403; baseline -0.002 -15"><span class='ocrx_word' id='word_1_107' title='bbox 288 1332 401 1388; x_wconf 95' lang='lat' dir='ltr'>tibi</span> <span class='ocrx_word' id='word_1_108' title='bbox 431 1348 664 1403; x_wconf 83' lang='lat' dir='ltr'>semper</span> <span class='ocrx_word' id='word_1_109' title='bbox 694 1330 752 1386; x_wconf 89' lang='lat' dir='ltr'>in</span> <span class='ocrx_word' id='word_1_110' title='bbox 784 1329 1016 1386; x_wconf 90' lang='lat' dir='ltr'>ruinam</span> <span class='ocrx_word' id='word_1_111' title='bbox 1049 1335 1106 1386; x_wconf 90' lang='lat' dir='ltr'>et</span> <span class='ocrx_word' id='word_1_112' title='bbox 1125 1330 1517 1386; x_wconf 75' lang='lat' dir='ltr'>calamitatem</span> <span class='ocrx_word' id='word_1_113' title='bbox 1540 1331 1827 1385; x_wconf 88' lang='lat' dir='ltr'>sunt.Non</span> <span class='ocrx_word' id='word_1_114' title='bbox 1856 1347 1950 1401; x_wconf 89' lang='lat' dir='ltr'>po-</span> 
     </span>
    </p>
   </div>
   <div class='ocr_carea' id='block_1_15' title="bbox 288 1418 1948 1492">
    <p class='ocr_par' dir='ltr' id='par_1_15' title="bbox 288 1418 1948 1492">
     <span class='ocr_line' id='line_1_15' title="bbox 288 1418 1948 1492; baseline -0.001 -15"><span class='ocrx_word' id='word_1_115' title='bbox 288 1421 435 1477; x_wconf 89' lang='lat' dir='ltr'>teris</span> <span class='ocrx_word' id='word_1_116' title='bbox 464 1420 622 1477; x_wconf 90' lang='lat' dir='ltr'>enim</span> <span class='ocrx_word' id='word_1_117' title='bbox 655 1423 973 1492; x_wconf 90' lang='lat' dir='ltr'>utrumque</span> <span class='ocrx_word' id='word_1_118' title='bbox 1005 1418 1343 1491; x_wconf 88' lang='lat' dir='ltr'>adimplere,</span> <span class='ocrx_word' id='word_1_119' title='bbox 1362 1418 1629 1475; x_wconf 87' lang='lat' dir='ltr'>videlicet</span> <span class='ocrx_word' id='word_1_120' title='bbox 1650 1420 1789 1475; x_wconf 90' lang='lat' dir='ltr'>deos</span> <span class='ocrx_word' id='word_1_121' title='bbox 1811 1419 1948 1475; x_wconf 86' lang='lat' dir='ltr'>alie-</span> 
     </span>
    </p>
   </div>
   <div class='ocr_carea' id='block_1_16' title="bbox 288 1508 1947 1580">
    <p class='ocr_par' dir='ltr' id='par_1_16' title="bbox 288 1508 1947 1580">
     <span class='ocr_line' id='line_1_16' title="bbox 288 1508 1947 1580; baseline -0.002 -14"><span class='ocrx_word' id='word_1_122' title='bbox 288 1527 402 1566; x_wconf 90' lang='lat' dir='ltr'>nos</span> <span class='ocrx_word' id='word_1_123' title='bbox 431 1509 695 1576; x_wconf 88' lang='lat' dir='ltr'>adorare,</span> <span class='ocrx_word' id='word_1_124' title='bbox 720 1513 777 1564; x_wconf 90' lang='lat' dir='ltr'>et</span> <span class='ocrx_word' id='word_1_125' title='bbox 805 1524 899 1564; x_wconf 89' lang='lat' dir='ltr'>me</span> <span class='ocrx_word' id='word_1_126' title='bbox 932 1511 1318 1580; x_wconf 84' lang='lat' dir='ltr'>protectorem</span> <span class='ocrx_word' id='word_1_127' title='bbox 1351 1508 1566 1563; x_wconf 85' lang='lat' dir='ltr'>habere</span> <span class='ocrx_word' id='word_1_128' title='bbox 1591 1524 1603 1562; x_wconf 89' lang='lat'><strong>:</strong></span> <span class='ocrx_word' id='word_1_129' title='bbox 1629 1524 1764 1563; x_wconf 92' lang='lat' dir='ltr'>cum</span> <span class='ocrx_word' id='word_1_130' title='bbox 1787 1524 1947 1563; x_wconf 89' lang='lat' dir='ltr'>ama-</span> 
     </span>
    </p>
   </div>
   <div class='ocr_carea' id='block_1_17' title="bbox 285 1596 1951 1677">
    <p class='ocr_par' dir='ltr' id='par_1_17' title="bbox 285 1596 1951 1677">
     <span class='ocr_line' id='line_1_17' title="bbox 285 1596 1951 1677; baseline -0.002 -22"><span class='ocrx_word' id='word_1_131' title='bbox 285 1598 520 1655; x_wconf 86' lang='lat' dir='ltr'>toribus</span> <span class='ocrx_word' id='word_1_132' title='bbox 567 1596 897 1677; x_wconf 79' lang='lat' dir='ltr'>adulterare</span> <span class='ocrx_word' id='word_1_133' title='bbox 926 1600 982 1651; x_wconf 90' lang='lat' dir='ltr'>et</span> <span class='ocrx_word' id='word_1_134' title='bbox 1010 1596 1157 1651; x_wconf 82' lang='lat' dir='ltr'>mihi</span> <span class='ocrx_word' id='word_1_135' title='bbox 1188 1596 1433 1668; x_wconf 67' lang='lat' dir='ltr'>placore.</span> <span class='ocrx_word' id='word_1_136' title='bbox 1472 1619 1500 1648; x_wconf 88' lang='grc'>‹‹</span> <span class='ocrx_word' id='word_1_137' title='bbox 1532 1597 1712 1653; x_wconf 89' lang='lat' dir='ltr'>Nemo</span> <span class='ocrx_word' id='word_1_138' title='bbox 1758 1600 1951 1668; x_wconf 84' lang='lat' dir='ltr'>potest</span> 
     </span>
    </p>
   </div>
   <div class='ocr_carea' id='block_1_18' title="bbox 285 1685 1457 1758">
    <p class='ocr_par' dir='ltr' id='par_1_18' title="bbox 285 1685 1457 1758">
     <span class='ocr_line' id='line_1_18' title="bbox 285 1685 1457 1758; baseline -0.009 -14"><span class='ocrx_word' id='word_1_139' title='bbox 285 1688 525 1744; x_wconf 88' lang='lat' dir='ltr'>duobus</span> <span class='ocrx_word' id='word_1_140' title='bbox 554 1685 810 1742; x_wconf 89' lang='lat' dir='ltr'>dominis</span> <span class='ocrx_word' id='word_1_141' title='bbox 841 1685 1054 1742; x_wconf 84' lang='lat' dir='ltr'>servire</span> <span class='ocrx_word' id='word_1_142' title='bbox 1082 1685 1391 1758; x_wconf 77' lang='lat' dir='ltr'>(Matth.v1).</span> <span class='ocrx_word' id='word_1_143' title='bbox 1430 1707 1457 1734; x_wconf 89' lang='grc'><strong>››</strong></span> 
     </span>
    </p>
   </div>
   <div class='ocr_carea' id='block_1_19' title="bbox 2063 530 3714 594">
    <p class='ocr_par' dir='ltr' id='par_1_19' title="bbox 2063 530 3714 594">
     <span class='ocr_line' id='line_1_19' title="bbox 2063 530 3714 594; baseline 0.005 -8"><span class='ocrx_word' id='word_1_144' title='bbox 2063 530 2518 586; x_wconf 89' lang='lat' dir='ltr'>summationem</span> <span class='ocrx_word' id='word_1_145' title='bbox 2553 536 2609 586; x_wconf 87' lang='lat' dir='ltr'>et</span> <span class='ocrx_word' id='word_1_146' title='bbox 2638 532 3132 587; x_wconf 86' lang='lat' dir='ltr'>abbreviationem</span> <span class='ocrx_word' id='word_1_147' title='bbox 3179 534 3374 590; x_wconf 88' lang='lat' dir='ltr'>audivi</span> <span class='ocrx_word' id='word_1_148' title='bbox 3403 553 3438 591; x_wconf 90' lang='lat' dir='ltr'>a</span> <span class='ocrx_word' id='word_1_149' title='bbox 3467 535 3714 594; x_wconf 86' lang='lat' dir='ltr'>Domino</span> 
     </span>
    </p>
   </div>
   <div class='ocr_carea' id='block_1_20' title="bbox 2062 619 3714 695">
    <p class='ocr_par' dir='ltr' id='par_1_20' title="bbox 2062 619 3714 695">
     <span class='ocr_line' id='line_1_20' title="bbox 2062 619 3714 695; baseline 0.007 -24"><span class='ocrx_word' id='word_1_150' title='bbox 2062 635 2165 690; x_wconf 91' lang='lat' dir='ltr'>per</span> <span class='ocrx_word' id='word_1_151' title='bbox 2194 619 2526 675; x_wconf 86' lang='lat' dir='ltr'>universam</span> <span class='ocrx_word' id='word_1_152' title='bbox 2560 626 2795 676; x_wconf 89' lang='lat' dir='ltr'>terram.</span> <span class='ocrx_word' id='word_1_153' title='bbox 2829 644 2856 671; x_wconf 85' lang='grc'><strong>››</strong></span> <span class='ocrx_word' id='word_1_154' title='bbox 2892 622 3026 677; x_wconf 88' lang='lat' dir='ltr'>Ideo</span> <span class='ocrx_word' id='word_1_155' title='bbox 3056 622 3220 679; x_wconf 91' lang='lat' dir='ltr'>vobis</span> <span class='ocrx_word' id='word_1_156' title='bbox 3250 623 3363 679; x_wconf 86' lang='lat' dir='ltr'>ista</span> <span class='ocrx_word' id='word_1_157' title='bbox 3405 625 3714 695; x_wconf 82' lang='lat' dir='ltr'>annuntio,</span> 
     </span>
    </p>
   </div>
   <div class='ocr_carea' id='block_1_21' title="bbox 2062 708 3713 779">
    <p class='ocr_par' dir='ltr' id='par_1_21' title="bbox 2062 708 3713 779">
     <span class='ocr_line' id='line_1_21' title="bbox 2062 708 3713 779; baseline 0.006 -18"><span class='ocrx_word' id='word_1_158' title='bbox 2062 708 2339 779; x_wconf 88' lang='lat' dir='ltr'>quoniam</span> <span class='ocrx_word' id='word_1_159' title='bbox 2372 726 2405 763; x_wconf 90' lang='lat' dir='ltr'>a</span> <span class='ocrx_word' id='word_1_160' title='bbox 2436 710 2683 765; x_wconf 90' lang='lat' dir='ltr'>Domino</span> <span class='ocrx_word' id='word_1_161' title='bbox 2724 709 2917 765; x_wconf 86' lang='lat' dir='ltr'>audivi</span> <span class='ocrx_word' id='word_1_162' title='bbox 2970 710 3461 767; x_wconf 86' lang='lat' dir='ltr'>abbreviationem</span> <span class='ocrx_word' id='word_1_163' title='bbox 3506 717 3713 771; x_wconf 68' lang='lat' dir='ltr'>vestras</span> 
     </span>
    </p>
   </div>
   <div class='ocr_carea' id='block_1_22' title="bbox 2061 797 3715 873">
    <p class='ocr_par' dir='ltr' id='par_1_22' title="bbox 2061 797 3715 873">
     <span class='ocr_line' id='line_1_22' title="bbox 2061 797 3715 873; baseline 0.005 -23"><span class='ocrx_word' id='word_1_164' title='bbox 2061 797 2415 868; x_wconf 82' lang='lat' dir='ltr'>captivitatis</span> <span class='ocrx_word' id='word_1_165' title='bbox 2445 803 2502 853; x_wconf 86' lang='lat' dir='ltr'>et</span> <span class='ocrx_word' id='word_1_166' title='bbox 2532 798 2903 854; x_wconf 87' lang='lat' dir='ltr'>calamitatis.</span> <span class='ocrx_word' id='word_1_167' title='bbox 2938 800 3063 854; x_wconf 90' lang='lat' dir='ltr'>Non</span> <span class='ocrx_word' id='word_1_168' title='bbox 3113 799 3271 854; x_wconf 87' lang='lat' dir='ltr'>enim</span> <span class='ocrx_word' id='word_1_169' title='bbox 3319 800 3621 873; x_wconf 86' lang='lat' dir='ltr'>elongabit</span> <span class='ocrx_word' id='word_1_170' title='bbox 3648 805 3715 871; x_wconf 84' lang='lat' dir='ltr'>ut</span> 
     </span>
    </p>
   </div>
   <div class='ocr_carea' id='block_1_23' title="bbox 2058 872 3709 961">
    <p class='ocr_par' dir='ltr' id='par_1_23' title="bbox 2058 872 3709 961">
     <span class='ocr_line' id='line_1_23' title="bbox 2058 872 3709 961; baseline 0.005 -23"><span class='ocrx_word' id='word_1_171' title='bbox 2058 901 2160 938; x_wconf 91' lang='lat' dir='ltr'>vos</span> <span class='ocrx_word' id='word_1_172' title='bbox 2184 885 2420 955; x_wconf 81' lang='lat' dir='ltr'>putatis,</span> <span class='ocrx_word' id='word_1_173' title='bbox 2436 886 2695 943; x_wconf 87' lang='lat' dir='ltr'>dicentes</span> <span class='ocrx_word' id='word_1_174' title='bbox 2717 872 3709 961; x_wconf 56' lang='lat' dir='ltr'>deridendo,exspecta,reenspecta,</span> 
     </span>
    </p>
   </div>
   <div class='ocr_carea' id='block_1_24' title="bbox 2061 973 3712 1047">
    <p class='ocr_par' dir='ltr' id='par_1_24' title="bbox 2061 973 3712 1047">
     <span class='ocr_line' id='line_1_24' title="bbox 2061 973 3712 1047; baseline 0.004 -21"><span class='ocrx_word' id='word_1_175' title='bbox 2061 973 2288 1040; x_wconf 88' lang='lat' dir='ltr'>seditio,</span> <span class='ocrx_word' id='word_1_176' title='bbox 2322 975 2421 1028; x_wconf 86' lang='lat' dir='ltr'>sed</span> <span class='ocrx_word' id='word_1_177' title='bbox 2456 982 2690 1047; x_wconf 86' lang='lat' dir='ltr'>repente</span> <span class='ocrx_word' id='word_1_178' title='bbox 2720 976 2928 1043; x_wconf 85' lang='lat' dir='ltr'>veniet,</span> <span class='ocrx_word' id='word_1_179' title='bbox 2961 975 3011 1031; x_wconf 89' lang='lat' dir='ltr'>si</span> <span class='ocrx_word' id='word_1_180' title='bbox 3044 994 3159 1031; x_wconf 92' lang='lat' dir='ltr'>non</span> <span class='ocrx_word' id='word_1_181' title='bbox 3189 977 3416 1032; x_wconf 84' lang='lat' dir='ltr'>fueritis</span> <span class='ocrx_word' id='word_1_182' title='bbox 3447 977 3712 1034; x_wconf 87' lang='lat' dir='ltr'>conversi</span> 
     </span>
    </p>
   </div>
   <div class='ocr_carea' id='block_1_25' title="bbox 2060 1063 3711 1138">
    <p class='ocr_par' dir='ltr' id='par_1_25' title="bbox 2060 1063 3711 1138">
     <span class='ocr_line' id='line_1_25' title="bbox 2060 1063 3711 1138; baseline 0.004 -22"><span class='ocrx_word' id='word_1_183' title='bbox 2060 1063 2133 1117; x_wconf 86' lang='lat' dir='ltr'>ad</span> <span class='ocrx_word' id='word_1_184' title='bbox 2166 1063 2758 1133; x_wconf 77' lang='lat' dir='ltr'>pmnitentiam.Quod</span> <span class='ocrx_word' id='word_1_185' title='bbox 2782 1070 2979 1120; x_wconf 79' lang='lat' dir='ltr'>autem</span> <span class='ocrx_word' id='word_1_186' title='bbox 3004 1066 3145 1120; x_wconf 89' lang='lat' dir='ltr'>dicit</span> <span class='ocrx_word' id='word_1_187' title='bbox 3172 1083 3348 1138; x_wconf 90' lang='lat' dir='ltr'>super</span> <span class='ocrx_word' id='word_1_188' title='bbox 3376 1065 3711 1123; x_wconf 88' lang='lat' dir='ltr'>universam</span> 
     </span>
    </p>
   </div>
   <div class='ocr_carea' id='block_1_26' title="bbox 2059 1151 3709 1226">
    <p class='ocr_par' dir='ltr' id='par_1_26' title="bbox 2059 1151 3709 1226">
     <span class='ocr_line' id='line_1_26' title="bbox 2059 1151 3709 1226; baseline 0.005 -22"><span class='ocrx_word' id='word_1_189' title='bbox 2059 1154 2296 1220; x_wconf 88' lang='lat' dir='ltr'>terram,</span> <span class='ocrx_word' id='word_1_190' title='bbox 2330 1151 2416 1206; x_wconf 92' lang='lat' dir='ltr'>vel</span> <span class='ocrx_word' id='word_1_191' title='bbox 2450 1153 2781 1222; x_wconf 87' lang='lat' dir='ltr'>specialiter</span> <span class='ocrx_word' id='word_1_192' title='bbox 2810 1153 2925 1207; x_wconf 89' lang='lat' dir='ltr'>dici</span> <span class='ocrx_word' id='word_1_193' title='bbox 2954 1158 3145 1226; x_wconf 89' lang='lat' dir='ltr'>potest</span> <span class='ocrx_word' id='word_1_194' title='bbox 3173 1155 3243 1209; x_wconf 89' lang='lat' dir='ltr'>de</span> <span class='ocrx_word' id='word_1_195' title='bbox 3273 1159 3429 1210; x_wconf 88' lang='lat' dir='ltr'>terra</span> <span class='ocrx_word' id='word_1_196' title='bbox 3473 1156 3709 1213; x_wconf 69' lang='lat' dir='ltr'>Judaeo-</span> 
     </span>
    </p>
   </div>
   <div class='ocr_carea' id='block_1_27' title="bbox 2061 1240 3711 1317">
    <p class='ocr_par' dir='ltr' id='par_1_27' title="bbox 2061 1240 3711 1317">
     <span class='ocr_line' id='line_1_27' title="bbox 2061 1240 3711 1317; baseline 0.005 -25"><span class='ocrx_word' id='word_1_197' title='bbox 2061 1256 2213 1308; x_wconf 90' lang='lat' dir='ltr'>rum,</span> <span class='ocrx_word' id='word_1_198' title='bbox 2248 1240 2333 1295; x_wconf 90' lang='lat' dir='ltr'>vel</span> <span class='ocrx_word' id='word_1_199' title='bbox 2367 1241 2543 1295; x_wconf 87' lang='lat' dir='ltr'>etiam</span> <span class='ocrx_word' id='word_1_200' title='bbox 2575 1242 2924 1313; x_wconf 81' lang='lat' dir='ltr'>generaliter</span> <span class='ocrx_word' id='word_1_201' title='bbox 2954 1244 3026 1297; x_wconf 91' lang='lat' dir='ltr'>ad</span> <span class='ocrx_word' id='word_1_202' title='bbox 3058 1244 3212 1298; x_wconf 89' lang='lat' dir='ltr'>diem</span> <span class='ocrx_word' id='word_1_203' title='bbox 3237 1243 3711 1317; x_wconf 88' lang='lat' dir='ltr'>judicii,quando</span> 
     </span>
    </p>
   </div>
   <div class='ocr_carea' id='block_1_28' title="bbox 2059 1328 3284 1387">
    <p class='ocr_par' dir='ltr' id='par_1_28' title="bbox 2059 1328 3284 1387">
     <span class='ocr_line' id='line_1_28' title="bbox 2059 1328 3284 1387; baseline 0.002 -4"><span class='ocrx_word' id='word_1_204' title='bbox 2059 1328 2369 1383; x_wconf 90' lang='lat' dir='ltr'>universus</span> <span class='ocrx_word' id='word_1_205' title='bbox 2399 1330 2559 1385; x_wconf 88' lang='lat' dir='ltr'>orbis</span> <span class='ocrx_word' id='word_1_206' title='bbox 2591 1348 2625 1385; x_wconf 92' lang='lat' dir='ltr'>a</span> <span class='ocrx_word' id='word_1_207' title='bbox 2655 1331 2900 1386; x_wconf 90' lang='lat' dir='ltr'>Domino</span> <span class='ocrx_word' id='word_1_208' title='bbox 2930 1330 3284 1387; x_wconf 85' lang='lat' dir='ltr'>visitabitur.</span> 
     </span>
    </p>
   </div>
   <div class='ocr_carea' id='block_1_29' title="bbox 2130 1435 3714 1509">
    <p class='ocr_par' dir='ltr' id='par_1_29' title="bbox 2130 1435 3714 1509">
     <span class='ocr_line' id='line_1_29' title="bbox 2130 1435 3714 1509; baseline 0.005 -20"><span class='ocrx_word' id='word_1_209' title='bbox 2130 1457 2159 1484; x_wconf 80' lang='grc'>‹‹</span> <span class='ocrx_word' id='word_1_210' title='bbox 2191 1435 2446 1491; x_wconf 87' lang='lat' dir='ltr'>Auribus</span> <span class='ocrx_word' id='word_1_211' title='bbox 2476 1437 2753 1509; x_wconf 86' lang='lat' dir='ltr'>percipite</span> <span class='ocrx_word' id='word_1_212' title='bbox 2782 1442 2839 1493; x_wconf 88' lang='lat' dir='ltr'>et</span> <span class='ocrx_word' id='word_1_213' title='bbox 2868 1439 3066 1494; x_wconf 88' lang='lat' dir='ltr'>audite</span> <span class='ocrx_word' id='word_1_214' title='bbox 3094 1455 3293 1495; x_wconf 90' lang='lat' dir='ltr'>vocem</span> <span class='ocrx_word' id='word_1_215' title='bbox 3326 1454 3576 1495; x_wconf 83' lang='lat' dir='ltr'>meam.»</span> <span class='ocrx_word' id='word_1_216' title='bbox 3591 1440 3714 1497; x_wconf 83' lang='lat' dir='ltr'>Vox</span> 
     </span>
    </p>
   </div>
   <div class='ocr_carea' id='block_1_30' title="bbox 2059 1525 3168 1598">
    <p class='ocr_par' dir='ltr' id='par_1_30' title="bbox 2059 1525 3168 1598">
     <span class='ocr_line' id='line_1_30' title="bbox 2059 1525 3168 1598; baseline 0.004 -19"><span class='ocrx_word' id='word_1_217' title='bbox 2059 1525 2354 1597; x_wconf 70' lang='lat' dir='ltr'>prophetze</span> <span class='ocrx_word' id='word_1_218' title='bbox 2384 1526 2457 1581; x_wconf 92' lang='lat' dir='ltr'>ad</span> <span class='ocrx_word' id='word_1_219' title='bbox 2488 1527 2712 1581; x_wconf 88' lang='lat' dir='ltr'>scribas</span> <span class='ocrx_word' id='word_1_220' title='bbox 2744 1530 2801 1581; x_wconf 80' lang='lat' dir='ltr'>et</span> <span class='ocrx_word' id='word_1_221' title='bbox 2830 1528 3168 1598; x_wconf 74' lang='lat' dir='ltr'>phariszeos.</span> 
     </span>
    </p>
   </div>
   <div class='ocr_carea' id='block_1_31' title="bbox 2132 1630 3771 1709">
    <p class='ocr_par' dir='ltr' id='par_1_31' title="bbox 2132 1630 3771 1709">
     <span class='ocr_line' id='line_1_31' title="bbox 2132 1630 3771 1709; baseline 0.008 -29"><span class='ocrx_word' id='word_1_222' title='bbox 2132 1652 2159 1680; x_wconf 90' lang='grc'><em>‹‹</em></span> <span class='ocrx_word' id='word_1_223' title='bbox 2191 1630 2469 1702; x_wconf 88' lang='lat' dir='ltr'>Nunquid</span> <span class='ocrx_word' id='word_1_224' title='bbox 2528 1635 2651 1686; x_wconf 89' lang='lat' dir='ltr'>tota</span> <span class='ocrx_word' id='word_1_225' title='bbox 2706 1632 2820 1698; x_wconf 90' lang='lat' dir='ltr'>die,</span> <span class='ocrx_word' id='word_1_226' title='bbox 2859 1656 2886 1680; x_wconf 83' lang='lat'>»</span> <span class='ocrx_word' id='word_1_227' title='bbox 2928 1632 3035 1687; x_wconf 90' lang='lat' dir='ltr'>hoc</span> <span class='ocrx_word' id='word_1_228' title='bbox 3095 1638 3184 1689; x_wconf 88' lang='lat' dir='ltr'>est</span> <span class='ocrx_word' id='word_1_229' title='bbox 3239 1635 3400 1690; x_wconf 88' lang='lat' dir='ltr'>omni</span> <span class='ocrx_word' id='word_1_230' title='bbox 3450 1639 3715 1709; x_wconf 86' lang='lat' dir='ltr'>tempore</span> <span class='ocrx_word' id='word_1_231' title='bbox 3764 1644 3771 1653; x_wconf 88' lang='lat'><strong>&#39;</strong></span> 
     </span>
    </p>
   </div>
   <div class='ocr_carea' id='block_1_32' title="bbox 2057 1720 3713 1792">
    <p class='ocr_par' dir='ltr' id='par_1_32' title="bbox 2057 1720 3713 1792">
     <span class='ocr_line' id='line_1_32' title="bbox 2057 1720 3713 1792; baseline 0.005 -19"><span class='ocrx_word' id='word_1_232' title='bbox 2057 1744 2085 1769; x_wconf 87' lang='lat'><strong>«</strong></span> <span class='ocrx_word' id='word_1_233' title='bbox 2121 1720 2312 1774; x_wconf 89' lang='lat' dir='ltr'>arabit</span> <span class='ocrx_word' id='word_1_234' title='bbox 2342 1738 2535 1787; x_wconf 85' lang='lat' dir='ltr'>arans,</span> <span class='ocrx_word' id='word_1_235' title='bbox 2572 1742 2597 1769; x_wconf 80' lang='lat'><strong>»</strong></span> <span class='ocrx_word' id='word_1_236' title='bbox 2629 1720 2739 1775; x_wconf 92' lang='lat' dir='ltr'>hoc</span> <span class='ocrx_word' id='word_1_237' title='bbox 2769 1724 2858 1775; x_wconf 86' lang='lat' dir='ltr'>est</span> <span class='ocrx_word' id='word_1_238' title='bbox 2887 1721 3159 1792; x_wconf 81' lang='lat' dir='ltr'>agricola,</span> <span class='ocrx_word' id='word_1_239' title='bbox 3195 1747 3221 1772; x_wconf 77' lang='grc' dir='ltr'>(ι</span> <span class='ocrx_word' id='word_1_240' title='bbox 3258 1727 3324 1778; x_wconf 91' lang='lat' dir='ltr'>ut</span> <span class='ocrx_word' id='word_1_241' title='bbox 3353 1724 3605 1780; x_wconf 89' lang='lat' dir='ltr'>seminet</span> <span class='ocrx_word' id='word_1_242' title='bbox 3628 1742 3713 1781; x_wconf 89' lang='lat' dir='ltr'>se-</span> 
     </span>
    </p>
   </div>
   <div class='ocr_carea' id='block_1_33' title="bbox 360 1775 3710 1883">
    <p class='ocr_par' dir='ltr' id='par_1_33' title="bbox 360 1775 3710 1883">
     <span class='ocr_line' id='line_1_33' title="bbox 360 1775 3710 1883; baseline 0.001 -17"><span class='ocrx_word' id='word_1_243' title='bbox 360 1799 392 1827; x_wconf 73' lang='lat'><em>“</em></span> <span class='ocrx_word' id='word_1_244' title='bbox 768 1778 1043 1883; x_wconf 34' lang='lat' dir='ltr'>133m???</span> <span class='ocrx_word' id='word_1_245' title='bbox 1066 1775 1944 1883; x_wconf 35' lang='lat' dir='ltr'>fflilfPf’m‘E‘P&#39;</span> <span class='ocrx_word' id='word_1_246' title='bbox 1977 1809 2025 1873; x_wconf 88' lang='grc' dir='ltr'><strong>Β</strong></span> <span class='ocrx_word' id='word_1_247' title='bbox 2055 1825 2188 1863; x_wconf 90' lang='lat' dir='ltr'>men</span> <span class='ocrx_word' id='word_1_248' title='bbox 2220 1825 2395 1864; x_wconf 92' lang='lat' dir='ltr'>suum</span> <span class='ocrx_word' id='word_1_249' title='bbox 2412 1809 2440 1864; x_wconf 83' lang='lat'>‘?</span> <span class='ocrx_word' id='word_1_250' title='bbox 2466 1832 2492 1857; x_wconf 83' lang='lat'><strong>»</strong></span> <span class='ocrx_word' id='word_1_251' title='bbox 2514 1810 2662 1865; x_wconf 91' lang='lat' dir='ltr'>Non.</span> <span class='ocrx_word' id='word_1_252' title='bbox 2686 1809 2793 1875; x_wconf 87' lang='lat' dir='ltr'>Qui</span> <span class='ocrx_word' id='word_1_253' title='bbox 2815 1775 3159 1882; x_wconf 49' lang='lat' dir='ltr'>operabitur,</span> <span class='ocrx_word' id='word_1_254' title='bbox 3178 1816 3321 1867; x_wconf 92' lang='lat' dir='ltr'>tunc</span> <span class='ocrx_word' id='word_1_255' title='bbox 3351 1812 3710 1883; x_wconf 80' lang='lat' dir='ltr'>proscindat,</span> 
     </span>
    </p>
   </div>
   <div class='ocr_carea' id='block_1_34' title="bbox 283 1862 1797 1935">
    <p class='ocr_par' dir='ltr' id='par_1_34' title="bbox 283 1862 1797 1935">
     <span class='ocr_line' id='line_1_34' title="bbox 283 1862 1797 1935; baseline -0.007 -13"><span class='ocrx_word' id='word_1_256' title='bbox 283 1866 444 1922; x_wconf 86' lang='lat' dir='ltr'>sicut</span> <span class='ocrx_word' id='word_1_257' title='bbox 472 1865 533 1920; x_wconf 92' lang='lat' dir='ltr'>in</span> <span class='ocrx_word' id='word_1_258' title='bbox 572 1862 724 1919; x_wconf 91' lang='lat' dir='ltr'>valle</span> <span class='ocrx_word' id='word_1_259' title='bbox 770 1879 899 1935; x_wconf 72' lang='lat' dir='ltr'>qum</span> <span class='ocrx_word' id='word_1_260' title='bbox 945 1867 1035 1918; x_wconf 89' lang='lat' dir='ltr'>est</span> <span class='ocrx_word' id='word_1_261' title='bbox 1084 1863 1143 1918; x_wconf 90' lang='lat' dir='ltr'>in</span> <span class='ocrx_word' id='word_1_262' title='bbox 1193 1863 1382 1918; x_wconf 89' lang='lat' dir='ltr'>Sabaa</span> <span class='ocrx_word' id='word_1_263' title='bbox 1431 1863 1732 1917; x_wconf 85' lang='lat' dir='ltr'>irascetur.</span> <span class='ocrx_word' id='word_1_264' title='bbox 1769 1886 1797 1912; x_wconf 89' lang='grc'><strong>››</strong></span> 
     </span>
    </p>
   </div>
   <div class='ocr_carea' id='block_1_35' title="bbox 282 1950 1946 2029">
    <p class='ocr_par' dir='ltr' id='par_1_35' title="bbox 282 1950 1946 2029">
     <span class='ocr_line' id='line_1_35' title="bbox 282 1950 1946 2029; baseline -0.004 -18"><span class='ocrx_word' id='word_1_265' title='bbox 282 1954 583 2029; x_wconf 60' lang='lat' dir='ltr'>prophetas</span> <span class='ocrx_word' id='word_1_266' title='bbox 614 1956 821 2008; x_wconf 88' lang='lat' dir='ltr'>contra</span> <span class='ocrx_word' id='word_1_267' title='bbox 852 1950 1236 2007; x_wconf 81' lang='lat' dir='ltr'>Hierusalem.</span> <span class='ocrx_word' id='word_1_268' title='bbox 1261 1951 1716 2007; x_wconf 89' lang='lat' dir='ltr'>Subauditiones</span> <span class='ocrx_word' id='word_1_269' title='bbox 1746 1952 1857 2008; x_wconf 90' lang='lat' dir='ltr'>isto</span> <span class='ocrx_word' id='word_1_270' title='bbox 1886 1951 1946 2006; x_wconf 92' lang='lat' dir='ltr'>in</span> 
     </span>
    </p>
   </div>
   <div class='ocr_carea' id='block_1_36' title="bbox 283 2040 1944 2100">
    <p class='ocr_par' dir='ltr' id='par_1_36' title="bbox 283 2040 1944 2100">
     <span class='ocr_line' id='line_1_36' title="bbox 283 2040 1944 2100; baseline -0.003 0"><span class='ocrx_word' id='word_1_271' title='bbox 283 2044 416 2100; x_wconf 91' lang='lat' dir='ltr'>loco</span> <span class='ocrx_word' id='word_1_272' title='bbox 445 2041 790 2099; x_wconf 65' lang='lat' dir='ltr'>necessariae</span> <span class='ocrx_word' id='word_1_273' title='bbox 820 2045 980 2096; x_wconf 90' lang='lat' dir='ltr'>sunt.</span> <span class='ocrx_word' id='word_1_274' title='bbox 1016 2064 1043 2091; x_wconf 83' lang='lat'><strong>«</strong></span> <span class='ocrx_word' id='word_1_275' title='bbox 1080 2040 1243 2097; x_wconf 90' lang='lat' dir='ltr'>Sicut</span> <span class='ocrx_word' id='word_1_276' title='bbox 1269 2041 1329 2095; x_wconf 92' lang='lat' dir='ltr'>in</span> <span class='ocrx_word' id='word_1_277' title='bbox 1362 2044 1560 2095; x_wconf 89' lang='lat' dir='ltr'>monte</span> <span class='ocrx_word' id='word_1_278' title='bbox 1590 2040 1944 2096; x_wconf 87' lang='lat' dir='ltr'>divisionum</span> 
     </span>
    </p>
   </div>
   <div class='ocr_carea' id='block_1_37' title="bbox 283 2128 1943 2201">
    <p class='ocr_par' dir='ltr' id='par_1_37' title="bbox 283 2128 1943 2201">
     <span class='ocr_line' id='line_1_37' title="bbox 283 2128 1943 2201; baseline -0.004 -11"><span class='ocrx_word' id='word_1_279' title='bbox 283 2133 452 2190; x_wconf 81' lang='lat' dir='ltr'>stetit</span> <span class='ocrx_word' id='word_1_280' title='bbox 470 2128 1083 2196; x_wconf 84' lang='lat' dir='ltr'>Dominus,»dividens</span> <span class='ocrx_word' id='word_1_281' title='bbox 1106 2128 1426 2185; x_wconf 71' lang='lat' dir='ltr'>Philistzeos</span> <span class='ocrx_word' id='word_1_282' title='bbox 1449 2133 1746 2201; x_wconf 83' lang='lat' dir='ltr'>pugnante</span> <span class='ocrx_word' id='word_1_283' title='bbox 1765 2128 1943 2184; x_wconf 88' lang='lat' dir='ltr'>David</span> 
     </span>
    </p>
   </div>
   <div class='ocr_carea' id='block_1_38' title="bbox 284 2218 1945 2293">
    <p class='ocr_par' dir='ltr' id='par_1_38' title="bbox 284 2218 1945 2293">
     <span class='ocr_line' id='line_1_38' title="bbox 284 2218 1945 2293; baseline -0.002 -16"><span class='ocrx_word' id='word_1_284' title='bbox 284 2223 335 2293; x_wconf 88' lang='grc' dir='ltr'>(ι</span> <span class='ocrx_word' id='word_1_285' title='bbox 362 2222 550 2277; x_wconf 84' lang='lat' dir='ltr'>Paral.</span> <span class='ocrx_word' id='word_1_286' title='bbox 598 2219 714 2291; x_wconf 72' lang='lat' dir='ltr'>xxv)</span> <span class='ocrx_word' id='word_1_287' title='bbox 749 2235 761 2275; x_wconf 89' lang='lat'><strong>:</strong></span> <span class='ocrx_word' id='word_1_288' title='bbox 796 2220 881 2275; x_wconf 89' lang='lat' dir='ltr'>sic</span> <span class='ocrx_word' id='word_1_289' title='bbox 930 2218 1110 2274; x_wconf 88' lang='lat' dir='ltr'>stabit</span> <span class='ocrx_word' id='word_1_290' title='bbox 1169 2218 1455 2274; x_wconf 90' lang='lat' dir='ltr'>Dominus</span> <span class='ocrx_word' id='word_1_291' title='bbox 1506 2221 1710 2273; x_wconf 89' lang='lat' dir='ltr'>contra</span> <span class='ocrx_word' id='word_1_292' title='bbox 1757 2234 1878 2286; x_wconf 90' lang='lat' dir='ltr'>vos,</span> <span class='ocrx_word' id='word_1_293' title='bbox 1912 2235 1945 2273; x_wconf 90' lang='lat'>0</span> 
     </span>
    </p>
   </div>
   <div class='ocr_carea' id='block_1_39' title="bbox 284 2307 1944 2380">
    <p class='ocr_par' dir='ltr' id='par_1_39' title="bbox 284 2307 1944 2380">
     <span class='ocr_line' id='line_1_39' title="bbox 284 2307 1944 2380; baseline -0.004 -12"><span class='ocrx_word' id='word_1_294' title='bbox 284 2311 447 2369; x_wconf 85' lang='lat' dir='ltr'>Juda</span> <span class='ocrx_word' id='word_1_295' title='bbox 487 2313 543 2365; x_wconf 86' lang='lat' dir='ltr'>st</span> <span class='ocrx_word' id='word_1_296' title='bbox 591 2307 917 2380; x_wconf 89' lang='lat' dir='ltr'>Benjamin.</span> <span class='ocrx_word' id='word_1_297' title='bbox 970 2308 1195 2380; x_wconf 82' lang='lat' dir='ltr'>Regum</span> <span class='ocrx_word' id='word_1_298' title='bbox 1244 2307 1490 2362; x_wconf 90' lang='lat' dir='ltr'>historia</span> <span class='ocrx_word' id='word_1_299' title='bbox 1537 2311 1755 2377; x_wconf 89' lang='lat' dir='ltr'>narrat,</span> <span class='ocrx_word' id='word_1_300' title='bbox 1787 2307 1944 2378; x_wconf 86' lang='lat' dir='ltr'>quod</span> 
     </span>
    </p>
   </div>
   <div class='ocr_carea' id='block_1_40' title="bbox 283 2394 1946 2469">
    <p class='ocr_par' dir='ltr' id='par_1_40' title="bbox 283 2394 1946 2469">
     <span class='ocr_line' id='line_1_40' title="bbox 283 2394 1946 2469; baseline -0.004 -13"><span class='ocrx_word' id='word_1_301' title='bbox 283 2397 600 2456; x_wconf 69' lang='lat' dir='ltr'>Philistaais</span> <span class='ocrx_word' id='word_1_302' title='bbox 625 2396 993 2469; x_wconf 89' lang='lat' dir='ltr'>congregatis</span> <span class='ocrx_word' id='word_1_303' title='bbox 1024 2396 1083 2449; x_wconf 92' lang='lat' dir='ltr'>in</span> <span class='ocrx_word' id='word_1_304' title='bbox 1116 2412 1232 2451; x_wconf 92' lang='lat' dir='ltr'>uno</span> <span class='ocrx_word' id='word_1_305' title='bbox 1253 2394 1448 2468; x_wconf 91' lang='lat' dir='ltr'>globo,</span> <span class='ocrx_word' id='word_1_306' title='bbox 1471 2396 1807 2467; x_wconf 91' lang='lat' dir='ltr'>supervenit</span> <span class='ocrx_word' id='word_1_307' title='bbox 1828 2394 1946 2451; x_wconf 90' lang='lat' dir='ltr'>illis</span> 
     </span>
    </p>
   </div>
   <div class='ocr_carea' id='block_1_41' title="bbox 283 2483 1946 2556">
    <p class='ocr_par' dir='ltr' id='par_1_41' title="bbox 283 2483 1946 2556">
     <span class='ocr_line' id='line_1_41' title="bbox 283 2483 1946 2556; baseline -0.004 -10"><span class='ocrx_word' id='word_1_308' title='bbox 283 2488 496 2556; x_wconf 85' lang='lat' dir='ltr'>David,</span> <span class='ocrx_word' id='word_1_309' title='bbox 528 2491 586 2543; x_wconf 90' lang='lat' dir='ltr'>et</span> <span class='ocrx_word' id='word_1_310' title='bbox 613 2486 859 2542; x_wconf 91' lang='lat' dir='ltr'>Domino</span> <span class='ocrx_word' id='word_1_311' title='bbox 891 2483 1003 2541; x_wconf 89' lang='lat' dir='ltr'>sibi</span> <span class='ocrx_word' id='word_1_312' title='bbox 1035 2483 1377 2556; x_wconf 87' lang='lat' dir='ltr'>opitulante,</span> <span class='ocrx_word' id='word_1_313' title='bbox 1401 2484 1599 2539; x_wconf 90' lang='lat' dir='ltr'>divisit</span> <span class='ocrx_word' id='word_1_314' title='bbox 1622 2483 1755 2540; x_wconf 90' lang='lat' dir='ltr'>illos</span> <span class='ocrx_word' id='word_1_315' title='bbox 1775 2485 1848 2539; x_wconf 92' lang='lat' dir='ltr'>ab</span> <span class='ocrx_word' id='word_1_316' title='bbox 1870 2484 1946 2539; x_wconf 90' lang='lat' dir='ltr'>al-</span> 
     </span>
    </p>
   </div>
   <div class='ocr_carea' id='block_1_42' title="bbox 281 2572 1941 2645">
    <p class='ocr_par' dir='ltr' id='par_1_42' title="bbox 281 2572 1941 2645">
     <span class='ocr_line' id='line_1_42' title="bbox 281 2572 1941 2645; baseline -0.004 -11"><span class='ocrx_word' id='word_1_317' title='bbox 281 2580 600 2634; x_wconf 89' lang='lat' dir='ltr'>terutrum.</span> <span class='ocrx_word' id='word_1_318' title='bbox 635 2573 722 2631; x_wconf 89' lang='lat' dir='ltr'>Illi</span> <span class='ocrx_word' id='word_1_319' title='bbox 758 2589 1014 2645; x_wconf 90' lang='lat' dir='ltr'>namque</span> <span class='ocrx_word' id='word_1_320' title='bbox 1044 2572 1147 2645; x_wconf 92' lang='lat' dir='ltr'>qui</span> <span class='ocrx_word' id='word_1_321' title='bbox 1176 2573 1390 2630; x_wconf 89' lang='lat' dir='ltr'>mortui</span> <span class='ocrx_word' id='word_1_322' title='bbox 1424 2578 1834 2629; x_wconf 90' lang='lat' dir='ltr'>remanserunt</span> <span class='ocrx_word' id='word_1_323' title='bbox 1853 2589 1941 2628; x_wconf 89' lang='lat' dir='ltr'>se-</span> 
     </span>
    </p>
   </div>
   <div class='ocr_carea' id='block_1_43' title="bbox 272 2660 1944 2741">
    <p class='ocr_par' dir='ltr' id='par_1_43' title="bbox 272 2660 1944 2741">
     <span class='ocr_line' id='line_1_43' title="bbox 272 2660 1944 2741; baseline -0.003 -19"><span class='ocrx_word' id='word_1_324' title='bbox 272 2664 474 2741; x_wconf 88' lang='lat' dir='ltr'>juncti</span> <span class='ocrx_word' id='word_1_325' title='bbox 491 2668 631 2720; x_wconf 89' lang='lat' dir='ltr'>sunt</span> <span class='ocrx_word' id='word_1_326' title='bbox 646 2663 717 2719; x_wconf 90' lang='lat' dir='ltr'>ab</span> <span class='ocrx_word' id='word_1_327' title='bbox 739 2661 855 2717; x_wconf 89' lang='lat' dir='ltr'>illis</span> <span class='ocrx_word' id='word_1_328' title='bbox 880 2662 980 2734; x_wconf 88' lang='lat' dir='ltr'>qui</span> <span class='ocrx_word' id='word_1_329' title='bbox 998 2678 1102 2734; x_wconf 88' lang='lat' dir='ltr'>per</span> <span class='ocrx_word' id='word_1_330' title='bbox 1120 2662 1379 2717; x_wconf 89' lang='lat' dir='ltr'>diversas</span> <span class='ocrx_word' id='word_1_331' title='bbox 1402 2661 1750 2717; x_wconf 89' lang='lat' dir='ltr'>solitudines</span> <span class='ocrx_word' id='word_1_332' title='bbox 1774 2660 1944 2733; x_wconf 91' lang='lat' dir='ltr'>longe</span> 
     </span>
    </p>
   </div>
   <div class='ocr_carea' id='block_1_44' title="bbox 277 2750 1944 2826">
    <p class='ocr_par' dir='ltr' id='par_1_44' title="bbox 277 2750 1944 2826">
     <span class='ocr_line' id='line_1_44' title="bbox 277 2750 1944 2826; baseline -0.004 -15"><span class='ocrx_word' id='word_1_333' title='bbox 277 2754 518 2826; x_wconf 85' lang='lat' dir='ltr'>lateque</span> <span class='ocrx_word' id='word_1_334' title='bbox 548 2751 798 2825; x_wconf 85' lang='lat' dir='ltr'>dispersi</span> <span class='ocrx_word' id='word_1_335' title='bbox 831 2755 1378 2822; x_wconf 88' lang='lat' dir='ltr'>sunt,persequente</span> <span class='ocrx_word' id='word_1_336' title='bbox 1411 2750 1542 2805; x_wconf 90' lang='lat' dir='ltr'>illos</span> <span class='ocrx_word' id='word_1_337' title='bbox 1574 2750 1944 2806; x_wconf 89' lang='lat' dir='ltr'>David.Unde</span> 
     </span>
    </p>
   </div>
   <div class='ocr_carea' id='block_1_45' title="bbox 276 2838 1942 2910">
    <p class='ocr_par' dir='ltr' id='par_1_45' title="bbox 276 2838 1942 2910">
     <span class='ocr_line' id='line_1_45' title="bbox 276 2838 1942 2910; baseline -0.003 -12"><span class='ocrx_word' id='word_1_338' title='bbox 276 2847 523 2899; x_wconf 81' lang='lat' dir='ltr'>vocatus</span> <span class='ocrx_word' id='word_1_339' title='bbox 553 2845 644 2897; x_wconf 89' lang='lat' dir='ltr'>est</span> <span class='ocrx_word' id='word_1_340' title='bbox 675 2840 838 2895; x_wconf 89' lang='lat' dir='ltr'>locus</span> <span class='ocrx_word' id='word_1_341' title='bbox 867 2839 965 2894; x_wconf 90' lang='lat' dir='ltr'>ille</span> <span class='ocrx_word' id='word_1_342' title='bbox 997 2838 1134 2895; x_wconf 88' lang='lat' dir='ltr'>Baai</span> <span class='ocrx_word' id='word_1_343' title='bbox 1181 2838 1483 2896; x_wconf 88' lang='lat' dir='ltr'>Pharasim</span> <span class='ocrx_word' id='word_1_344' title='bbox 1533 2841 1663 2909; x_wconf 74' lang='lat' dir='ltr'>(los.</span> <span class='ocrx_word' id='word_1_345' title='bbox 1694 2839 1773 2910; x_wconf 73' lang='grc' dir='ltr'>κ).</span> <span class='ocrx_word' id='word_1_346' title='bbox 1809 2861 1837 2888; x_wconf 92' lang='grc'>‹‹</span> <span class='ocrx_word' id='word_1_347' title='bbox 1872 2840 1942 2893; x_wconf 89' lang='lat' dir='ltr'>Et</span> 
     </span>
    </p>
   </div>
   <div class='ocr_carea' id='block_1_46' title="bbox 276 2925 1944 2999">
    <p class='ocr_par' dir='ltr' id='par_1_46' title="bbox 276 2925 1944 2999">
     <span class='ocr_line' id='line_1_46' title="bbox 276 2925 1944 2999; baseline -0.004 -13"><span class='ocrx_word' id='word_1_348' title='bbox 276 2931 438 2987; x_wconf 88' lang='lat' dir='ltr'>sicut</span> <span class='ocrx_word' id='word_1_349' title='bbox 466 2929 528 2983; x_wconf 91' lang='lat' dir='ltr'>in</span> <span class='ocrx_word' id='word_1_350' title='bbox 556 2926 705 2984; x_wconf 89' lang='lat' dir='ltr'>valle</span> <span class='ocrx_word' id='word_1_351' title='bbox 734 2944 862 2999; x_wconf 66' lang='lat' dir='ltr'>quae</span> <span class='ocrx_word' id='word_1_352' title='bbox 889 2931 981 2983; x_wconf 89' lang='lat' dir='ltr'>est</span> <span class='ocrx_word' id='word_1_353' title='bbox 1003 2926 1063 2981; x_wconf 90' lang='lat' dir='ltr'>in</span> <span class='ocrx_word' id='word_1_354' title='bbox 1096 2927 1285 2983; x_wconf 89' lang='lat' dir='ltr'>Sabaa</span> <span class='ocrx_word' id='word_1_355' title='bbox 1318 2949 1345 2975; x_wconf 86' lang='lat'><strong><em>»</em></strong></span> <span class='ocrx_word' id='word_1_356' title='bbox 1375 2925 1564 2982; x_wconf 89' lang='lat' dir='ltr'>iratus</span> <span class='ocrx_word' id='word_1_357' title='bbox 1600 2930 1692 2982; x_wconf 88' lang='lat' dir='ltr'>est</span> <span class='ocrx_word' id='word_1_358' title='bbox 1739 2930 1944 2981; x_wconf 86' lang='lat' dir='ltr'>contra</span> 
     </span>
    </p>
   </div>
   <div class='ocr_carea' id='block_1_47' title="bbox 276 3014 1941 3088">
    <p class='ocr_par' dir='ltr' id='par_1_47' title="bbox 276 3014 1941 3088">
     <span class='ocr_line' id='line_1_47' title="bbox 276 3014 1941 3088; baseline -0.002 -13"><span class='ocrx_word' id='word_1_359' title='bbox 276 3018 643 3075; x_wconf 70' lang='lat' dir='ltr'>Chananaaos</span> <span class='ocrx_word' id='word_1_360' title='bbox 674 3019 972 3088; x_wconf 86' lang='lat' dir='ltr'>pugnante</span> <span class='ocrx_word' id='word_1_361' title='bbox 1002 3015 1179 3070; x_wconf 88' lang='lat' dir='ltr'>Josue</span> <span class='ocrx_word' id='word_1_362' title='bbox 1209 3014 1518 3070; x_wconf 89' lang='lat' dir='ltr'>adversum</span> <span class='ocrx_word' id='word_1_363' title='bbox 1550 3031 1670 3082; x_wconf 82' lang='lat' dir='ltr'>eos,</span> <span class='ocrx_word' id='word_1_364' title='bbox 1706 3016 1941 3087; x_wconf 89' lang='lat' dir='ltr'>quando</span> 
     </span>
    </p>
   </div>
   <div class='ocr_carea' id='block_1_48' title="bbox 277 3102 1939 3179">
    <p class='ocr_par' dir='ltr' id='par_1_48' title="bbox 277 3102 1939 3179">
     <span class='ocr_line' id='line_1_48' title="bbox 277 3102 1939 3179; baseline -0.003 -15"><span class='ocrx_word' id='word_1_365' title='bbox 277 3108 353 3165; x_wconf 86' lang='lat' dir='ltr'>ad</span> <span class='ocrx_word' id='word_1_366' title='bbox 380 3108 624 3179; x_wconf 89' lang='lat' dir='ltr'>jussum</span> <span class='ocrx_word' id='word_1_367' title='bbox 658 3104 817 3159; x_wconf 89' lang='lat' dir='ltr'>illius</span> <span class='ocrx_word' id='word_1_368' title='bbox 846 3103 1045 3159; x_wconf 89' lang='lat' dir='ltr'>omnia</span> <span class='ocrx_word' id='word_1_369' title='bbox 1072 3102 1266 3159; x_wconf 87' lang='lat' dir='ltr'>sidera</span> <span class='ocrx_word' id='word_1_370' title='bbox 1294 3102 1354 3157; x_wconf 90' lang='lat' dir='ltr'>in</span> <span class='ocrx_word' id='word_1_371' title='bbox 1407 3103 1713 3159; x_wconf 87' lang='lat' dir='ltr'>cacumine</span> <span class='ocrx_word' id='word_1_372' title='bbox 1762 3103 1939 3159; x_wconf 89' lang='lat' dir='ltr'>medii</span> 
     </span>
    </p>
   </div>
   <div class='ocr_carea' id='block_1_49' title="bbox 2056 1897 3709 1971">
    <p class='ocr_par' dir='ltr' id='par_1_49' title="bbox 2056 1897 3709 1971">
     <span class='ocr_line' id='line_1_49' title="bbox 2056 1897 3709 1971; baseline 0.003 -19"><span class='ocrx_word' id='word_1_373' title='bbox 2056 1897 2166 1952; x_wconf 91' lang='lat' dir='ltr'>hoc</span> <span class='ocrx_word' id='word_1_374' title='bbox 2195 1902 2285 1953; x_wconf 89' lang='lat' dir='ltr'>est</span> <span class='ocrx_word' id='word_1_375' title='bbox 2321 1903 2636 1970; x_wconf 85' lang='lat' dir='ltr'>antequam</span> <span class='ocrx_word' id='word_1_376' title='bbox 2688 1903 2922 1971; x_wconf 89' lang='lat' dir='ltr'>tempus</span> <span class='ocrx_word' id='word_1_377' title='bbox 2967 1900 3372 1955; x_wconf 89' lang='lat' dir='ltr'>seminationis</span> <span class='ocrx_word' id='word_1_378' title='bbox 3419 1901 3709 1968; x_wconf 89' lang='lat' dir='ltr'>adveniat,</span> 
     </span>
    </p>
   </div>
   <div class='ocr_carea' id='block_1_50' title="bbox 2055 1975 3708 2057">
    <p class='ocr_par' dir='ltr' id='par_1_50' title="bbox 2055 1975 3708 2057">
     <span class='ocr_line' id='line_1_50' title="bbox 2055 1975 3708 2057; baseline 0.004 -17"><span class='ocrx_word' id='word_1_379' title='bbox 2055 1986 2246 2041; x_wconf 85' lang='lat' dir='ltr'>arabit</span> <span class='ocrx_word' id='word_1_380' title='bbox 2278 1986 2437 2041; x_wconf 92' lang='lat' dir='ltr'>illam</span> <span class='ocrx_word' id='word_1_381' title='bbox 2472 1992 2687 2042; x_wconf 88' lang='lat' dir='ltr'>terram</span> <span class='ocrx_word' id='word_1_382' title='bbox 2720 2006 2839 2043; x_wconf 91' lang='lat' dir='ltr'>una</span> <span class='ocrx_word' id='word_1_383' title='bbox 2877 1988 2999 2043; x_wconf 89' lang='lat' dir='ltr'>vice</span> <span class='ocrx_word' id='word_1_384' title='bbox 3043 1989 3133 2043; x_wconf 88' lang='lat' dir='ltr'>vel</span> <span class='ocrx_word' id='word_1_385' title='bbox 3167 1975 3433 2057; x_wconf 83' lang='lat' dir='ltr'>duabus,</span> <span class='ocrx_word' id='word_1_386' title='bbox 3461 1994 3529 2046; x_wconf 90' lang='lat' dir='ltr'>ut</span> <span class='ocrx_word' id='word_1_387' title='bbox 3572 1978 3708 2046; x_wconf 88' lang='lat' dir='ltr'>cum</span> 
     </span>
    </p>
   </div>
   <div class='ocr_carea' id='block_1_51' title="bbox 2056 2067 3709 2149">
    <p class='ocr_par' dir='ltr' id='par_1_51' title="bbox 2056 2067 3709 2149">
     <span class='ocr_line' id='line_1_51' title="bbox 2056 2067 3709 2149; baseline 0.002 -20"><span class='ocrx_word' id='word_1_388' title='bbox 2056 2067 2290 2147; x_wconf 85' lang='lat' dir='ltr'>tempus</span> <span class='ocrx_word' id='word_1_389' title='bbox 2320 2075 2648 2130; x_wconf 89' lang='lat' dir='ltr'>seminandi</span> <span class='ocrx_word' id='word_1_390' title='bbox 2682 2077 2923 2142; x_wconf 90' lang='lat' dir='ltr'>venerit,</span> <span class='ocrx_word' id='word_1_391' title='bbox 2959 2080 3281 2149; x_wconf 63' lang='lat' dir='ltr'>praeparata</span> <span class='ocrx_word' id='word_1_392' title='bbox 3329 2078 3437 2146; x_wconf 90' lang='lat' dir='ltr'>sit;</span> <span class='ocrx_word' id='word_1_393' title='bbox 3472 2101 3501 2128; x_wconf 89' lang='lat'><strong><em>«</em></strong></span> <span class='ocrx_word' id='word_1_394' title='bbox 3534 2083 3594 2135; x_wconf 86' lang='lat' dir='ltr'>et</span> <span class='ocrx_word' id='word_1_395' title='bbox 3622 2079 3709 2134; x_wconf 85' lang='lat' dir='ltr'>fa-</span> 
     </span>
    </p>
   </div>
   <div class='ocr_carea' id='block_1_52' title="bbox 2054 2154 3711 2229">
    <p class='ocr_par' dir='ltr' id='par_1_52' title="bbox 2054 2154 3711 2229">
     <span class='ocr_line' id='line_1_52' title="bbox 2054 2154 3711 2229; baseline 0.004 -11"><span class='ocrx_word' id='word_1_396' title='bbox 2054 2162 2186 2229; x_wconf 89' lang='lat' dir='ltr'>ciet,</span> <span class='ocrx_word' id='word_1_397' title='bbox 2212 2186 2239 2213; x_wconf 86' lang='grc'>››</span> <span class='ocrx_word' id='word_1_398' title='bbox 2272 2163 2328 2218; x_wconf 87' lang='lat' dir='ltr'>id</span> <span class='ocrx_word' id='word_1_399' title='bbox 2358 2167 2445 2219; x_wconf 88' lang='lat' dir='ltr'>est</span> <span class='ocrx_word' id='word_1_400' title='bbox 2477 2165 2883 2221; x_wconf 89' lang='lat' dir='ltr'>circumfodiet</span> <span class='ocrx_word' id='word_1_401' title='bbox 2912 2165 3161 2221; x_wconf 90' lang='lat' dir='ltr'>humum</span> <span class='ocrx_word' id='word_1_402' title='bbox 3184 2183 3353 2223; x_wconf 91' lang='lat' dir='ltr'>suam</span> <span class='ocrx_word' id='word_1_403' title='bbox 3376 2154 3711 2224; x_wconf 74' lang='lat' dir='ltr'>rastro.Hoc</span> 
     </span>
    </p>
   </div>
   <div class='ocr_carea' id='block_1_53' title="bbox 2054 2254 3713 2328">
    <p class='ocr_par' dir='ltr' id='par_1_53' title="bbox 2054 2254 3713 2328">
     <span class='ocr_line' id='line_1_53' title="bbox 2054 2254 3713 2328; baseline 0.004 -22"><span class='ocrx_word' id='word_1_404' title='bbox 2054 2254 2208 2324; x_wconf 90' lang='lat' dir='ltr'>quod</span> <span class='ocrx_word' id='word_1_405' title='bbox 2241 2269 2482 2310; x_wconf 90' lang='lat' dir='ltr'>carruca</span> <span class='ocrx_word' id='word_1_406' title='bbox 2511 2258 2569 2307; x_wconf 92' lang='lat' dir='ltr'>et</span> <span class='ocrx_word' id='word_1_407' title='bbox 2596 2270 2829 2309; x_wconf 89' lang='lat' dir='ltr'>vomere</span> <span class='ocrx_word' id='word_1_408' title='bbox 2861 2272 2972 2310; x_wconf 91' lang='lat' dir='ltr'>non</span> <span class='ocrx_word' id='word_1_409' title='bbox 3008 2259 3200 2327; x_wconf 89' lang='lat' dir='ltr'>potest</span> <span class='ocrx_word' id='word_1_410' title='bbox 3238 2254 3426 2311; x_wconf 91' lang='lat' dir='ltr'>scindi</span> <span class='ocrx_word' id='word_1_411' title='bbox 3474 2259 3713 2328; x_wconf 78' lang='lat' dir='ltr'>propter</span> 
     </span>
    </p>
   </div>
   <div class='ocr_carea' id='block_1_54' title="bbox 2054 2339 3709 2416">
    <p class='ocr_par' dir='ltr' id='par_1_54' title="bbox 2054 2339 3709 2416">
     <span class='ocr_line' id='line_1_54' title="bbox 2054 2339 3709 2416; baseline 0.002 -21"><span class='ocrx_word' id='word_1_412' title='bbox 2054 2339 2525 2412; x_wconf 87' lang='lat' dir='ltr'>angustationem</span> <span class='ocrx_word' id='word_1_413' title='bbox 2558 2340 2689 2410; x_wconf 91' lang='lat' dir='ltr'>loci,</span> <span class='ocrx_word' id='word_1_414' title='bbox 2726 2342 2826 2398; x_wconf 92' lang='lat' dir='ltr'>ubi</span> <span class='ocrx_word' id='word_1_415' title='bbox 2856 2360 2971 2397; x_wconf 91' lang='lat' dir='ltr'>non</span> <span class='ocrx_word' id='word_1_416' title='bbox 3016 2346 3208 2416; x_wconf 88' lang='lat' dir='ltr'>potest</span> <span class='ocrx_word' id='word_1_417' title='bbox 3257 2359 3500 2400; x_wconf 88' lang='lat' dir='ltr'>carruca</span> <span class='ocrx_word' id='word_1_418' title='bbox 3539 2343 3709 2412; x_wconf 86' lang='lat' dir='ltr'>verti,</span> 
     </span>
    </p>
   </div>
   <div class='ocr_carea' id='block_1_55' title="bbox 2052 2428 3710 2503">
    <p class='ocr_par' dir='ltr' id='par_1_55' title="bbox 2052 2428 3710 2503">
     <span class='ocr_line' id='line_1_55' title="bbox 2052 2428 3710 2503; baseline 0.003 -20"><span class='ocrx_word' id='word_1_419' title='bbox 2052 2428 2198 2484; x_wconf 89' lang='lat' dir='ltr'>illud</span> <span class='ocrx_word' id='word_1_420' title='bbox 2231 2428 2407 2484; x_wconf 88' lang='lat' dir='ltr'>etiam</span> <span class='ocrx_word' id='word_1_421' title='bbox 2437 2433 2698 2500; x_wconf 89' lang='lat' dir='ltr'>tempore</span> <span class='ocrx_word' id='word_1_422' title='bbox 2732 2431 2841 2485; x_wconf 89' lang='lat' dir='ltr'>sibi</span> <span class='ocrx_word' id='word_1_423' title='bbox 2882 2448 3138 2503; x_wconf 85' lang='lat' dir='ltr'>congruo</span> <span class='ocrx_word' id='word_1_424' title='bbox 3188 2431 3564 2488; x_wconf 89' lang='lat' dir='ltr'>circumfodit</span> <span class='ocrx_word' id='word_1_425' title='bbox 3592 2431 3710 2488; x_wconf 86' lang='lat' dir='ltr'>fos-</span> 
     </span>
    </p>
   </div>
   <div class='ocr_carea' id='block_1_56' title="bbox 2052 2518 3711 2592">
    <p class='ocr_par' dir='ltr' id='par_1_56' title="bbox 2052 2518 3711 2592">
     <span class='ocr_line' id='line_1_56' title="bbox 2052 2518 3711 2592; baseline 0.002 -18"><span class='ocrx_word' id='word_1_426' title='bbox 2052 2518 2229 2592; x_wconf 79' lang='lat' dir='ltr'>sorip.</span> <span class='ocrx_word' id='word_1_427' title='bbox 2262 2542 2291 2568; x_wconf 87' lang='lat'><strong><em>«</em></strong></span> <span class='ocrx_word' id='word_1_428' title='bbox 2322 2518 2527 2573; x_wconf 90' lang='lat' dir='ltr'>Nonne</span> <span class='ocrx_word' id='word_1_429' title='bbox 2558 2535 2692 2573; x_wconf 92' lang='lat' dir='ltr'>cum</span> <span class='ocrx_word' id='word_1_430' title='bbox 2723 2519 3114 2591; x_wconf 63' lang='lat' dir='ltr'>adaequaverit</span> <span class='ocrx_word' id='word_1_431' title='bbox 3144 2520 3350 2577; x_wconf 88' lang='lat' dir='ltr'>faciem</span> <span class='ocrx_word' id='word_1_432' title='bbox 3382 2520 3570 2592; x_wconf 83' lang='lat' dir='ltr'>ejus,»</span> <span class='ocrx_word' id='word_1_433' title='bbox 3599 2519 3711 2577; x_wconf 88' lang='lat' dir='ltr'>hoc</span> 
     </span>
    </p>
   </div>
   <div class='ocr_carea' id='block_1_57' title="bbox 2052 2606 3707 2678">
    <p class='ocr_par' dir='ltr' id='par_1_57' title="bbox 2052 2606 3707 2678">
     <span class='ocr_line' id='line_1_57' title="bbox 2052 2606 3707 2678; baseline 0.001 -16"><span class='ocrx_word' id='word_1_434' title='bbox 2052 2611 2161 2674; x_wconf 90' lang='lat' dir='ltr'>est,</span> <span class='ocrx_word' id='word_1_435' title='bbox 2197 2624 2331 2661; x_wconf 89' lang='lat' dir='ltr'>cum</span> <span class='ocrx_word' id='word_1_436' title='bbox 2382 2606 2665 2678; x_wconf 67' lang='lat' dir='ltr'>aequalem</span> <span class='ocrx_word' id='word_1_437' title='bbox 2724 2608 3042 2663; x_wconf 85' lang='lat' dir='ltr'>reddiderit</span> <span class='ocrx_word' id='word_1_438' title='bbox 3088 2612 3145 2663; x_wconf 90' lang='lat' dir='ltr'>et</span> <span class='ocrx_word' id='word_1_439' title='bbox 3186 2608 3497 2664; x_wconf 90' lang='lat' dir='ltr'>emollierit</span> <span class='ocrx_word' id='word_1_440' title='bbox 3544 2607 3707 2664; x_wconf 89' lang='lat' dir='ltr'>illam</span> 
     </span>
    </p>
   </div>
   <div class='ocr_carea' id='block_1_58' title="bbox 2052 2694 3709 2769">
    <p class='ocr_par' dir='ltr' id='par_1_58' title="bbox 2052 2694 3709 2769">
     <span class='ocr_line' id='line_1_58' title="bbox 2052 2694 3709 2769; baseline 0.005 -25"><span class='ocrx_word' id='word_1_441' title='bbox 2052 2718 2081 2744; x_wconf 85' lang='lat'><strong><em>«</em></strong></span> <span class='ocrx_word' id='word_1_442' title='bbox 2113 2700 2287 2760; x_wconf 88' lang='lat' dir='ltr'>seret,</span> <span class='ocrx_word' id='word_1_443' title='bbox 2315 2717 2341 2744; x_wconf 83' lang='lat'>»</span> <span class='ocrx_word' id='word_1_444' title='bbox 2364 2694 2472 2749; x_wconf 91' lang='lat' dir='ltr'>hoc</span> <span class='ocrx_word' id='word_1_445' title='bbox 2496 2698 2587 2751; x_wconf 90' lang='lat' dir='ltr'>est</span> <span class='ocrx_word' id='word_1_446' title='bbox 2611 2695 2928 2750; x_wconf 90' lang='lat' dir='ltr'>seminabit</span> <span class='ocrx_word' id='word_1_447' title='bbox 2949 2719 2976 2745; x_wconf 83' lang='grc'>‹‹</span> <span class='ocrx_word' id='word_1_448' title='bbox 3001 2696 3126 2767; x_wconf 85' lang='lat' dir='ltr'>gith</span> <span class='ocrx_word' id='word_1_449' title='bbox 3150 2700 3209 2751; x_wconf 88' lang='lat' dir='ltr'>et</span> <span class='ocrx_word' id='word_1_450' title='bbox 3227 2697 3527 2769; x_wconf 85' lang='lat' dir='ltr'>cyminum</span> <span class='ocrx_word' id='word_1_451' title='bbox 3549 2712 3709 2768; x_wconf 82' lang='lat' dir='ltr'>spar-</span> 
     </span>
    </p>
   </div>
   <div class='ocr_carea' id='block_1_59' title="bbox 2050 2783 3705 2856">
    <p class='ocr_par' dir='ltr' id='par_1_59' title="bbox 2050 2783 3705 2856">
     <span class='ocr_line' id='line_1_59' title="bbox 2050 2783 3705 2856; baseline 0.001 -18"><span class='ocrx_word' id='word_1_452' title='bbox 2050 2783 2190 2854; x_wconf 84' lang='lat' dir='ltr'>get?</span> <span class='ocrx_word' id='word_1_453' title='bbox 2212 2805 2239 2831; x_wconf 86' lang='lat'>»</span> <span class='ocrx_word' id='word_1_454' title='bbox 2264 2783 2398 2839; x_wconf 86' lang='lat' dir='ltr'>Gith</span> <span class='ocrx_word' id='word_1_455' title='bbox 2430 2798 2616 2856; x_wconf 89' lang='lat' dir='ltr'>genus</span> <span class='ocrx_word' id='word_1_456' title='bbox 2646 2788 2735 2838; x_wconf 88' lang='lat' dir='ltr'>est</span> <span class='ocrx_word' id='word_1_457' title='bbox 2765 2783 3100 2855; x_wconf 87' lang='lat' dir='ltr'>leguminis,</span> <span class='ocrx_word' id='word_1_458' title='bbox 3134 2787 3308 2839; x_wconf 63' lang='lat' dir='ltr'>tanta</span> <span class='ocrx_word' id='word_1_459' title='bbox 3340 2783 3705 2856; x_wconf 89' lang='lat' dir='ltr'>magnitudi-</span> 
     </span>
    </p>
   </div>
   <div class='ocr_carea' id='block_1_60' title="bbox 2051 2862 3708 2944">
    <p class='ocr_par' dir='ltr' id='par_1_60' title="bbox 2051 2862 3708 2944">
     <span class='ocr_line' id='line_1_60' title="bbox 2051 2862 3708 2944; baseline 0.002 -19"><span class='ocrx_word' id='word_1_460' title='bbox 2051 2872 2144 2925; x_wconf 89' lang='lat' dir='ltr'>nis</span> <span class='ocrx_word' id='word_1_461' title='bbox 2176 2871 2399 2927; x_wconf 90' lang='lat' dir='ltr'>habens</span> <span class='ocrx_word' id='word_1_462' title='bbox 2430 2888 2614 2944; x_wconf 89' lang='lat' dir='ltr'>grana</span> <span class='ocrx_word' id='word_1_463' title='bbox 2643 2874 2707 2925; x_wconf 90' lang='lat' dir='ltr'>ut</span> <span class='ocrx_word' id='word_1_464' title='bbox 2735 2872 3056 2943; x_wconf 88' lang='lat' dir='ltr'>cyminum,</span> <span class='ocrx_word' id='word_1_465' title='bbox 3090 2871 3192 2927; x_wconf 89' lang='lat' dir='ltr'>sed</span> <span class='ocrx_word' id='word_1_466' title='bbox 3240 2862 3427 2944; x_wconf 86' lang='lat' dir='ltr'>nigra,</span> <span class='ocrx_word' id='word_1_467' title='bbox 3459 2875 3520 2928; x_wconf 89' lang='lat' dir='ltr'>et</span> <span class='ocrx_word' id='word_1_468' title='bbox 3557 2871 3708 2929; x_wconf 82' lang='lat' dir='ltr'>solet</span> 
     </span>
    </p>
   </div>
   <div class='ocr_carea' id='block_1_61' title="bbox 2050 2959 3480 3032">
    <p class='ocr_par' dir='ltr' id='par_1_61' title="bbox 2050 2959 3480 3032">
     <span class='ocr_line' id='line_1_61' title="bbox 2050 2959 3480 3032; baseline -0.001 -17"><span class='ocrx_word' id='word_1_469' title='bbox 2050 2960 2187 3032; x_wconf 92' lang='lat' dir='ltr'>poni</span> <span class='ocrx_word' id='word_1_470' title='bbox 2215 2960 2275 3014; x_wconf 90' lang='lat' dir='ltr'>in</span> <span class='ocrx_word' id='word_1_471' title='bbox 2308 2976 2456 3032; x_wconf 89' lang='lat' dir='ltr'>pane</span> <span class='ocrx_word' id='word_1_472' title='bbox 2484 2964 2719 3031; x_wconf 89' lang='lat' dir='ltr'>propter</span> <span class='ocrx_word' id='word_1_473' title='bbox 2742 2959 3159 3016; x_wconf 90' lang='lat' dir='ltr'>dulcorationis</span> <span class='ocrx_word' id='word_1_474' title='bbox 3189 2975 3480 3032; x_wconf 88' lang='lat' dir='ltr'>saporem.</span> 
     </span>
    </p>
   </div>
   <div class='ocr_carea' id='block_1_62' title="bbox 2077 3064 3708 3138">
    <p class='ocr_par' dir='ltr' id='par_1_62' title="bbox 2077 3064 3708 3138">
     <span class='ocr_line' id='line_1_62' title="bbox 2077 3064 3708 3138; baseline 0.001 -18"><span class='ocrx_word' id='word_1_475' title='bbox 2077 3103 2079 3105; x_wconf 63' lang='grc' dir='ltr'><strong><em>ι</em></strong></span> <span class='ocrx_word' id='word_1_476' title='bbox 2122 3089 2150 3115; x_wconf 87' lang='grc'>‹‹</span> <span class='ocrx_word' id='word_1_477' title='bbox 2184 3067 2253 3121; x_wconf 85' lang='lat' dir='ltr'>Et</span> <span class='ocrx_word' id='word_1_478' title='bbox 2283 3070 2458 3138; x_wconf 88' lang='lat' dir='ltr'>ponet</span> <span class='ocrx_word' id='word_1_479' title='bbox 2486 3065 2747 3121; x_wconf 90' lang='lat' dir='ltr'>triticum</span> <span class='ocrx_word' id='word_1_480' title='bbox 2794 3083 2896 3137; x_wconf 90' lang='lat' dir='ltr'>per</span> <span class='ocrx_word' id='word_1_481' title='bbox 2940 3066 3225 3132; x_wconf 81' lang='lat' dir='ltr'>ordinem,</span> <span class='ocrx_word' id='word_1_482' title='bbox 3256 3088 3284 3115; x_wconf 88' lang='grc'>››</span> <span class='ocrx_word' id='word_1_483' title='bbox 3316 3064 3708 3124; x_wconf 88' lang='lat' dir='ltr'>saubauditur</span> 
     </span>
    </p>
   </div>
   <div class='ocr_carea' id='block_1_63' title="bbox 280 3154 3706 3267">
    <p class='ocr_par' dir='ltr' id='par_1_63' title="bbox 280 3154 3706 3267">
     <span class='ocr_line' id='line_1_63' title="bbox 280 3154 3706 3267; baseline -0.004 -14"><span class='ocrx_word' id='word_1_484' title='bbox 280 3154 413 3253; x_wconf 71' lang='lat' dir='ltr'>caeli</span> <span class='ocrx_word' id='word_1_485' title='bbox 445 3193 635 3267; x_wconf 90' lang='lat' dir='ltr'>spatio</span> <span class='ocrx_word' id='word_1_486' title='bbox 666 3194 843 3248; x_wconf 89' lang='lat' dir='ltr'>unius</span> <span class='ocrx_word' id='word_1_487' title='bbox 884 3191 997 3248; x_wconf 89' lang='lat' dir='ltr'>diei</span> <span class='ocrx_word' id='word_1_488' title='bbox 1049 3195 1340 3248; x_wconf 89' lang='lat' dir='ltr'>steterunt</span> <span class='ocrx_word' id='word_1_489' title='bbox 1367 3208 1380 3247; x_wconf 89' lang='lat'><strong>:</strong></span> <span class='ocrx_word' id='word_1_490' title='bbox 1417 3191 1501 3247; x_wconf 90' lang='lat' dir='ltr'>sic</span> <span class='ocrx_word' id='word_1_491' title='bbox 1531 3215 1559 3241; x_wconf 86' lang='grc'>‹‹</span> <span class='ocrx_word' id='word_1_492' title='bbox 1595 3192 1879 3249; x_wconf 90' lang='lat' dir='ltr'>irascetur</span> <span class='ocrx_word' id='word_1_493' title='bbox 1912 3216 1940 3242; x_wconf 89' lang='grc'><strong>››</strong></span> <span class='ocrx_word' id='word_1_494' title='bbox 1972 3172 2017 3238; x_wconf 89' lang='lat' dir='ltr'><strong><em>C</em></strong></span> <span class='ocrx_word' id='word_1_495' title='bbox 2053 3154 3243 3267; x_wconf 36' lang='grc' dir='ltr'>Ῥξῗξᾙξξξ-ειξῗξᾞξχὲῗωκξῗξξηῗξῗωῖι</span> <span class='ocrx_word' id='word_1_496' title='bbox 3260 3157 3706 3267; x_wconf 52' lang='grc' dir='ltr'>ηῗρδξῗξ-ξῗνξῗ</span> 
     </span>
    </p>
   </div>
   <div class='ocr_carea' id='block_1_64' title="bbox 279 3280 1945 3354">
    <p class='ocr_par' dir='ltr' id='par_1_64' title="bbox 279 3280 1945 3354">
     <span class='ocr_line' id='line_1_64' title="bbox 279 3280 1945 3354; baseline -0.007 -12"><span class='ocrx_word' id='word_1_497' title='bbox 279 3283 574 3342; x_wconf 90' lang='lat' dir='ltr'>Dominus</span> <span class='ocrx_word' id='word_1_498' title='bbox 599 3299 776 3354; x_wconf 89' lang='lat' dir='ltr'>super</span> <span class='ocrx_word' id='word_1_499' title='bbox 805 3281 1170 3338; x_wconf 88' lang='lat' dir='ltr'>Hierusalem</span> <span class='ocrx_word' id='word_1_500' title='bbox 1193 3303 1221 3331; x_wconf 85' lang='lat'>«</span> <span class='ocrx_word' id='word_1_501' title='bbox 1246 3284 1313 3335; x_wconf 90' lang='lat' dir='ltr'>ut</span> <span class='ocrx_word' id='word_1_502' title='bbox 1335 3280 1506 3336; x_wconf 78' lang='lat' dir='ltr'>faciat</span> <span class='ocrx_word' id='word_1_503' title='bbox 1526 3298 1673 3354; x_wconf 91' lang='lat' dir='ltr'>opus</span> <span class='ocrx_word' id='word_1_504' title='bbox 1698 3282 1945 3337; x_wconf 79' lang='lat' dir='ltr'>suum?»</span> 
     </span>
    </p>
   </div>
   <div class='ocr_carea' id='block_1_65' title="bbox 284 3370 1943 3443">
    <p class='ocr_par' dir='ltr' id='par_1_65' title="bbox 284 3370 1943 3443">
     <span class='ocr_line' id='line_1_65' title="bbox 284 3370 1943 3443; baseline -0.001 -14"><span class='ocrx_word' id='word_1_505' title='bbox 284 3373 491 3429; x_wconf 86' lang='lat' dir='ltr'>Potius</span> <span class='ocrx_word' id='word_1_506' title='bbox 507 3377 600 3428; x_wconf 91' lang='lat' dir='ltr'>est</span> <span class='ocrx_word' id='word_1_507' title='bbox 615 3370 1026 3443; x_wconf 89' lang='lat' dir='ltr'>interrogative</span> <span class='ocrx_word' id='word_1_508' title='bbox 1040 3370 1559 3443; x_wconf 88' lang='lat' dir='ltr'>legendum,quam</span> <span class='ocrx_word' id='word_1_509' title='bbox 1576 3371 1943 3427; x_wconf 75' lang='lat' dir='ltr'>affirmative.</span> 
     </span>
    </p>
   </div>
   <div class='ocr_carea' id='block_1_66' title="bbox 286 3458 1944 3533">
    <p class='ocr_par' dir='ltr' id='par_1_66' title="bbox 286 3458 1944 3533">
     <span class='ocr_line' id='line_1_66' title="bbox 286 3458 1944 3533; baseline -0.002 -14"><span class='ocrx_word' id='word_1_510' title='bbox 286 3461 445 3519; x_wconf 82' lang='lat' dir='ltr'>Dicit</span> <span class='ocrx_word' id='word_1_511' title='bbox 474 3461 798 3533; x_wconf 87' lang='lat' dir='ltr'>Propheta:</span> <span class='ocrx_word' id='word_1_512' title='bbox 828 3483 855 3511; x_wconf 90' lang='grc'>‹‹</span> <span class='ocrx_word' id='word_1_513' title='bbox 882 3458 1158 3531; x_wconf 90' lang='lat' dir='ltr'>Nunquid</span> <span class='ocrx_word' id='word_1_514' title='bbox 1182 3459 1312 3515; x_wconf 91' lang='lat' dir='ltr'>ideo</span> <span class='ocrx_word' id='word_1_515' title='bbox 1332 3459 1619 3516; x_wconf 85' lang='lat' dir='ltr'>irascetur</span> <span class='ocrx_word' id='word_1_516' title='bbox 1638 3460 1944 3527; x_wconf 87' lang='lat' dir='ltr'>Dominus,</span> 
     </span>
    </p>
   </div>
   <div class='ocr_carea' id='block_1_67' title="bbox 290 3546 1946 3622">
    <p class='ocr_par' dir='ltr' id='par_1_67' title="bbox 290 3546 1946 3622">
     <span class='ocr_line' id='line_1_67' title="bbox 290 3546 1946 3622; baseline -0.002 -15"><span class='ocrx_word' id='word_1_517' title='bbox 290 3555 359 3607; x_wconf 89' lang='lat' dir='ltr'>ut</span> <span class='ocrx_word' id='word_1_518' title='bbox 382 3550 561 3607; x_wconf 87' lang='lat' dir='ltr'>faciat</span> <span class='ocrx_word' id='word_1_519' title='bbox 580 3566 729 3622; x_wconf 89' lang='lat' dir='ltr'>opus</span> <span class='ocrx_word' id='word_1_520' title='bbox 752 3565 927 3605; x_wconf 90' lang='lat' dir='ltr'>suum</span> <span class='ocrx_word' id='word_1_521' title='bbox 944 3549 972 3603; x_wconf 70' lang='grc' dir='ltr'>Τ</span> <span class='ocrx_word' id='word_1_522' title='bbox 989 3571 1025 3596; x_wconf 62' lang='grc' dir='ltr'>η»</span> <span class='ocrx_word' id='word_1_523' title='bbox 1047 3548 1195 3603; x_wconf 93' lang='lat' dir='ltr'>Non.</span> <span class='ocrx_word' id='word_1_524' title='bbox 1214 3570 1241 3598; x_wconf 89' lang='grc'><strong>‹‹</strong></span> <span class='ocrx_word' id='word_1_525' title='bbox 1264 3546 1534 3603; x_wconf 89' lang='lat' dir='ltr'>Alienum</span> <span class='ocrx_word' id='word_1_526' title='bbox 1556 3565 1704 3621; x_wconf 91' lang='lat' dir='ltr'>opus</span> <span class='ocrx_word' id='word_1_527' title='bbox 1723 3549 1852 3619; x_wconf 88' lang='lat' dir='ltr'>ejus</span> <span class='ocrx_word' id='word_1_528' title='bbox 1873 3549 1946 3604; x_wconf 90' lang='lat' dir='ltr'>ab</span> 
     </span>
    </p>
   </div>
   <div class='ocr_carea' id='block_1_68' title="bbox 284 3635 1945 3709">
    <p class='ocr_par' dir='ltr' id='par_1_68' title="bbox 284 3635 1945 3709">
     <span class='ocr_line' id='line_1_68' title="bbox 284 3635 1945 3709; baseline -0.003 -13"><span class='ocrx_word' id='word_1_529' title='bbox 284 3655 379 3696; x_wconf 84' lang='lat' dir='ltr'>eo.</span> <span class='ocrx_word' id='word_1_530' title='bbox 403 3661 433 3689; x_wconf 82' lang='lat'>»</span> <span class='ocrx_word' id='word_1_531' title='bbox 456 3641 646 3706; x_wconf 86' lang='lat' dir='ltr'>Quare</span> <span class='ocrx_word' id='word_1_532' title='bbox 675 3642 766 3694; x_wconf 90' lang='lat' dir='ltr'>est</span> <span class='ocrx_word' id='word_1_533' title='bbox 793 3636 1049 3693; x_wconf 88' lang='lat' dir='ltr'>alienum</span> <span class='ocrx_word' id='word_1_534' title='bbox 1065 3636 1093 3692; x_wconf 86' lang='lat'><strong>?</strong></span> <span class='ocrx_word' id='word_1_535' title='bbox 1114 3635 1261 3702; x_wconf 88' lang='lat' dir='ltr'>Quia</span> <span class='ocrx_word' id='word_1_536' title='bbox 1280 3653 1429 3709; x_wconf 90' lang='lat' dir='ltr'>opus</span> <span class='ocrx_word' id='word_1_537' title='bbox 1450 3636 1551 3691; x_wconf 90' lang='lat' dir='ltr'>Dei</span> <span class='ocrx_word' id='word_1_538' title='bbox 1572 3641 1663 3692; x_wconf 88' lang='lat' dir='ltr'>est</span> <span class='ocrx_word' id='word_1_539' title='bbox 1682 3637 1945 3693; x_wconf 89' lang='lat' dir='ltr'>misereri</span> 
     </span>
    </p>
   </div>
   <div class='ocr_carea' id='block_1_69' title="bbox 281 3724 1946 3801">
    <p class='ocr_par' dir='ltr' id='par_1_69' title="bbox 281 3724 1946 3801">
     <span class='ocr_line' id='line_1_69' title="bbox 281 3724 1946 3801; baseline -0.003 -16"><span class='ocrx_word' id='word_1_540' title='bbox 281 3733 342 3786; x_wconf 88' lang='lat' dir='ltr'>et</span> <span class='ocrx_word' id='word_1_541' title='bbox 371 3744 635 3801; x_wconf 88' lang='lat' dir='ltr'>parcere,</span> <span class='ocrx_word' id='word_1_542' title='bbox 656 3731 715 3783; x_wconf 87' lang='lat' dir='ltr'>et</span> <span class='ocrx_word' id='word_1_543' title='bbox 733 3726 1010 3783; x_wconf 90' lang='lat' dir='ltr'>omnibus</span> <span class='ocrx_word' id='word_1_544' title='bbox 1032 3725 1364 3781; x_wconf 87' lang='lat' dir='ltr'>subsidium</span> <span class='ocrx_word' id='word_1_545' title='bbox 1386 3742 1506 3781; x_wconf 79' lang='lat' dir='ltr'>suae</span> <span class='ocrx_word' id='word_1_546' title='bbox 1530 3724 1946 3781; x_wconf 66' lang='lat' dir='ltr'>misericordia:</span> 
     </span>
    </p>
   </div>
   <div class='ocr_carea' id='block_1_70' title="bbox 280 3813 1947 3890">
    <p class='ocr_par' dir='ltr' id='par_1_70' title="bbox 280 3813 1947 3890">
     <span class='ocr_line' id='line_1_70' title="bbox 280 3813 1947 3890; baseline -0.003 -17"><span class='ocrx_word' id='word_1_547' title='bbox 280 3816 649 3890; x_wconf 86' lang='lat' dir='ltr'>impendere.</span> <span class='ocrx_word' id='word_1_548' title='bbox 683 3817 926 3883; x_wconf 90' lang='lat' dir='ltr'>Quando</span> <span class='ocrx_word' id='word_1_549' title='bbox 954 3831 1088 3871; x_wconf 90' lang='lat' dir='ltr'>vero</span> <span class='ocrx_word' id='word_1_550' title='bbox 1120 3814 1386 3870; x_wconf 89' lang='lat' dir='ltr'>irritatus</span> <span class='ocrx_word' id='word_1_551' title='bbox 1415 3813 1589 3869; x_wconf 89' lang='lat' dir='ltr'>malis</span> <span class='ocrx_word' id='word_1_552' title='bbox 1638 3813 1947 3869; x_wconf 90' lang='lat' dir='ltr'>hominum</span> 
     </span>
    </p>
   </div>
   <div class='ocr_carea' id='block_1_71' title="bbox 283 3902 1947 3979">
    <p class='ocr_par' dir='ltr' id='par_1_71' title="bbox 283 3902 1947 3979">
     <span class='ocr_line' id='line_1_71' title="bbox 283 3902 1947 3979; baseline -0.003 -17"><span class='ocrx_word' id='word_1_553' title='bbox 283 3906 545 3979; x_wconf 90' lang='lat' dir='ltr'>percutit</span> <span class='ocrx_word' id='word_1_554' title='bbox 575 3904 710 3961; x_wconf 91' lang='lat' dir='ltr'>illos</span> <span class='ocrx_word' id='word_1_555' title='bbox 739 3909 798 3961; x_wconf 89' lang='lat' dir='ltr'>et</span> <span class='ocrx_word' id='word_1_556' title='bbox 827 3903 1134 3960; x_wconf 88' lang='lat' dir='ltr'>ulciscitur</span> <span class='ocrx_word' id='word_1_557' title='bbox 1165 3919 1227 3960; x_wconf 88' lang='lat' dir='ltr'>se</span> <span class='ocrx_word' id='word_1_558' title='bbox 1254 3904 1325 3959; x_wconf 91' lang='lat' dir='ltr'>de</span> <span class='ocrx_word' id='word_1_559' title='bbox 1355 3902 1460 3970; x_wconf 86' lang='lat' dir='ltr'>eis,</span> <span class='ocrx_word' id='word_1_560' title='bbox 1492 3920 1641 3975; x_wconf 92' lang='lat' dir='ltr'>opus</span> <span class='ocrx_word' id='word_1_561' title='bbox 1692 3902 1947 3958; x_wconf 86' lang='lat' dir='ltr'>crudelis</span> 
     </span>
    </p>
   </div>
   <div class='ocr_carea' id='block_1_72' title="bbox 285 3990 1947 4066">
    <p class='ocr_par' dir='ltr' id='par_1_72' title="bbox 285 3990 1947 4066">
     <span class='ocr_line' id='line_1_72' title="bbox 285 3990 1947 4066; baseline -0.002 -16"><span class='ocrx_word' id='word_1_562' title='bbox 285 3991 548 4051; x_wconf 83' lang='lat' dir='ltr'>hominis</span> <span class='ocrx_word' id='word_1_563' title='bbox 580 3998 639 4050; x_wconf 91' lang='lat' dir='ltr'>et</span> <span class='ocrx_word' id='word_1_564' title='bbox 671 3993 904 4066; x_wconf 80' lang='lat' dir='ltr'>tyranni</span> <span class='ocrx_word' id='word_1_565' title='bbox 934 3996 1026 4048; x_wconf 90' lang='lat' dir='ltr'>est</span> <span class='ocrx_word' id='word_1_566' title='bbox 1055 3992 1202 4047; x_wconf 90' lang='lat' dir='ltr'>illud</span> <span class='ocrx_word' id='word_1_567' title='bbox 1224 3992 1379 4065; x_wconf 73' lang='lat' dir='ltr'>quod</span> <span class='ocrx_word' id='word_1_568' title='bbox 1404 3992 1561 4064; x_wconf 85' lang='lat' dir='ltr'>agit:</span> <span class='ocrx_word' id='word_1_569' title='bbox 1587 3996 1644 4047; x_wconf 91' lang='lat' dir='ltr'>et</span> <span class='ocrx_word' id='word_1_570' title='bbox 1662 3991 1792 4046; x_wconf 91' lang='lat' dir='ltr'>ideo</span> <span class='ocrx_word' id='word_1_571' title='bbox 1814 3990 1947 4047; x_wconf 90' lang='lat' dir='ltr'>alie-</span> 
     </span>
    </p>
   </div>
   <div class='ocr_carea' id='block_1_73' title="bbox 286 4082 1948 4154">
    <p class='ocr_par' dir='ltr' id='par_1_73' title="bbox 286 4082 1948 4154">
     <span class='ocr_line' id='line_1_73' title="bbox 286 4082 1948 4154; baseline -0.001 -14"><span class='ocrx_word' id='word_1_572' title='bbox 286 4101 431 4140; x_wconf 90' lang='lat' dir='ltr'>num</span> <span class='ocrx_word' id='word_1_573' title='bbox 464 4088 559 4140; x_wconf 88' lang='lat' dir='ltr'>est</span> <span class='ocrx_word' id='word_1_574' title='bbox 598 4084 671 4139; x_wconf 91' lang='lat' dir='ltr'>ab</span> <span class='ocrx_word' id='word_1_575' title='bbox 719 4099 785 4138; x_wconf 90' lang='lat' dir='ltr'>eo</span> <span class='ocrx_word' id='word_1_576' title='bbox 835 4082 989 4154; x_wconf 90' lang='lat' dir='ltr'>quod</span> <span class='ocrx_word' id='word_1_577' title='bbox 1040 4084 1333 4154; x_wconf 88' lang='lat' dir='ltr'>operatur,</span> <span class='ocrx_word' id='word_1_578' title='bbox 1366 4085 1432 4135; x_wconf 91' lang='lat' dir='ltr'>ut</span> <span class='ocrx_word' id='word_1_579' title='bbox 1478 4084 1752 4152; x_wconf 88' lang='lat' dir='ltr'>operetur</span> <span class='ocrx_word' id='word_1_580' title='bbox 1799 4098 1948 4153; x_wconf 91' lang='lat' dir='ltr'>opus</span> 
     </span>
    </p>
   </div>
   <div class='ocr_carea' id='block_1_74' title="bbox 288 4169 1944 4244">
    <p class='ocr_par' dir='ltr' id='par_1_74' title="bbox 288 4169 1944 4244">
     <span class='ocr_line' id='line_1_74' title="bbox 288 4169 1944 4244; baseline -0.004 -12"><span class='ocrx_word' id='word_1_581' title='bbox 288 4172 512 4232; x_wconf 82' lang='lat' dir='ltr'>suum?</span> <span class='ocrx_word' id='word_1_582' title='bbox 533 4171 594 4228; x_wconf 88' lang='lat' dir='ltr'>Si</span> <span class='ocrx_word' id='word_1_583' title='bbox 625 4169 808 4244; x_wconf 91' lang='lat' dir='ltr'>igitur</span> <span class='ocrx_word' id='word_1_584' title='bbox 836 4169 1250 4242; x_wconf 89' lang='lat' dir='ltr'>interrogative</span> <span class='ocrx_word' id='word_1_585' title='bbox 1279 4169 1788 4239; x_wconf 88' lang='lat' dir='ltr'>pronuntiandum</span> <span class='ocrx_word' id='word_1_586' title='bbox 1818 4174 1944 4225; x_wconf 90' lang='lat' dir='ltr'>est:</span> 
     </span>
    </p>
   </div>
   <div class='ocr_carea' id='block_1_75' title="bbox 204 4256 1951 4333">
    <p class='ocr_par' dir='ltr' id='par_1_75' title="bbox 204 4256 1951 4333">
     <span class='ocr_line' id='line_1_75' title="bbox 204 4256 1951 4333; baseline -0.002 -18"><span class='ocrx_word' id='word_1_587' title='bbox 204 4321 214 4330; x_wconf 39' lang='grc' dir='ltr'><strong>ε</strong></span> <span class='ocrx_word' id='word_1_588' title='bbox 288 4287 317 4316; x_wconf 79' lang='grc' dir='ltr'><strong>α</strong></span> <span class='ocrx_word' id='word_1_589' title='bbox 349 4260 633 4333; x_wconf 89' lang='lat' dir='ltr'>Nunquid</span> <span class='ocrx_word' id='word_1_590' title='bbox 666 4260 795 4316; x_wconf 92' lang='lat' dir='ltr'>ideo</span> <span class='ocrx_word' id='word_1_591' title='bbox 824 4259 1110 4315; x_wconf 86' lang='lat' dir='ltr'>irascetur</span> <span class='ocrx_word' id='word_1_592' title='bbox 1128 4262 1332 4313; x_wconf 90' lang='lat' dir='ltr'>contra</span> <span class='ocrx_word' id='word_1_593' title='bbox 1351 4256 1656 4331; x_wconf 88' lang='lat' dir='ltr'>impios,ut</span> <span class='ocrx_word' id='word_1_594' title='bbox 1676 4260 1951 4329; x_wconf 89' lang='lat' dir='ltr'>operetur</span> 
     </span>
    </p>
   </div>
   <div class='ocr_carea' id='block_1_76' title="bbox 289 4345 1949 4424">
    <p class='ocr_par' dir='ltr' id='par_1_76' title="bbox 289 4345 1949 4424">
     <span class='ocr_line' id='line_1_76' title="bbox 289 4345 1949 4424; baseline -0.005 -15"><span class='ocrx_word' id='word_1_595' title='bbox 289 4368 439 4424; x_wconf 89' lang='lat' dir='ltr'>opus</span> <span class='ocrx_word' id='word_1_596' title='bbox 472 4347 694 4407; x_wconf 89' lang='lat' dir='ltr'>suum?</span> <span class='ocrx_word' id='word_1_597' title='bbox 719 4369 747 4397; x_wconf 88' lang='grc'>››</span> <span class='ocrx_word' id='word_1_598' title='bbox 772 4347 1030 4404; x_wconf 82' lang='lat' dir='ltr'>Minime.</span> <span class='ocrx_word' id='word_1_599' title='bbox 1054 4368 1081 4395; x_wconf 85' lang='grc'>‹‹</span> <span class='ocrx_word' id='word_1_600' title='bbox 1109 4345 1487 4418; x_wconf 89' lang='lat' dir='ltr'>Peregrinum</span> <span class='ocrx_word' id='word_1_601' title='bbox 1508 4349 1599 4401; x_wconf 90' lang='lat' dir='ltr'>est</span> <span class='ocrx_word' id='word_1_602' title='bbox 1620 4345 1779 4401; x_wconf 89' lang='lat' dir='ltr'>enim</span> <span class='ocrx_word' id='word_1_603' title='bbox 1800 4362 1949 4418; x_wconf 92' lang='lat' dir='ltr'>opus</span> 
     </span>
    </p>
   </div>
   <div class='ocr_carea' id='block_1_77' title="bbox 289 4433 1950 4513">
    <p class='ocr_par' dir='ltr' id='par_1_77' title="bbox 289 4433 1950 4513">
     <span class='ocr_line' id='line_1_77' title="bbox 289 4433 1950 4513; baseline -0.004 -17"><span class='ocrx_word' id='word_1_604' title='bbox 289 4440 449 4513; x_wconf 87' lang='lat' dir='ltr'>quod</span> <span class='ocrx_word' id='word_1_605' title='bbox 466 4440 744 4511; x_wconf 88' lang='lat' dir='ltr'>operatur</span> <span class='ocrx_word' id='word_1_606' title='bbox 760 4437 832 4493; x_wconf 90' lang='lat' dir='ltr'>ab</span> <span class='ocrx_word' id='word_1_607' title='bbox 850 4452 937 4492; x_wconf 92' lang='lat' dir='ltr'>eo.</span> <span class='ocrx_word' id='word_1_608' title='bbox 958 4458 986 4485; x_wconf 85' lang='lat'>»</span> <span class='ocrx_word' id='word_1_609' title='bbox 1005 4435 1223 4506; x_wconf 91' lang='lat' dir='ltr'>Nempe</span> <span class='ocrx_word' id='word_1_610' title='bbox 1238 4433 1411 4490; x_wconf 87' lang='lat' dir='ltr'>sicuti</span> <span class='ocrx_word' id='word_1_611' title='bbox 1431 4433 1950 4507; x_wconf 80' lang='lat' dir='ltr'>diximus,quando</span> 
     </span>
    </p>
   </div>
   <div class='ocr_carea' id='block_1_78' title="bbox 2055 3241 3708 3315">
    <p class='ocr_par' dir='ltr' id='par_1_78' title="bbox 2055 3241 3708 3315">
     <span class='ocr_line' id='line_1_78' title="bbox 2055 3241 3708 3315; baseline 0.001 -17"><span class='ocrx_word' id='word_1_612' title='bbox 2055 3241 2355 3315; x_wconf 67' lang='lat' dir='ltr'>aequaliter</span> <span class='ocrx_word' id='word_1_613' title='bbox 2407 3243 2761 3298; x_wconf 85' lang='lat' dir='ltr'>conveniunt</span> <span class='ocrx_word' id='word_1_614' title='bbox 2812 3242 3158 3297; x_wconf 85' lang='lat' dir='ltr'>seminibus.</span> <span class='ocrx_word' id='word_1_615' title='bbox 3201 3265 3228 3293; x_wconf 86' lang='lat'>«</span> <span class='ocrx_word' id='word_1_616' title='bbox 3260 3244 3331 3298; x_wconf 90' lang='lat' dir='ltr'>Et</span> <span class='ocrx_word' id='word_1_617' title='bbox 3384 3241 3594 3299; x_wconf 90' lang='lat' dir='ltr'>viciam</span> <span class='ocrx_word' id='word_1_618' title='bbox 3645 3242 3708 3299; x_wconf 92' lang='lat' dir='ltr'>in</span> 
     </span>
    </p>
   </div>
   <div class='ocr_carea' id='block_1_79' title="bbox 2055 3331 3708 3404">
    <p class='ocr_par' dir='ltr' id='par_1_79' title="bbox 2055 3331 3708 3404">
     <span class='ocr_line' id='line_1_79' title="bbox 2055 3331 3708 3404; baseline 0.001 -18"><span class='ocrx_word' id='word_1_619' title='bbox 2055 3331 2273 3387; x_wconf 82' lang='lat' dir='ltr'>ﬁnibus</span> <span class='ocrx_word' id='word_1_620' title='bbox 2303 3332 2427 3388; x_wconf 91' lang='lat' dir='ltr'>suis</span> <span class='ocrx_word' id='word_1_621' title='bbox 2458 3335 2713 3404; x_wconf 83' lang='lat' dir='ltr'>sparget,</span> <span class='ocrx_word' id='word_1_622' title='bbox 2748 3353 2775 3380; x_wconf 86' lang='lat'>»</span> <span class='ocrx_word' id='word_1_623' title='bbox 2806 3332 2945 3402; x_wconf 90' lang='lat' dir='ltr'>quia</span> <span class='ocrx_word' id='word_1_624' title='bbox 2974 3331 3033 3385; x_wconf 90' lang='lat' dir='ltr'>in</span> <span class='ocrx_word' id='word_1_625' title='bbox 3068 3331 3434 3403; x_wconf 86' lang='lat' dir='ltr'>marginibus</span> <span class='ocrx_word' id='word_1_626' title='bbox 3473 3347 3708 3404; x_wconf 88' lang='lat' dir='ltr'>campo-</span> 
     </span>
    </p>
   </div>
   <div class='ocr_carea' id='block_1_80' title="bbox 2056 3419 3387 3488">
    <p class='ocr_par' dir='ltr' id='par_1_80' title="bbox 2056 3419 3387 3488">
     <span class='ocr_line' id='line_1_80' title="bbox 2056 3419 3387 3488; baseline -0.002 -12"><span class='ocrx_word' id='word_1_627' title='bbox 2056 3438 2210 3488; x_wconf 91' lang='lat' dir='ltr'>rum,</span> <span class='ocrx_word' id='word_1_628' title='bbox 2244 3421 2303 3476; x_wconf 92' lang='lat' dir='ltr'>in</span> <span class='ocrx_word' id='word_1_629' title='bbox 2336 3420 2586 3476; x_wconf 88' lang='lat' dir='ltr'>circuitu</span> <span class='ocrx_word' id='word_1_630' title='bbox 2619 3421 2831 3475; x_wconf 86' lang='lat' dir='ltr'>messis</span> <span class='ocrx_word' id='word_1_631' title='bbox 2865 3420 3191 3475; x_wconf 87' lang='lat' dir='ltr'>seminatur</span> <span class='ocrx_word' id='word_1_632' title='bbox 3218 3419 3387 3476; x_wconf 88' lang='lat' dir='ltr'>vicia.</span> 
     </span>
    </p>
   </div>
   <div class='ocr_carea' id='block_1_81' title="bbox 2128 3526 3712 3599">
    <p class='ocr_par' dir='ltr' id='par_1_81' title="bbox 2128 3526 3712 3599">
     <span class='ocr_line' id='line_1_81' title="bbox 2128 3526 3712 3599; baseline 0.001 -18"><span class='ocrx_word' id='word_1_633' title='bbox 2128 3551 2155 3577; x_wconf 91' lang='grc'>‹‹</span> <span class='ocrx_word' id='word_1_634' title='bbox 2189 3528 2260 3582; x_wconf 89' lang='lat' dir='ltr'>Et</span> <span class='ocrx_word' id='word_1_635' title='bbox 2291 3527 2519 3584; x_wconf 89' lang='lat' dir='ltr'>erudiet</span> <span class='ocrx_word' id='word_1_636' title='bbox 2549 3526 2714 3582; x_wconf 91' lang='lat' dir='ltr'>illum</span> <span class='ocrx_word' id='word_1_637' title='bbox 2747 3527 3062 3599; x_wconf 80' lang='lat' dir='ltr'>agricolam</span> <span class='ocrx_word' id='word_1_638' title='bbox 3094 3526 3414 3598; x_wconf 86' lang='lat' dir='ltr'>injudicio,</span> <span class='ocrx_word' id='word_1_639' title='bbox 3442 3527 3601 3582; x_wconf 73' lang='lat' dir='ltr'>nhoc</span> <span class='ocrx_word' id='word_1_640' title='bbox 3620 3531 3712 3585; x_wconf 89' lang='lat' dir='ltr'>est</span> 
     </span>
    </p>
   </div>
   <div class='ocr_carea' id='block_1_82' title="bbox 2056 3614 3709 3688">
    <p class='ocr_par' dir='ltr' id='par_1_82' title="bbox 2056 3614 3709 3688">
     <span class='ocr_line' id='line_1_82' title="bbox 2056 3614 3709 3688; baseline 0.001 -18"><span class='ocrx_word' id='word_1_641' title='bbox 2056 3615 2115 3670; x_wconf 92' lang='lat' dir='ltr'>in</span> <span class='ocrx_word' id='word_1_642' title='bbox 2147 3615 2514 3681; x_wconf 86' lang='lat' dir='ltr'>discretione.</span> <span class='ocrx_word' id='word_1_643' title='bbox 2549 3616 2780 3672; x_wconf 87' lang='lat' dir='ltr'>Scilicet</span> <span class='ocrx_word' id='word_1_644' title='bbox 2800 3617 2956 3672; x_wconf 89' lang='lat' dir='ltr'>Deus</span> <span class='ocrx_word' id='word_1_645' title='bbox 2979 3634 3123 3671; x_wconf 88' lang='lat' dir='ltr'>suus</span> <span class='ocrx_word' id='word_1_646' title='bbox 3146 3614 3377 3670; x_wconf 89' lang='lat' dir='ltr'>docebit</span> <span class='ocrx_word' id='word_1_647' title='bbox 3396 3614 3709 3688; x_wconf 83' lang='lat' dir='ltr'>illum,quo</span> 
     </span>
    </p>
   </div>
   <div class='ocr_carea' id='block_1_83' title="bbox 2055 3703 3706 3775">
    <p class='ocr_par' dir='ltr' id='par_1_83' title="bbox 2055 3703 3706 3775">
     <span class='ocr_line' id='line_1_83' title="bbox 2055 3703 3706 3775; baseline 0 -17"><span class='ocrx_word' id='word_1_648' title='bbox 2055 3707 2317 3775; x_wconf 88' lang='lat' dir='ltr'>tempore</span> <span class='ocrx_word' id='word_1_649' title='bbox 2349 3705 2558 3759; x_wconf 86' lang='lat' dir='ltr'>debeat</span> <span class='ocrx_word' id='word_1_650' title='bbox 2587 3722 2749 3759; x_wconf 89' lang='lat' dir='ltr'>arare</span> <span class='ocrx_word' id='word_1_651' title='bbox 2781 3710 2838 3759; x_wconf 83' lang='lat' dir='ltr'>et</span> <span class='ocrx_word' id='word_1_652' title='bbox 2862 3704 3256 3775; x_wconf 89' lang='lat' dir='ltr'>proscindere,</span> <span class='ocrx_word' id='word_1_653' title='bbox 3288 3707 3347 3758; x_wconf 91' lang='lat' dir='ltr'>et</span> <span class='ocrx_word' id='word_1_654' title='bbox 3381 3703 3481 3757; x_wconf 91' lang='lat' dir='ltr'>ubi</span> <span class='ocrx_word' id='word_1_655' title='bbox 3530 3703 3706 3758; x_wconf 90' lang='lat' dir='ltr'>semi-</span> 
     </span>
    </p>
   </div>
   <div class='ocr_carea' id='block_1_84' title="bbox 2055 3790 3706 3864">
    <p class='ocr_par' dir='ltr' id='par_1_84' title="bbox 2055 3790 3706 3864">
     <span class='ocr_line' id='line_1_84' title="bbox 2055 3790 3706 3864; baseline 0.002 -17"><span class='ocrx_word' id='word_1_656' title='bbox 2055 3810 2197 3848; x_wconf 89' lang='lat' dir='ltr'>nare</span> <span class='ocrx_word' id='word_1_657' title='bbox 2225 3792 2484 3848; x_wconf 87' lang='lat' dir='ltr'>triticum</span> <span class='ocrx_word' id='word_1_658' title='bbox 2517 3797 2575 3847; x_wconf 90' lang='lat' dir='ltr'>et</span> <span class='ocrx_word' id='word_1_659' title='bbox 2606 3793 2704 3847; x_wconf 91' lang='lat' dir='ltr'>ubi</span> <span class='ocrx_word' id='word_1_660' title='bbox 2737 3792 2990 3859; x_wconf 90' lang='lat' dir='ltr'>milium,</span> <span class='ocrx_word' id='word_1_661' title='bbox 3025 3796 3082 3847; x_wconf 89' lang='lat' dir='ltr'>ct</span> <span class='ocrx_word' id='word_1_662' title='bbox 3111 3793 3367 3864; x_wconf 89' lang='lat' dir='ltr'>quando.</span> <span class='ocrx_word' id='word_1_663' title='bbox 3400 3790 3591 3847; x_wconf 88' lang='lat' dir='ltr'>Media</span> <span class='ocrx_word' id='word_1_664' title='bbox 3618 3791 3706 3851; x_wconf 87' lang='lat' dir='ltr'>di-</span> 
     </span>
    </p>
   </div>
   <div class='ocr_carea' id='block_1_85' title="bbox 2056 3878 3711 3951">
    <p class='ocr_par' dir='ltr' id='par_1_85' title="bbox 2056 3878 3711 3951">
     <span class='ocr_line' id='line_1_85' title="bbox 2056 3878 3711 3951; baseline 0.001 -15"><span class='ocrx_word' id='word_1_665' title='bbox 2056 3879 2291 3936; x_wconf 89' lang='lat' dir='ltr'>stinctio</span> <span class='ocrx_word' id='word_1_666' title='bbox 2342 3881 2612 3951; x_wconf 87' lang='lat' dir='ltr'>ponenda</span> <span class='ocrx_word' id='word_1_667' title='bbox 2656 3884 2745 3935; x_wconf 84' lang='lat' dir='ltr'>est</span> <span class='ocrx_word' id='word_1_668' title='bbox 2796 3879 2892 3934; x_wconf 89' lang='lat' dir='ltr'>illo</span> <span class='ocrx_word' id='word_1_669' title='bbox 2927 3879 2987 3934; x_wconf 92' lang='lat' dir='ltr'>in</span> <span class='ocrx_word' id='word_1_670' title='bbox 3019 3879 3165 3946; x_wconf 92' lang='lat' dir='ltr'>loco,</span> <span class='ocrx_word' id='word_1_671' title='bbox 3199 3879 3299 3934; x_wconf 91' lang='lat' dir='ltr'>ubi</span> <span class='ocrx_word' id='word_1_672' title='bbox 3349 3878 3566 3935; x_wconf 90' lang='lat' dir='ltr'>dicitur</span> <span class='ocrx_word' id='word_1_673' title='bbox 3597 3896 3611 3936; x_wconf 73' lang='grc' dir='ltr'>ε</span> <span class='ocrx_word' id='word_1_674' title='bbox 3638 3880 3711 3937; x_wconf 85' lang='lat' dir='ltr'>Et</span> 
     </span>
    </p>
   </div>
   <div class='ocr_carea' id='block_1_86' title="bbox 2056 3967 3710 4040">
    <p class='ocr_par' dir='ltr' id='par_1_86' title="bbox 2056 3967 3710 4040">
     <span class='ocr_line' id='line_1_86' title="bbox 2056 3967 3710 4040; baseline 0 -16"><span class='ocrx_word' id='word_1_675' title='bbox 2056 3967 2283 4025; x_wconf 89' lang='lat' dir='ltr'>erudiet</span> <span class='ocrx_word' id='word_1_676' title='bbox 2311 3968 2479 4023; x_wconf 84' lang='lat' dir='ltr'>illum</span> <span class='ocrx_word' id='word_1_677' title='bbox 2514 3968 2570 4021; x_wconf 90' lang='lat' dir='ltr'>in</span> <span class='ocrx_word' id='word_1_678' title='bbox 2593 3968 2839 4038; x_wconf 85' lang='lat' dir='ltr'>judicio.</span> <span class='ocrx_word' id='word_1_679' title='bbox 2873 3969 2942 4022; x_wconf 87' lang='lat' dir='ltr'>Et</span> <span class='ocrx_word' id='word_1_680' title='bbox 2972 3967 3475 4040; x_wconf 83' lang='lat' dir='ltr'>subjungendum,</span> <span class='ocrx_word' id='word_1_681' title='bbox 3498 3990 3526 4017; x_wconf 88' lang='grc'><em>‹‹</em></span> <span class='ocrx_word' id='word_1_682' title='bbox 3552 3967 3710 4025; x_wconf 89' lang='lat' dir='ltr'>Deus</span> 
     </span>
    </p>
   </div>
   <div class='ocr_carea' id='block_1_87' title="bbox 2057 4040 3707 4122">
    <p class='ocr_par' dir='ltr' id='par_1_87' title="bbox 2057 4040 3707 4122">
     <span class='ocr_line' id='line_1_87' title="bbox 2057 4040 3707 4122; baseline 0.001 -10"><span class='ocrx_word' id='word_1_683' title='bbox 2057 4075 2203 4113; x_wconf 90' lang='lat' dir='ltr'>suus</span> <span class='ocrx_word' id='word_1_684' title='bbox 2224 4056 2454 4117; x_wconf 89' lang='lat' dir='ltr'>docebit</span> <span class='ocrx_word' id='word_1_685' title='bbox 2472 4055 2660 4111; x_wconf 90' lang='lat' dir='ltr'>illum.</span> <span class='ocrx_word' id='word_1_686' title='bbox 2680 4080 2707 4105; x_wconf 87' lang='grc'><strong>››</strong></span> <span class='ocrx_word' id='word_1_687' title='bbox 2722 4055 2861 4122; x_wconf 88' lang='lat' dir='ltr'>Quis</span> <span class='ocrx_word' id='word_1_688' title='bbox 2883 4056 3113 4121; x_wconf 88' lang='lat' dir='ltr'>erudiet</span> <span class='ocrx_word' id='word_1_689' title='bbox 3133 4054 3300 4111; x_wconf 91' lang='lat' dir='ltr'>illum</span> <span class='ocrx_word' id='word_1_690' title='bbox 3317 4040 3521 4117; x_wconf 31' lang='lat' dir='ltr'>?fDeus</span> <span class='ocrx_word' id='word_1_691' title='bbox 3540 4072 3707 4113; x_wconf 88' lang='lat' dir='ltr'>suus.</span> 
     </span>
    </p>
   </div>
   <div class='ocr_carea' id='block_1_88' title="bbox 2058 4144 3714 4212">
    <p class='ocr_par' dir='ltr' id='par_1_88' title="bbox 2058 4144 3714 4212">
     <span class='ocr_line' id='line_1_88' title="bbox 2058 4144 3714 4212; baseline 0 -11"><span class='ocrx_word' id='word_1_692' title='bbox 2058 4145 2540 4201; x_wconf 88' lang='lat' dir='ltr'>Subaudiendum</span> <span class='ocrx_word' id='word_1_693' title='bbox 2574 4148 2663 4201; x_wconf 90' lang='lat' dir='ltr'>est</span> <span class='ocrx_word' id='word_1_694' title='bbox 2692 4144 2848 4200; x_wconf 89' lang='lat' dir='ltr'>enim</span> <span class='ocrx_word' id='word_1_695' title='bbox 2879 4144 2961 4200; x_wconf 92' lang='lat' dir='ltr'>ibi</span> <span class='ocrx_word' id='word_1_696' title='bbox 2989 4145 3164 4212; x_wconf 90' lang='lat' dir='ltr'>Deus,</span> <span class='ocrx_word' id='word_1_697' title='bbox 3198 4147 3263 4200; x_wconf 90' lang='lat' dir='ltr'>ut</span> <span class='ocrx_word' id='word_1_698' title='bbox 3295 4144 3373 4202; x_wconf 91' lang='lat' dir='ltr'>sit</span> <span class='ocrx_word' id='word_1_699' title='bbox 3400 4147 3457 4201; x_wconf 89' lang='lat' dir='ltr'>et</span> <span class='ocrx_word' id='word_1_700' title='bbox 3484 4144 3714 4202; x_wconf 89' lang='lat' dir='ltr'>erudiet</span> 
     </span>
    </p>
   </div>
   <div class='ocr_carea' id='block_1_89' title="bbox 2058 4233 3715 4307">
    <p class='ocr_par' dir='ltr' id='par_1_89' title="bbox 2058 4233 3715 4307">
     <span class='ocr_line' id='line_1_89' title="bbox 2058 4233 3715 4307; baseline 0.001 -17"><span class='ocrx_word' id='word_1_701' title='bbox 2058 4233 2227 4290; x_wconf 89' lang='lat' dir='ltr'>illum</span> <span class='ocrx_word' id='word_1_702' title='bbox 2254 4235 2408 4291; x_wconf 90' lang='lat' dir='ltr'>Deus</span> <span class='ocrx_word' id='word_1_703' title='bbox 2441 4251 2607 4289; x_wconf 90' lang='lat' dir='ltr'>suus.</span> <span class='ocrx_word' id='word_1_704' title='bbox 2633 4234 2777 4289; x_wconf 90' lang='lat' dir='ltr'>Cum</span> <span class='ocrx_word' id='word_1_705' title='bbox 2801 4237 2997 4291; x_wconf 90' lang='lat' dir='ltr'>autem</span> <span class='ocrx_word' id='word_1_706' title='bbox 3017 4233 3240 4291; x_wconf 86' lang='lat' dir='ltr'>venerit</span> <span class='ocrx_word' id='word_1_707' title='bbox 3261 4238 3495 4307; x_wconf 89' lang='lat' dir='ltr'>tempus</span> <span class='ocrx_word' id='word_1_708' title='bbox 3515 4233 3715 4292; x_wconf 89' lang='lat' dir='ltr'>collec-</span> 
     </span>
    </p>
   </div>
   <div class='ocr_carea' id='block_1_90' title="bbox 2057 4323 3715 4396">
    <p class='ocr_par' dir='ltr' id='par_1_90' title="bbox 2057 4323 3715 4396">
     <span class='ocr_line' id='line_1_90' title="bbox 2057 4323 3715 4396; baseline 0.001 -17"><span class='ocrx_word' id='word_1_709' title='bbox 2057 4323 2238 4379; x_wconf 88' lang='lat' dir='ltr'>tionis</span> <span class='ocrx_word' id='word_1_710' title='bbox 2269 4347 2296 4374; x_wconf 83' lang='lat'><strong>«</strong></span> <span class='ocrx_word' id='word_1_711' title='bbox 2330 4340 2519 4395; x_wconf 91' lang='lat' dir='ltr'>neque</span> <span class='ocrx_word' id='word_1_712' title='bbox 2568 4323 2696 4396; x_wconf 88' lang='lat' dir='ltr'>gith</span> <span class='ocrx_word' id='word_1_713' title='bbox 2743 4325 3122 4381; x_wconf 89' lang='lat' dir='ltr'>triturabitur</span> <span class='ocrx_word' id='word_1_714' title='bbox 3170 4323 3373 4392; x_wconf 91' lang='lat' dir='ltr'>serris,</span> <span class='ocrx_word' id='word_1_715' title='bbox 3408 4346 3436 4373; x_wconf 88' lang='grc'><strong>››</strong></span> <span class='ocrx_word' id='word_1_716' title='bbox 3469 4323 3579 4381; x_wconf 91' lang='lat' dir='ltr'>hoc</span> <span class='ocrx_word' id='word_1_717' title='bbox 3623 4328 3715 4381; x_wconf 89' lang='lat' dir='ltr'>est</span> 
     </span>
    </p>
   </div>
   <div class='ocr_carea' id='block_1_91' title="bbox 2059 4404 3714 4486">
    <p class='ocr_par' dir='ltr' id='par_1_91' title="bbox 2059 4404 3714 4486">
     <span class='ocr_line' id='line_1_91' title="bbox 2059 4404 3714 4486; baseline -0.001 -18"><span class='ocrx_word' id='word_1_718' title='bbox 2059 4413 2404 4481; x_wconf 83' lang='lat' dir='ltr'>excutietur,</span> <span class='ocrx_word' id='word_1_719' title='bbox 2438 4437 2464 4463; x_wconf 85' lang='lat'><strong>«</strong></span> <span class='ocrx_word' id='word_1_720' title='bbox 2500 4404 2689 4485; x_wconf 84' lang='lat' dir='ltr'>neque</span> <span class='ocrx_word' id='word_1_721' title='bbox 2720 4430 2897 4486; x_wconf 90' lang='lat' dir='ltr'>super</span> <span class='ocrx_word' id='word_1_722' title='bbox 2946 4413 3245 4485; x_wconf 84' lang='lat' dir='ltr'>cyminum</span> <span class='ocrx_word' id='word_1_723' title='bbox 3290 4415 3418 4467; x_wconf 88' lang='lat' dir='ltr'>rota</span> <span class='ocrx_word' id='word_1_724' title='bbox 3464 4411 3714 4483; x_wconf 86' lang='lat' dir='ltr'>plaustri</span> 
     </span>
    </p>
   </div>
   <div class='ocr_carea' id='block_1_92' title="bbox 287 4496 3714 4604">
    <p class='ocr_par' dir='ltr' id='par_1_92' title="bbox 287 4496 3714 4604">
     <span class='ocr_line' id='line_1_92' title="bbox 287 4496 3714 4604; baseline -0.003 -19"><span class='ocrx_word' id='word_1_725' title='bbox 287 4496 613 4585; x_wconf 58' lang='lat' dir='ltr'>vindictam</span> <span class='ocrx_word' id='word_1_726' title='bbox 644 4524 857 4597; x_wconf 87' lang='lat' dir='ltr'>accipit</span> <span class='ocrx_word' id='word_1_727' title='bbox 885 4540 955 4579; x_wconf 84' lang='lat' dir='ltr'>ex</span> <span class='ocrx_word' id='word_1_728' title='bbox 1002 4523 1129 4579; x_wconf 89' lang='lat' dir='ltr'>suis</span> <span class='ocrx_word' id='word_1_729' title='bbox 1152 4496 1704 4595; x_wconf 45' lang='lat' dir='ltr'>-contemptoribus,</span> <span class='ocrx_word' id='word_1_730' title='bbox 1731 4496 1869 4580; x_wconf 70' lang='lat' dir='ltr'>saevi</span> <span class='ocrx_word' id='word_1_731' title='bbox 1895 4528 1954 4580; x_wconf 91' lang='lat' dir='ltr'>et</span> <span class='ocrx_word' id='word_1_732' title='bbox 1982 4539 2031 4604; x_wconf 76' lang='grc' dir='ltr'><strong>Ι)</strong></span> <span class='ocrx_word' id='word_1_733' title='bbox 2060 4502 2414 4604; x_wconf 56' lang='grc' dir='ltr'>οίῐξουῐηίδίίν</span> <span class='ocrx_word' id='word_1_734' title='bbox 2439 4504 2540 4604; x_wconf 52' lang='lat' dir='ltr'>ﬁed</span> <span class='ocrx_word' id='word_1_735' title='bbox 2560 4503 2635 4604; x_wconf 33' lang='lat' dir='ltr'>‘in</span> <span class='ocrx_word' id='word_1_736' title='bbox 2666 4502 2847 4604; x_wconf 47' lang='lat' dir='ltr'>Virg}</span> <span class='ocrx_word' id='word_1_737' title='bbox 2874 4501 3033 4604; x_wconf 73' lang='lat' dir='ltr'>”_h°°</span> <span class='ocrx_word' id='word_1_738' title='bbox 3054 4503 3163 4604; x_wconf 55' lang='grc' dir='ltr'>θείς</span> <span class='ocrx_word' id='word_1_739' title='bbox 3184 4498 3243 4553; x_wconf 70' lang='lat' dir='ltr'>in</span> <span class='ocrx_word' id='word_1_740' title='bbox 3276 4496 3506 4604; x_wconf 41' lang='lat'>“3391110</span> <span class='ocrx_word' id='word_1_741' title='bbox 3528 4502 3593 4604; x_wconf 53' lang='grc' dir='ltr'>ξπ</span> <span class='ocrx_word' id='word_1_742' title='bbox 3616 4499 3714 4599; x_wconf 55' lang='grc' dir='ltr'>δβ-</span> 
     </span>
    </p>
   </div>
   <div class='ocr_carea' id='block_1_93' title="bbox 287 4612 1955 4685">
    <p class='ocr_par' dir='ltr' id='par_1_93' title="bbox 287 4612 1955 4685">
     <span class='ocr_line' id='line_1_93' title="bbox 287 4612 1955 4685; baseline -0.003 -11"><span class='ocrx_word' id='word_1_743' title='bbox 287 4616 521 4674; x_wconf 88' lang='lat' dir='ltr'>cruenti</span> <span class='ocrx_word' id='word_1_744' title='bbox 544 4614 804 4670; x_wconf 89' lang='lat' dir='ltr'>hominis</span> <span class='ocrx_word' id='word_1_745' title='bbox 824 4612 1083 4669; x_wconf 83' lang='lat' dir='ltr'>officium</span> <span class='ocrx_word' id='word_1_746' title='bbox 1105 4612 1619 4684; x_wconf 87' lang='lat' dir='ltr'>operatur,Beatus</span> <span class='ocrx_word' id='word_1_747' title='bbox 1641 4614 1955 4685; x_wconf 89' lang='lat' dir='ltr'>Gregorius</span> 
     </span>
    </p>
   </div>
   <div class='ocr_carea' id='block_1_94' title="bbox 288 4700 1953 4769">
    <p class='ocr_par' dir='ltr' id='par_1_94' title="bbox 288 4700 1953 4769">
     <span class='ocr_line' id='line_1_94' title="bbox 288 4700 1953 4769; baseline -0.003 -7"><span class='ocrx_word' id='word_1_748' title='bbox 288 4705 464 4762; x_wconf 84' lang='lat' dir='ltr'>aliter</span> <span class='ocrx_word' id='word_1_749' title='bbox 494 4704 639 4759; x_wconf 91' lang='lat' dir='ltr'>dicit</span> <span class='ocrx_word' id='word_1_750' title='bbox 672 4719 685 4757; x_wconf 91' lang='lat'><strong>:</strong></span> <span class='ocrx_word' id='word_1_751' title='bbox 721 4703 852 4758; x_wconf 89' lang='lat' dir='ltr'>Ideo</span> <span class='ocrx_word' id='word_1_752' title='bbox 882 4701 1039 4757; x_wconf 88' lang='lat' dir='ltr'>venit</span> <span class='ocrx_word' id='word_1_753' title='bbox 1071 4700 1353 4757; x_wconf 86' lang='lat' dir='ltr'>Dominus</span> <span class='ocrx_word' id='word_1_754' title='bbox 1385 4701 1443 4755; x_wconf 91' lang='lat' dir='ltr'>in</span> <span class='ocrx_word' id='word_1_755' title='bbox 1466 4702 1850 4769; x_wconf 88' lang='lat' dir='ltr'>mundum,ut</span> <span class='ocrx_word' id='word_1_756' title='bbox 1871 4702 1953 4757; x_wconf 80' lang='lat' dir='ltr'>fa-</span> 
     </span>
    </p>
   </div>
   <div class='ocr_carea' id='block_1_95' title="bbox 286 4791 1957 4865">
    <p class='ocr_par' dir='ltr' id='par_1_95' title="bbox 286 4791 1957 4865">
     <span class='ocr_line' id='line_1_95' title="bbox 286 4791 1957 4865; baseline -0.002 -14"><span class='ocrx_word' id='word_1_757' title='bbox 286 4799 450 4852; x_wconf 89' lang='lat' dir='ltr'>ceret</span> <span class='ocrx_word' id='word_1_758' title='bbox 479 4810 631 4865; x_wconf 90' lang='lat' dir='ltr'>opus</span> <span class='ocrx_word' id='word_1_759' title='bbox 662 4809 861 4860; x_wconf 90' lang='lat' dir='ltr'>suum,</span> <span class='ocrx_word' id='word_1_760' title='bbox 886 4792 994 4847; x_wconf 90' lang='lat' dir='ltr'>hoc</span> <span class='ocrx_word' id='word_1_761' title='bbox 1016 4796 1105 4847; x_wconf 89' lang='lat' dir='ltr'>est</span> <span class='ocrx_word' id='word_1_762' title='bbox 1127 4794 1192 4846; x_wconf 90' lang='lat' dir='ltr'>ut</span> <span class='ocrx_word' id='word_1_763' title='bbox 1212 4792 1523 4846; x_wconf 88' lang='lat' dir='ltr'>redimeret</span> <span class='ocrx_word' id='word_1_764' title='bbox 1542 4808 1731 4864; x_wconf 88' lang='lat' dir='ltr'>genus</span> <span class='ocrx_word' id='word_1_765' title='bbox 1753 4791 1957 4847; x_wconf 91' lang='lat' dir='ltr'>huma-</span> 
     </span>
    </p>
   </div>
   <div class='ocr_carea' id='block_1_96' title="bbox 289 4879 1957 4954">
    <p class='ocr_par' dir='ltr' id='par_1_96' title="bbox 289 4879 1957 4954">
     <span class='ocr_line' id='line_1_96' title="bbox 289 4879 1957 4954; baseline -0.002 -14"><span class='ocrx_word' id='word_1_766' title='bbox 289 4899 439 4940; x_wconf 91' lang='lat' dir='ltr'>num</span> <span class='ocrx_word' id='word_1_767' title='bbox 452 4883 527 4938; x_wconf 92' lang='lat' dir='ltr'>de</span> <span class='ocrx_word' id='word_1_768' title='bbox 538 4885 825 4954; x_wconf 88' lang='lat' dir='ltr'>potestate</span> <span class='ocrx_word' id='word_1_769' title='bbox 836 4879 1137 4945; x_wconf 88' lang='lat' dir='ltr'>diaboli,et</span> <span class='ocrx_word' id='word_1_770' title='bbox 1150 4880 1521 4936; x_wconf 86' lang='lat' dir='ltr'>misereretur</span> <span class='ocrx_word' id='word_1_771' title='bbox 1542 4880 1797 4951; x_wconf 83' lang='lat' dir='ltr'>ejus,sed</span> <span class='ocrx_word' id='word_1_772' title='bbox 1822 4880 1957 4936; x_wconf 90' lang='lat' dir='ltr'>alie-</span> 
     </span>
    </p>
   </div>
   <div class='ocr_carea' id='block_1_97' title="bbox 290 4968 1954 5041">
    <p class='ocr_par' dir='ltr' id='par_1_97' title="bbox 290 4968 1954 5041">
     <span class='ocr_line' id='line_1_97' title="bbox 290 4968 1954 5041; baseline -0.002 -13"><span class='ocrx_word' id='word_1_773' title='bbox 290 4988 442 5029; x_wconf 88' lang='lat' dir='ltr'>num</span> <span class='ocrx_word' id='word_1_774' title='bbox 473 4970 588 5026; x_wconf 82' lang='lat' dir='ltr'>fuit</span> <span class='ocrx_word' id='word_1_775' title='bbox 617 4986 764 5041; x_wconf 91' lang='lat' dir='ltr'>opus</span> <span class='ocrx_word' id='word_1_776' title='bbox 796 4970 923 5039; x_wconf 84' lang='lat' dir='ltr'>ejus</span> <span class='ocrx_word' id='word_1_777' title='bbox 949 4970 1021 5024; x_wconf 93' lang='lat' dir='ltr'>ab</span> <span class='ocrx_word' id='word_1_778' title='bbox 1053 4968 1288 5040; x_wconf 88' lang='lat' dir='ltr'>eo,quia</span> <span class='ocrx_word' id='word_1_779' title='bbox 1319 4985 1433 5023; x_wconf 91' lang='lat' dir='ltr'>non</span> <span class='ocrx_word' id='word_1_780' title='bbox 1464 4969 1797 5025; x_wconf 89' lang='lat' dir='ltr'>conveniret</span> <span class='ocrx_word' id='word_1_781' title='bbox 1824 4970 1954 5039; x_wconf 61' lang='lat' dir='ltr'>Dei:</span> 
     </span>
    </p>
   </div>
   <div class='ocr_carea' id='block_1_98' title="bbox 292 5055 1798 5131">
    <p class='ocr_par' dir='ltr' id='par_1_98' title="bbox 292 5055 1798 5131">
     <span class='ocr_line' id='line_1_98' title="bbox 292 5055 1798 5131; baseline -0.001 -15"><span class='ocrx_word' id='word_1_782' title='bbox 292 5061 404 5117; x_wconf 87' lang='lat' dir='ltr'>tati</span> <span class='ocrx_word' id='word_1_783' title='bbox 436 5063 507 5115; x_wconf 89' lang='lat' dir='ltr'>ut</span> <span class='ocrx_word' id='word_1_784' title='bbox 535 5061 867 5130; x_wconf 87' lang='lat' dir='ltr'>spueretur,</span> <span class='ocrx_word' id='word_1_785' title='bbox 902 5055 1312 5129; x_wconf 86' lang='lat' dir='ltr'>ﬂagellaretur,</span> <span class='ocrx_word' id='word_1_786' title='bbox 1343 5056 1798 5131; x_wconf 77' lang='lat' dir='ltr'>cruciﬁgeretur.</span> 
     </span>
    </p>
   </div>
   <div class='ocr_carea' id='block_1_99' title="bbox 369 5144 1958 5218">
    <p class='ocr_par' dir='ltr' id='par_1_99' title="bbox 369 5144 1958 5218">
     <span class='ocr_line' id='line_1_99' title="bbox 369 5144 1958 5218; baseline -0.001 -19"><span class='ocrx_word' id='word_1_787' title='bbox 369 5172 400 5199; x_wconf 85' lang='grc'>‹‹</span> <span class='ocrx_word' id='word_1_788' title='bbox 420 5148 494 5203; x_wconf 90' lang='lat' dir='ltr'>Et</span> <span class='ocrx_word' id='word_1_789' title='bbox 511 5163 671 5202; x_wconf 92' lang='lat' dir='ltr'>nunc</span> <span class='ocrx_word' id='word_1_790' title='bbox 691 5145 869 5201; x_wconf 91' lang='lat' dir='ltr'>nolite</span> <span class='ocrx_word' id='word_1_791' title='bbox 889 5144 1244 5213; x_wconf 90' lang='lat' dir='ltr'>illudere,ne</span> <span class='ocrx_word' id='word_1_792' title='bbox 1260 5146 1407 5200; x_wconf 85' lang='lat' dir='ltr'>forte</span> <span class='ocrx_word' id='word_1_793' title='bbox 1424 5145 1958 5218; x_wconf 74' lang='lat' dir='ltr'>constringuntur.»</span> 
     </span>
    </p>
   </div>
   <div class='ocr_carea' id='block_1_100' title="bbox 294 5233 1958 5307">
    <p class='ocr_par' dir='ltr' id='par_1_100' title="bbox 294 5233 1958 5307">
     <span class='ocr_line' id='line_1_100' title="bbox 294 5233 1958 5307; baseline -0.001 -14"><span class='ocrx_word' id='word_1_794' title='bbox 294 5238 583 5294; x_wconf 84' lang='lat' dir='ltr'>Hortatur</span> <span class='ocrx_word' id='word_1_795' title='bbox 616 5233 902 5307; x_wconf 88' lang='lat' dir='ltr'>Propheta</span> <span class='ocrx_word' id='word_1_796' title='bbox 931 5233 1064 5290; x_wconf 91' lang='lat' dir='ltr'>illos</span> <span class='ocrx_word' id='word_1_797' title='bbox 1093 5234 1195 5306; x_wconf 90' lang='lat' dir='ltr'>qui</span> <span class='ocrx_word' id='word_1_798' title='bbox 1226 5234 1402 5289; x_wconf 88' lang='lat' dir='ltr'>verba</span> <span class='ocrx_word' id='word_1_799' title='bbox 1431 5233 1589 5288; x_wconf 86' lang='lat' dir='ltr'>illius</span> <span class='ocrx_word' id='word_1_800' title='bbox 1621 5235 1679 5288; x_wconf 90' lang='lat' dir='ltr'>in</span> <span class='ocrx_word' id='word_1_801' title='bbox 1711 5236 1958 5291; x_wconf 87' lang='lat' dir='ltr'>derisio-</span> 
     </span>
    </p>
   </div>
   <div class='ocr_carea' id='block_1_101' title="bbox 294 5323 1957 5396">
    <p class='ocr_par' dir='ltr' id='par_1_101' title="bbox 294 5323 1957 5396">
     <span class='ocr_line' id='line_1_101' title="bbox 294 5323 1957 5396; baseline -0.001 -14"><span class='ocrx_word' id='word_1_802' title='bbox 294 5342 435 5382; x_wconf 90' lang='lat' dir='ltr'>nem</span> <span class='ocrx_word' id='word_1_803' title='bbox 467 5323 1143 5396; x_wconf 89' lang='lat' dir='ltr'>sumpserunt,dicentes</span> <span class='ocrx_word' id='word_1_804' title='bbox 1169 5340 1181 5379; x_wconf 93' lang='lat'>:</span> <span class='ocrx_word' id='word_1_805' title='bbox 1210 5323 1445 5389; x_wconf 88' lang='lat' dir='ltr'>Manda,</span> <span class='ocrx_word' id='word_1_806' title='bbox 1467 5324 1833 5391; x_wconf 81' lang='lat' dir='ltr'>remanda,et</span> <span class='ocrx_word' id='word_1_807' title='bbox 1851 5342 1957 5380; x_wconf 67' lang='lat' dir='ltr'>cae-</span> 
     </span>
    </p>
   </div>
   <div class='ocr_carea' id='block_1_102' title="bbox 291 5410 1961 5485">
    <p class='ocr_par' dir='ltr' id='par_1_102' title="bbox 291 5410 1961 5485">
     <span class='ocr_line' id='line_1_102' title="bbox 291 5410 1961 5485; baseline -0.002 -13"><span class='ocrx_word' id='word_1_808' title='bbox 291 5418 425 5472; x_wconf 81' lang='lat' dir='ltr'>tera</span> <span class='ocrx_word' id='word_1_809' title='bbox 455 5429 587 5485; x_wconf 66' lang='lat' dir='ltr'>qua;</span> <span class='ocrx_word' id='word_1_810' title='bbox 618 5411 699 5467; x_wconf 92' lang='lat' dir='ltr'>ibi</span> <span class='ocrx_word' id='word_1_811' title='bbox 732 5412 1029 5478; x_wconf 89' lang='lat' dir='ltr'>dicuntur,</span> <span class='ocrx_word' id='word_1_812' title='bbox 1044 5415 1336 5484; x_wconf 88' lang='lat' dir='ltr'>quatenus</span> <span class='ocrx_word' id='word_1_813' title='bbox 1359 5410 1779 5483; x_wconf 89' lang='lat' dir='ltr'>conquiescant</span> <span class='ocrx_word' id='word_1_814' title='bbox 1796 5417 1853 5468; x_wconf 92' lang='lat' dir='ltr'>et</span> <span class='ocrx_word' id='word_1_815' title='bbox 1867 5414 1961 5469; x_wconf 90' lang='lat' dir='ltr'>de-</span> 
     </span>
    </p>
   </div>
   <div class='ocr_carea' id='block_1_103' title="bbox 291 5499 1957 5571">
    <p class='ocr_par' dir='ltr' id='par_1_103' title="bbox 291 5499 1957 5571">
     <span class='ocr_line' id='line_1_103' title="bbox 291 5499 1957 5571; baseline 0 -12"><span class='ocrx_word' id='word_1_816' title='bbox 291 5502 517 5559; x_wconf 88' lang='lat' dir='ltr'>sistant</span> <span class='ocrx_word' id='word_1_817' title='bbox 544 5500 815 5569; x_wconf 91' lang='lat' dir='ltr'>illudere,</span> <span class='ocrx_word' id='word_1_818' title='bbox 852 5518 925 5557; x_wconf 90' lang='lat' dir='ltr'>ne</span> <span class='ocrx_word' id='word_1_819' title='bbox 957 5501 1100 5557; x_wconf 87' lang='lat' dir='ltr'>forte</span> <span class='ocrx_word' id='word_1_820' title='bbox 1131 5499 1381 5555; x_wconf 90' lang='lat' dir='ltr'>vinculis</span> <span class='ocrx_word' id='word_1_821' title='bbox 1420 5503 1791 5571; x_wconf 90' lang='lat' dir='ltr'>peccatorum</span> <span class='ocrx_word' id='word_1_822' title='bbox 1822 5519 1957 5559; x_wconf 89' lang='lat' dir='ltr'>suo-</span> 
     </span>
    </p>
   </div>
   <div class='ocr_carea' id='block_1_104' title="bbox 293 5586 1963 5664">
    <p class='ocr_par' dir='ltr' id='par_1_104' title="bbox 293 5586 1963 5664">
     <span class='ocr_line' id='line_1_104' title="bbox 293 5586 1963 5664; baseline 0 -16"><span class='ocrx_word' id='word_1_823' title='bbox 293 5608 432 5648; x_wconf 89' lang='lat' dir='ltr'>rum</span> <span class='ocrx_word' id='word_1_824' title='bbox 450 5588 1265 5661; x_wconf 85' lang='lat' dir='ltr'>constricti,constringantur</span> <span class='ocrx_word' id='word_1_825' title='bbox 1276 5586 1453 5644; x_wconf 89' lang='lat' dir='ltr'>etiam</span> <span class='ocrx_word' id='word_1_826' title='bbox 1463 5587 1714 5645; x_wconf 89' lang='lat' dir='ltr'>vinculis</span> <span class='ocrx_word' id='word_1_827' title='bbox 1725 5590 1963 5664; x_wconf 87' lang='lat' dir='ltr'>captivi-</span> 
     </span>
    </p>
   </div>
   <div class='ocr_carea' id='block_1_105' title="bbox 2064 4586 3711 4660">
    <p class='ocr_par' dir='ltr' id='par_1_105' title="bbox 2064 4586 3711 4660">
     <span class='ocr_line' id='line_1_105' title="bbox 2064 4586 3711 4660; baseline -0.003 -12"><span class='ocrx_word' id='word_1_828' title='bbox 2064 4593 2195 4648; x_wconf 90' lang='lat' dir='ltr'>culo</span> <span class='ocrx_word' id='word_1_829' title='bbox 2228 4592 2668 4648; x_wconf 81' lang='lat' dir='ltr'>«excutientur.</span> <span class='ocrx_word' id='word_1_830' title='bbox 2706 4614 2733 4639; x_wconf 85' lang='lat'><strong><em>»</em></strong></span> <span class='ocrx_word' id='word_1_831' title='bbox 2784 4590 2935 4644; x_wconf 89' lang='lat' dir='ltr'>Sunt</span> <span class='ocrx_word' id='word_1_832' title='bbox 2991 4588 3257 4660; x_wconf 68' lang='lat' dir='ltr'>quaedam</span> <span class='ocrx_word' id='word_1_833' title='bbox 3316 4586 3603 4659; x_wconf 85' lang='lat' dir='ltr'>regiones,</span> <span class='ocrx_word' id='word_1_834' title='bbox 3648 4586 3711 4643; x_wconf 90' lang='lat' dir='ltr'>in</span> 
     </span>
    </p>
   </div>
   <div class='ocr_carea' id='block_1_106' title="bbox 2064 4674 3711 4754">
    <p class='ocr_par' dir='ltr' id='par_1_106' title="bbox 2064 4674 3711 4754">
     <span class='ocr_line' id='line_1_106' title="bbox 2064 4674 3711 4754; baseline -0.003 -18"><span class='ocrx_word' id='word_1_835' title='bbox 2064 4682 2280 4754; x_wconf 88' lang='lat' dir='ltr'>quibus</span> <span class='ocrx_word' id='word_1_836' title='bbox 2328 4698 2431 4753; x_wconf 91' lang='lat' dir='ltr'>pro</span> <span class='ocrx_word' id='word_1_837' title='bbox 2481 4679 2724 4751; x_wconf 87' lang='lat' dir='ltr'>penuria</span> <span class='ocrx_word' id='word_1_838' title='bbox 2770 4677 2885 4733; x_wconf 83' lang='lat' dir='ltr'>feni</span> <span class='ocrx_word' id='word_1_839' title='bbox 2942 4679 3301 4749; x_wconf 87' lang='lat' dir='ltr'>congregant</span> <span class='ocrx_word' id='word_1_840' title='bbox 3356 4674 3620 4731; x_wconf 87' lang='lat' dir='ltr'>triticum</span> <span class='ocrx_word' id='word_1_841' title='bbox 3650 4674 3711 4747; x_wconf 81' lang='lat' dir='ltr'>in</span> 
     </span>
    </p>
   </div>
   <div class='ocr_carea' id='block_1_107' title="bbox 2064 4763 3711 4837">
    <p class='ocr_par' dir='ltr' id='par_1_107' title="bbox 2064 4763 3711 4837">
     <span class='ocr_line' id='line_1_107' title="bbox 2064 4763 3711 4837; baseline -0.002 -12"><span class='ocrx_word' id='word_1_842' title='bbox 2064 4788 2250 4825; x_wconf 91' lang='lat' dir='ltr'>unum</span> <span class='ocrx_word' id='word_1_843' title='bbox 2281 4768 2495 4833; x_wconf 91' lang='lat' dir='ltr'>locum,</span> <span class='ocrx_word' id='word_1_844' title='bbox 2520 4772 2576 4822; x_wconf 91' lang='lat' dir='ltr'>et</span> <span class='ocrx_word' id='word_1_845' title='bbox 2597 4767 2886 4821; x_wconf 90' lang='lat' dir='ltr'>inducunt</span> <span class='ocrx_word' id='word_1_846' title='bbox 2915 4781 3092 4837; x_wconf 90' lang='lat' dir='ltr'>super</span> <span class='ocrx_word' id='word_1_847' title='bbox 3121 4763 3388 4837; x_wconf 89' lang='lat' dir='ltr'>plaustra</span> <span class='ocrx_word' id='word_1_848' title='bbox 3407 4780 3544 4820; x_wconf 92' lang='lat' dir='ltr'>cum</span> <span class='ocrx_word' id='word_1_849' title='bbox 3566 4764 3711 4821; x_wconf 89' lang='lat' dir='ltr'>rotis</span> 
     </span>
    </p>
   </div>
   <div class='ocr_carea' id='block_1_108' title="bbox 2063 4852 3712 4922">
    <p class='ocr_par' dir='ltr' id='par_1_108' title="bbox 2063 4852 3712 4922">
     <span class='ocr_line' id='line_1_108' title="bbox 2063 4852 3712 4922; baseline -0.002 -9"><span class='ocrx_word' id='word_1_850' title='bbox 2063 4855 2292 4922; x_wconf 80' lang='lat' dir='ltr'>ferratis</span> <span class='ocrx_word' id='word_1_851' title='bbox 2321 4860 2378 4913; x_wconf 93' lang='lat' dir='ltr'>et</span> <span class='ocrx_word' id='word_1_852' title='bbox 2405 4855 2697 4911; x_wconf 81' lang='lat' dir='ltr'>excutitur</span> <span class='ocrx_word' id='word_1_853' title='bbox 2725 4855 3021 4922; x_wconf 90' lang='lat' dir='ltr'>triticum;</span> <span class='ocrx_word' id='word_1_854' title='bbox 3054 4858 3111 4909; x_wconf 88' lang='lat' dir='ltr'>et</span> <span class='ocrx_word' id='word_1_855' title='bbox 3138 4853 3425 4910; x_wconf 89' lang='lat' dir='ltr'>stramina</span> <span class='ocrx_word' id='word_1_856' title='bbox 3454 4852 3712 4909; x_wconf 85' lang='lat' dir='ltr'>etiamin</span> 
     </span>
    </p>
   </div>
   <div class='ocr_carea' id='block_1_109' title="bbox 2064 4921 3739 5020">
    <p class='ocr_par' dir='ltr' id='par_1_109' title="bbox 2064 4921 3739 5020">
     <span class='ocr_line' id='line_1_109' title="bbox 2064 4921 3739 5020; baseline -0.005 -17"><span class='ocrx_word' id='word_1_857' title='bbox 2064 4921 2262 5020; x_wconf 66' lang='lat' dir='ltr'>paleas</span> <span class='ocrx_word' id='word_1_858' title='bbox 2292 4946 2658 5018; x_wconf 88' lang='lat' dir='ltr'>rediguntur,</span> <span class='ocrx_word' id='word_1_859' title='bbox 2692 4947 2756 4999; x_wconf 89' lang='lat' dir='ltr'>ut</span> <span class='ocrx_word' id='word_1_860' title='bbox 2785 4942 3065 4999; x_wconf 89' lang='lat' dir='ltr'>animalia</span> <span class='ocrx_word' id='word_1_861' title='bbox 3093 4942 3304 4999; x_wconf 89' lang='lat' dir='ltr'>melius</span> <span class='ocrx_word' id='word_1_862' title='bbox 3339 4959 3408 4998; x_wconf 91' lang='lat' dir='ltr'>ea</span> <span class='ocrx_word' id='word_1_863' title='bbox 3452 4943 3739 5015; x_wconf 38' lang='lat' dir='ltr'>sumant,</span> 
     </span>
    </p>
   </div>
   <div class='ocr_carea' id='block_1_110' title="bbox 2136 5047 3712 5117">
    <p class='ocr_par' dir='ltr' id='par_1_110' title="bbox 2136 5047 3712 5117">
     <span class='ocr_line' id='line_1_110' title="bbox 2136 5047 3712 5117; baseline -0.004 -8"><span class='ocrx_word' id='word_1_864' title='bbox 2136 5079 2163 5105; x_wconf 84' lang='lat'><strong>«</strong></span> <span class='ocrx_word' id='word_1_865' title='bbox 2202 5053 2373 5109; x_wconf 89' lang='lat' dir='ltr'>Panis</span> <span class='ocrx_word' id='word_1_866' title='bbox 2404 5058 2600 5109; x_wconf 87' lang='lat' dir='ltr'>autem</span> <span class='ocrx_word' id='word_1_867' title='bbox 2631 5050 3081 5117; x_wconf 88' lang='lat' dir='ltr'>comminuetur,</span> <span class='ocrx_word' id='word_1_868' title='bbox 3111 5073 3138 5099; x_wconf 90' lang='grc'>››</span> <span class='ocrx_word' id='word_1_869' title='bbox 3168 5048 3542 5115; x_wconf 87' lang='lat' dir='ltr'>subauditur,</span> <span class='ocrx_word' id='word_1_870' title='bbox 3566 5047 3712 5104; x_wconf 89' lang='lat' dir='ltr'>rotis</span> 
     </span>
    </p>
   </div>
   <div class='ocr_carea' id='block_1_111' title="bbox 2008 5135 3713 5215">
    <p class='ocr_par' dir='ltr' id='par_1_111' title="bbox 2008 5135 3713 5215">
     <span class='ocr_line' id='line_1_111' title="bbox 2008 5135 3713 5215; baseline -0.005 -16"><span class='ocrx_word' id='word_1_871' title='bbox 2008 5144 2016 5152; x_wconf 85' lang='grc'><strong>’</strong></span> <span class='ocrx_word' id='word_1_872' title='bbox 2066 5144 2295 5200; x_wconf 86' lang='lat' dir='ltr'>ferratis</span> <span class='ocrx_word' id='word_1_873' title='bbox 2324 5148 2382 5198; x_wconf 90' lang='lat' dir='ltr'>et</span> <span class='ocrx_word' id='word_1_874' title='bbox 2413 5141 2693 5215; x_wconf 88' lang='lat' dir='ltr'>plaustro.</span> <span class='ocrx_word' id='word_1_875' title='bbox 2726 5141 2938 5196; x_wconf 86' lang='lat' dir='ltr'>Panem</span> <span class='ocrx_word' id='word_1_876' title='bbox 2971 5138 3225 5211; x_wconf 90' lang='lat' dir='ltr'>appellat</span> <span class='ocrx_word' id='word_1_877' title='bbox 3260 5136 3542 5204; x_wconf 88' lang='lat' dir='ltr'>triticum,</span> <span class='ocrx_word' id='word_1_878' title='bbox 3573 5135 3713 5193; x_wconf 91' lang='lat' dir='ltr'>hor-</span> 
     </span>
    </p>
   </div>
   <div class='ocr_carea' id='block_1_112' title="bbox 2067 5225 3713 5301">
    <p class='ocr_par' dir='ltr' id='par_1_112' title="bbox 2067 5225 3713 5301">
     <span class='ocr_line' id='line_1_112' title="bbox 2067 5225 3713 5301; baseline -0.005 -12"><span class='ocrx_word' id='word_1_879' title='bbox 2067 5236 2266 5300; x_wconf 87' lang='lat' dir='ltr'>deum,</span> <span class='ocrx_word' id='word_1_880' title='bbox 2299 5237 2357 5287; x_wconf 87' lang='lat' dir='ltr'>ct</span> <span class='ocrx_word' id='word_1_881' title='bbox 2381 5250 2551 5287; x_wconf 90' lang='lat' dir='ltr'>omne</span> <span class='ocrx_word' id='word_1_882' title='bbox 2582 5230 2735 5284; x_wconf 84' lang='lat' dir='ltr'>unde</span> <span class='ocrx_word' id='word_1_883' title='bbox 2766 5229 2935 5301; x_wconf 87' lang='lat' dir='ltr'>panis</span> <span class='ocrx_word' id='word_1_884' title='bbox 2966 5230 3047 5281; x_wconf 81' lang='lat' dir='ltr'>Iit.</span> <span class='ocrx_word' id='word_1_885' title='bbox 3081 5252 3107 5277; x_wconf 90' lang='grc'><strong>‹‹</strong></span> <span class='ocrx_word' id='word_1_886' title='bbox 3130 5226 3344 5281; x_wconf 88' lang='lat' dir='ltr'>Verum</span> <span class='ocrx_word' id='word_1_887' title='bbox 3364 5242 3481 5282; x_wconf 89' lang='lat' dir='ltr'>non</span> <span class='ocrx_word' id='word_1_888' title='bbox 3502 5225 3564 5280; x_wconf 91' lang='lat' dir='ltr'>in</span> <span class='ocrx_word' id='word_1_889' title='bbox 3583 5241 3713 5297; x_wconf 89' lang='lat' dir='ltr'>per-</span> 
     </span>
    </p>
   </div>
   <div class='ocr_carea' id='block_1_113' title="bbox 2068 5313 3712 5396">
    <p class='ocr_par' dir='ltr' id='par_1_113' title="bbox 2068 5313 3712 5396">
     <span class='ocr_line' id='line_1_113' title="bbox 2068 5313 3712 5396; baseline -0.01 -17"><span class='ocrx_word' id='word_1_890' title='bbox 2068 5328 2310 5396; x_wconf 87' lang='lat' dir='ltr'>petuum</span> <span class='ocrx_word' id='word_1_891' title='bbox 2340 5321 2625 5376; x_wconf 86' lang='lat' dir='ltr'>triturans</span> <span class='ocrx_word' id='word_1_892' title='bbox 2657 5342 2683 5369; x_wconf 83' lang='grc'><strong><em>››</em></strong></span> <span class='ocrx_word' id='word_1_893' title='bbox 2716 5318 3049 5390; x_wconf 89' lang='lat' dir='ltr'>plaustrum</span> <span class='ocrx_word' id='word_1_894' title='bbox 3076 5340 3101 5365; x_wconf 91' lang='grc'>‹‹</span> <span class='ocrx_word' id='word_1_895' title='bbox 3140 5313 3437 5370; x_wconf 88' lang='lat' dir='ltr'>triturabit</span> <span class='ocrx_word' id='word_1_896' title='bbox 3480 5313 3653 5370; x_wconf 90' lang='lat' dir='ltr'>illum</span> <span class='ocrx_word' id='word_1_897' title='bbox 3682 5334 3712 5363; x_wconf 71' lang='grc' dir='ltr'><strong>υ</strong></span> 
     </span>
    </p>
   </div>
   <div class='ocr_carea' id='block_1_114' title="bbox 2066 5401 3715 5486">
    <p class='ocr_par' dir='ltr' id='par_1_114' title="bbox 2066 5401 3715 5486">
     <span class='ocr_line' id='line_1_114' title="bbox 2066 5401 3715 5486; baseline -0.005 -17"><span class='ocrx_word' id='word_1_898' title='bbox 2066 5429 2299 5486; x_wconf 90' lang='lat' dir='ltr'>panem,</span> <span class='ocrx_word' id='word_1_899' title='bbox 2330 5410 2439 5464; x_wconf 91' lang='lat' dir='ltr'>hoc</span> <span class='ocrx_word' id='word_1_900' title='bbox 2468 5413 2559 5464; x_wconf 91' lang='lat' dir='ltr'>est</span> <span class='ocrx_word' id='word_1_901' title='bbox 2582 5407 2860 5474; x_wconf 90' lang='lat' dir='ltr'>triticum,</span> <span class='ocrx_word' id='word_1_902' title='bbox 2885 5430 2911 5455; x_wconf 92' lang='grc'>‹‹</span> <span class='ocrx_word' id='word_1_903' title='bbox 2944 5422 3133 5477; x_wconf 88' lang='lat' dir='ltr'>neque</span> <span class='ocrx_word' id='word_1_904' title='bbox 3162 5403 3392 5459; x_wconf 85' lang='lat' dir='ltr'>vexabit</span> <span class='ocrx_word' id='word_1_905' title='bbox 3420 5419 3634 5471; x_wconf 83' lang='lat' dir='ltr'>eum,»</span> <span class='ocrx_word' id='word_1_906' title='bbox 3653 5401 3715 5460; x_wconf 85' lang='lat' dir='ltr'>id</span> 
     </span>
    </p>
   </div>
   <div class='ocr_carea' id='block_1_115' title="bbox 2067 5490 3715 5572">
    <p class='ocr_par' dir='ltr' id='par_1_115' title="bbox 2067 5490 3715 5572">
     <span class='ocr_line' id='line_1_115' title="bbox 2067 5490 3715 5572; baseline -0.006 -14"><span class='ocrx_word' id='word_1_907' title='bbox 2067 5506 2395 5572; x_wconf 89' lang='lat' dir='ltr'>est,panem</span> <span class='ocrx_word' id='word_1_908' title='bbox 2426 5520 2454 5547; x_wconf 87' lang='grc'>‹‹</span> <span class='ocrx_word' id='word_1_909' title='bbox 2490 5501 2616 5552; x_wconf 91' lang='lat' dir='ltr'>rota</span> <span class='ocrx_word' id='word_1_910' title='bbox 2646 5494 2915 5568; x_wconf 89' lang='lat' dir='ltr'>plaustri,</span> <span class='ocrx_word' id='word_1_911' title='bbox 2938 5510 3044 5549; x_wconf 86' lang='lat' dir='ltr'>nec</span> <span class='ocrx_word' id='word_1_912' title='bbox 3066 5491 3304 5566; x_wconf 89' lang='lat' dir='ltr'>ungulis</span> <span class='ocrx_word' id='word_1_913' title='bbox 3323 5490 3450 5548; x_wconf 91' lang='lat' dir='ltr'>suis</span> <span class='ocrx_word' id='word_1_914' title='bbox 3471 5491 3715 5549; x_wconf 88' lang='lat' dir='ltr'>commi-</span> 
     </span>
    </p>
   </div>
   <div class='ocr_carea' id='block_1_116' title="bbox 2068 5581 3717 5656">
    <p class='ocr_par' dir='ltr' id='par_1_116' title="bbox 2068 5581 3717 5656">
     <span class='ocr_line' id='line_1_116' title="bbox 2068 5581 3717 5656; baseline -0.005 -9"><span class='ocrx_word' id='word_1_915' title='bbox 2068 5593 2208 5647; x_wconf 90' lang='lat' dir='ltr'>nuet</span> <span class='ocrx_word' id='word_1_916' title='bbox 2236 5604 2391 5644; x_wconf 89' lang='lat' dir='ltr'>eum.</span> <span class='ocrx_word' id='word_1_917' title='bbox 2428 5609 2454 5635; x_wconf 83' lang='lat'>»</span> <span class='ocrx_word' id='word_1_918' title='bbox 2487 5585 2628 5653; x_wconf 88' lang='lat' dir='ltr'>Quis</span> <span class='ocrx_word' id='word_1_919' title='bbox 2658 5602 2773 5640; x_wconf 92' lang='lat' dir='ltr'>non</span> <span class='ocrx_word' id='word_1_920' title='bbox 2813 5584 3173 5641; x_wconf 89' lang='lat' dir='ltr'>comminuet</span> <span class='ocrx_word' id='word_1_921' title='bbox 3219 5581 3415 5654; x_wconf 90' lang='lat' dir='ltr'>ipsum</span> <span class='ocrx_word' id='word_1_922' title='bbox 3460 5581 3717 5656; x_wconf 80' lang='lat' dir='ltr'>panem?</span> 
     </span>
    </p>
   </div>
  </div>
