4090 6192
417 319 538 380 855

784 318 1193 380 HAYMONIS
1237 314 1776 378 HALBERSTAT.
1821 312 2071 374 EPlSC.
2117 312 2291 373 OPP.
2339 315 2542 376 PARS
2585 316 2634 376 Ι.
2681 349 2758 359 —-
2802 314 3208 378 COMMENT.
3255 313 3451 376 BIBL.

3651 295 3661 303 ‘
3705 311 3830 374 856

385 451 757 512 ‘Plaustrum
783 451 872 508 vel
901 453 1061 520 rota;
1085 451 1214 523 jam
1243 464 1525 506 excussus
1553 451 1663 506 est.
1686 446 1946 522 Ungulas
1970 462 2066 519 po-
2091 442 2150 513 Α
2179 445 2250 500 Et
2273 445 2385 502 boc
2415 464 2450 503 a
2479 447 2726 503 Domino
2757 448 2872 504 Deo
2903 445 3076 502 exivit
3106 450 3172 502 ut
3193 447 3274 503 ita
3301 446 3635 520 disponeret
3663 450 3832 503 actus

419 541 540 600 suit
568 559 673 616 pro
705 539 1044 599 summitate
1075 556 1370 598 serrarum
1403 542 1686 596 rotarum.

489 745 519 774 ‹‹
541 722 612 778 Et
629 722 740 778 hoc
761 743 791 772 n
813 719 1126 779 consilium
1148 744 1175 770 «
1196 718 1493 776 aDomino
1514 719 1630 774 Deo
1651 715 2070 782 exercituum,»

417 815 476 868 et
501 807 627 868 vult
654 810 1032 882 subauditur,
1063 813 1131 866 ut
1158 809 1334 866 sciret
1363 807 1619 881 agricola
1648 824 1764 879 quo
1811 810 2074 878 tempore

418 899 674 958 sulcaret
715 901 954 966 terram,
981 901 1039 954 et
1084 915 1201 971 quo
1250 896 1428 954 etiam
1477 896 1768 952 seminare
1815 896 2070 951 deberet.

417 989 550 1046 Hec
571 989 743 1061 juxta
772 988 1028 1043 litteram
1059 985 1637 1057 diximus,quomodo
1665 985 1822 1040 Deus
1851 985 2073 1056 agrico-

419 1077 541 1136 lam
571 1077 805 1134 erudiat
823 1080 890 1132 ut
909 1093 1024 1132 non
1045 1091 1280 1146 semper
1299 1091 1416 1130 uno
1446 1075 1771 1145 eodemque
1812 1077 2075 1143 tempore

420 1166 600 1223 unius
615 1166 860 1223 culturae
881 1163 1040 1236 operi
1061 1163 1324 1220 insistat:
1341 1163 1440 1218 sed
1469 1161 1775 1233 praevideat
1797 1161 1935 1234 quid
1960 1178 2076 1216 uno

419 1256 510 1313 vel
541 1255 684 1328 quid
713 1254 830 1310 alio
859 1257 1119 1325 tempore
1148 1255 1439 1324 operetur.
1474 1251 1690 1306 lterum
1727 1267 1862 1306 vero
1909 1265 2076 1321 repe-

422 1345 603 1401 tenda
631 1346 722 1399 est
750 1341 866 1398 ista
894 1341 1187 1396 sententia
1215 1357 1250 1396 a
1279 1338 1490 1413 capite,
1508 1342 1564 1395 et
1583 1339 2075 1396 considerandum

423 1431 567 1504 quid
597 1429 985 1502 spiritualiter
1013 1426 1321 1484 enucleare
1338 1426 1532 1484 velit.«
1557 1427 1813 1484 Auribus
1837 1430 2080 1502 percipi-

420 1522 538 1574 te.»
557 1518 642 1574 Ad
664 1517 890 1574 scribas
909 1520 968 1573 et
988 1516 1307 1590 phariszeos
1327 1515 1588 1588 loquitur
1615 1517 2077 1591 Propheta,quos

422 1605 698 1680 superius
725 1605 998 1663 illusores
1027 1602 1359 1679 appellavit.
1383 1604 1661 1678 Nunquid
1683 1608 1807 1662 tota
1829 1605 1942 1675 die,
1968 1607 2078 1664 hoc

419 1699 514 1752 est
540 1694 700 1752 omni
719 1693 1200 1768 tempore,arabit
1217 1710 1392 1751 arens
1413 1697 1480 1750 ut
1502 1693 1698 1750 serat?
1718 1695 1872 1752 Deus
1893 1697 2076 1752 omni-

417 1782 789 1858 potens,pius
804 1786 861 1839 et
876 1782 1390 1852 misericors,varie
1401 1783 1694 1856 disposuit
1705 1801 1878 1840 omne
1886 1802 2073 1858 genus
2102 1813 2152 1878 B

417 1871 730 1930 hominum
760 1875 820 1928 et
855 1872 1098 1930 affectus
1146 1887 1372 1928 eorum.
1407 1872 1658 1945 Ideoque
1699 1882 2076 1948 comparatur

417 1961 533 2020 isto
562 1961 626 2018 in
651 1959 778 2018 loco
807 1960 1204 2035 agrieolsa,qui
1233 1977 1338 2034 per
1367 1961 1595 2018 diversa
1623 1965 1890 2036 tempora
1918 1967 2074 2024 varie

418 2053 802 2120 exercetur,et
819 2067 888 2107 ex
914 2053 1072 2107 terra
1093 2067 1273 2124 quam
1303 2050 1507 2107 incolit
1533 2051 1760 2108 fructus
1782 2053 2077 2112 desiderat

419 2139 696 2214 recipere.
719 2139 794 2197 Ut
810 2145 963 2197 Deus
994 2139 1367 2212 omnipotens
1397 2139 1717 2212 aliquando
1747 2143 2076 2214 proscindit

417 2233 658 2296 terram,
679 2228 792 2286 hoc
818 2232 910 2286 est
939 2227 1323 2295 habitatores,
1337 2227 1672 2300 pestilentia
1691 2247 2031 2301 percussam
2055 2250 2070 2290 :

420 2317 741 2391 aliquando
771 2316 1086 2374 miseretur
1113 2321 1172 2374 et
1191 2317 1400 2391 parcit,
1432 2317 1750 2390 aliquando
1779 2320 1919 2377 facit
1943 2339 2077 2380 con-

418 2409 740 2481 temptores
767 2422 909 2464 suos
937 2405 1192 2480 migrare
1219 2404 1283 2461 in
1313 2404 1734 2478 captivitatem,
1753 2407 2072 2482 aliquando

418 2496 492 2553 de
521 2493 858 2570 captivitate
888 2497 1136 2552 revocat.
1167 2495 1242 2550 Et
1265 2493 1377 2550 hoc
1399 2493 1530 2550 ideo
1573 2495 1695 2568 agit
1724 2500 1790 2552 ut
1831 2515 2072 2570 conver-

417 2568 625 2644 tantur
651 2583 725 2642 ad
754 2581 1247 2658 pmnitentiam,et
1263 2583 1492 2640 fructus
1521 2585 1686 2642 bonas
1717 2568 2074 2660 operationis

417 2689 490 2731 ex
517 2670 604 2731 eis
631 2671 896 2747 recipiat.
927 2673 1057 2731 Non
1084 2671 1212 2730 vult
1241 2673 1399 2730 enim
1427 2677 1679 2732 mortem
1726 2679 2068 2749 peccatoris,

417 2763 522 2822 sed
553 2766 621 2820 ut
649 2765 1024 2821 convertatur
1049 2765 1110 2819 et
1134 2761 1290 2819 vivat
1319 2763 1531 2831 (Επειδὴ.
1551 2764 1734 2837 xvm).
1769 2767 1982 2840 Pergit,
2015 2773 2074 2826 et

415 2869 520 2926 per
546 2851 847 2926 cyminum
872 2852 1028 2925 quod
1053 2851 1113 2907 in
1134 2850 1298 2925 virga
1324 2851 1848 2922 excutitur,omnes
1866 2861 2071 2928 gentes

415 2959 737 3016 possumus
761 2940 1238 3015 intelligere,qua3
1263 2940 1654 3014 cognitionem
1680 2943 1780 2998 Dei
1807 2962 1922 3000 non
1946 2963 2072 3018 per-

415 3033 716 3105 ceperunt,
751 3045 882 3102 quis
907 3029 966 3085 in
1006 3028 1191 3102 virga,
1221 3029 1332 3084 hoc
1379 3032 1470 3086 est
1508 3028 1569 3084 in
1617 3029 1806 3101 pomis
1855 3031 2065 3088 inferni

413 3119 801 3178 excutientur.
816 3117 924 3174 Per
939 3116 1200 3173 triticum
1222 3121 1280 3172 et
1300 3115 1587 3172 hordeum
1609 3118 1766 3172 unde
1785 3119 1955 3190 panis
1975 3121 2060 3188 fit,

412 3209 650 3266 Judeos
674 3204 775 3280 qui
791 3203 1185 3278 cognitionem
1204 3203 1307 3259 Dei
1329 3208 1712 3276 perceperunt
1732 3179 2060 3281 in‘lege,sed
2091 3179 2136 3248 θ

415 3294 735 3352 noluerunt
762 3309 892 3349 eam
915 3291 1237 3364 adimplere
1259 3309 1273 3346 :
1296 3291 1503 3349 etideo
1524 3293 1750 3365 majora
1769 3299 2064 3356 tormenta

415 3382 716 3448 suﬂ'erent,
733 3396 914 3454 quam
931 3378 1016 3435 illi
1040 3379 1142 3453 qui
1164 3381 1414 3436 necdum
1437 3381 1620 3437 Deum
1644 3392 2058 3457 cognoverunt.

411 3468 518 3528 Vel
539 3467 734 3526 aliter:
759 3485 864 3543 per
880 3468 1142 3525 triticum
1169 3472 1226 3524 et
1245 3468 1529 3526 hordeum
1552 3470 1820 3544 praelatos
1843 3482 2059 3533 sanctae

409 3555 678 3618 Ecclesiae
708 3561 766 3615 et
794 3555 1089 3631 principes
1119 3555 1294 3614 istius
1324 3557 1542 3627 saeculi,
1576 3560 1676 3631 qui
1709 3562 2058 3635 semetipsos

407 3645 724 3719 custodire,
753 3649 812 3704 et
833 3643 980 3703 alios
1007 3645 1184 3703 etiam
1215 3645 1288 3702 ad
1320 3645 1536 3720 gaudia
1563 3665 1826 3720 supernae
1857 3653 2056 3724 patriae

405 3753 674 3796 revocare
704 3736 938 3794 debent.
973 3734 1097 3801 Isti,
1129 3735 1271 3792 dum
1303 3751 1366 3791 se
1396 3733 1534 3792 totis
1560 3735 1764 3794 vribus
1809 3740 2057 3798 terrenis

401 3825 586 3886 lucris
606 3824 934 3901 implicant,
948 3828 1006 3881 et
1020 3841 1127 3882 suo
1145 3823 1300 3880 malo
1317 3823 1580 3898 exemplo
1598 3825 1896 3898 subjectos
1916 3846 2055 3886 suos

383 3916 440 3975 ἰι
466 3915 564 3973 via
599 3914 863 3973 veritatis
909 3913 1140 3971 deviare
1187 3912 1430 3980 faciunt,
1462 3914 1662 3986 procul
1711 3916 1891 3973 dubio
1941 3919 2054 3976 nisi

403 4003 806 4080 pcnnitentiam
834 4002 1151 4076 perfectam
1173 4006 1307 4058 ante
1324 4005 1650 4059 extremum
1663 4003 1874 4076 judicii
1897 4005 2051 4063 diem

401 4091 650 4167 egerint,
669 4089 941 4146 tradendi
973 4093 1116 4145 sunt
1143 4089 1332 4162 pomis
1351 4089 1563 4146 inferni
1590 4107 1602 4145 :
1629 4092 1768 4164 quia
1787 4097 2052 4165 potentes

401 4181 672 4253 potenter
698 4180 994 4234 tormenta
1021 4177 1320 4250 patientur
1342 4179 1608 4252 (Sap.v1).
1625 4180 1732 4236 Per
1749 4182 2049 4256 cyminum

400 4269 600 4324 autem
630 4269 688 4320 et
717 4264 842 4339 gith
872 4265 1186 4337 populares
1214 4269 1272 4321 et
1301 4265 1602 4338 simplices
1632 4268 1850 4342 quique
1879 4271 2048 4328 intel-

399 4353 688 4428 liguntur,
711 4351 811 4426 qui
841 4352 1018 4409 fidem
1049 4357 1263 4408 sancte
1284 4353 1589 4412 Trinitatis
1610 4361 1667 4411 et
1686 4357 2047 4430 baptismum

398 4443 856 4518 regenerationis
884 4441 1037 4498 male
1065 4441 1308 4498 vivendo
1341 4449 1746 4516 corrumpunt,
1781 4448 1882 4520 qui
1931 4451 2045 4507 nisi

395 4529 672 4604 lacrymis
699 4533 757 4586 et
782 4529 1126 4604 pmnitentia
1154 4529 1340 4586 abluti
1371 4531 1880 4604 fuerint,tradendi
1907 4543 2047 4594 sunt
2074 4549 2122 4613 D

393 4618 702 4693 suppliciis
717 4618 1239 4692 gehennaaNerum
1252 4636 1367 4676 non
1379 4619 1440 4675 in
1453 4626 1800 4696 perpetuum
1814 4625 2047 4684 tritura-

390 4705 554 4764 bitur
581 4705 970 4779 panis,neque
991 4707 1292 4780 cyminum
1313 4708 1478 4782 virga
1495 4711 1910 4770 excutietur.ln
1932 4715 2040 4772 hoc

389 4793 518 4851 loco
529 4793 988 4851 consolationem
1003 4795 1104 4851 dat
1114 4797 1872 4868 peccatoribus.Misericors
1882 4803 2037 4860 enim

388 4880 679 4939 Dominus
709 4886 986 4940 creaturae
1017 4899 1138 4939 suae
1171 4883 1231 4938 in
1263 4884 1356 4942 die
1376 4887 1586 4958 judicii
1615 4887 1990 4948 miserebitur
2021 4911 2036 4950 :

389 4970 440 5028 si
462 4970 523 5027 in
545 4970 658 5027 isto
675 4971 888 5029 saeculo
903 4971 1310 5044 paenitentiam
1322 4977 1456 5030 ante
1477 4978 2036 5050 prmoccupationem

388 5058 598 5117 mortis
611 5058 815 5133 egerit.
831 5059 1001 5116 Multi
1019 5075 1276 5132 namque
1292 5066 1434 5118 sunt
1448 5062 1508 5116 in
1525 5063 1660 5135 igne
1677 5068 2034 5138 purgatorio,

387 5149 490 5222 qui
519 5148 923 5222 paenitentiam
953 5148 1048 5206 hic
1078 5149 1499 5207 inchoaverunt
1520 5168 1534 5206 :
1559 5153 1658 5207 sed
1683 5155 2035 5227 surripiente

385 5237 596 5296 mortis
625 5237 870 5295 articulo
901 5255 1018 5294 non
1049 5238 1122 5294 ad
1165 5239 1437 5294 ell'ectum
1487 5240 1900 5311 perduxerunt,
1934 5244 2034 5316 qui

383 5324 633 5383 Domino
662 5325 948 5400 largiente
978 5327 1038 5383 in
1069 5326 1164 5383 die
1177 5327 1386 5400 judicii
1411 5327 2034 5388 salvabuntur.Notan-

383 5413 526 5470 dum
557 5419 752 5473 autem
783 5415 922 5490 quia
950 5433 1067 5472 non
1097 5417 1168 5473 de
1198 5417 1396 5489 impiis
1417 5417 1801 5491 dicimus,qui
1821 5420 1880 5476 in
1903 5422 2032 5493 ipsa

382 5499 682 5574 impietate
709 5504 1074 5562 transierunt
1103 5505 1176 5562 ab
1206 5505 1316 5562 hac
1347 5506 1476 5564 luce
1510 5524 1524 5562 :
1561 5507 1660 5563 sed
1692 5509 1762 5564 de
1795 5508 1886 5565 his
1926 5510 2028 5581 qni

380 5592 516 5661 post
542 5590 765 5664 ﬂagitia
793 5597 1027 5666 peracta
1055 5595 1126 5650 ad
1158 5595 1560 5668 pcenitentiam
1577 5596 1841 5654 conversi
1865 5601 2025 5653 sunt.

2179 533 2512 604 hominum,
2543 541 2600 592 et
2626 536 3030 610 magnificaret
3049 535 3348 608 justitiam
3381 551 3575 592 suam.

2773 680 3006 737 CAPUT
3042 680 3230 736 XXIX.

2254 827 2282 854 ‹‹
2305 804 2995 872 νεβ,Αι·ἱα1,Αι’ἱρι,οἰνὶῐαε
3016 821 3192 878 quam
3215 804 3568 878 expugnavit
3589 804 3830 861 David.»

2185 892 2520 964 Plangentis
2569 893 2781 948 affectu
2824 893 3086 966 loquitur
3133 893 3289 950 Deus
3337 893 3715 966 omnipotens
3756 896 3826 950 ad

2184 981 2714 1038 Hierusalem.Tale
2739 983 2882 1054 quid
2911 986 2970 1038 et
2997 982 3055 1036 in
3087 981 3398 1056 Evangelio
3427 982 3566 1056 egit,
3592 984 3830 1054 quando

2183 1070 2389 1126 videns
2419 1071 2711 1126 civitatem
2741 1071 2899 1128 ﬂevit
2929 1088 3107 1143 super
3134 1070 3318 1138 illam,
3350 1070 3552 1127 dicens
3578 1087 3592 1126 :
3617 1095 3646 1120 ‹‹
3682 1072 3832 1138 Quia

2185 1159 2233 1215 si
2267 1159 2640 1232 cognovisses
2669 1165 2727 1216 et
2757 1164 2818 1215 tu
2851 1160 3144 1232 (Luaxm).
3171 1182 3200 1209 »
3229 1160 3355 1216 Non
3387 1164 3700 1233 propterea
3727 1177 3831 1217 vo-

2185 1253 2354 1304 catur
2381 1266 2416 1304 a
2445 1249 2691 1304 Domino
2722 1248 3082 1305 Hierusalem
3112 1247 3282 1316 Ariel,
3315 1249 3471 1322 quod
3513 1247 3831 1322 aliquando

2186 1337 2295 1394 hoc
2327 1355 2538 1393 nomen
2569 1338 2860 1406 habuerit,
2895 1339 2996 1394 sed
3027 1343 3264 1410 propter
3289 1338 3831 1411 interpretationem

2187 1425 2462 1482 nominis.
2493 1426 2647 1482 Ariel
2697 1426 2987 1500 siquidem
3039 1426 3453 1499 interpretatur
3483 1426 3574 1484 leo
3605 1427 3730 1482 Dei.
3763 1429 3834 1484 Et

2186 1513 2548 1571 Hierusalem
2578 1515 2670 1572 leo
2699 1515 2801 1571 Dei
2834 1515 3049 1572 idcirco
3078 1515 3424 1589 appellatur,
3457 1517 3600 1588 quia
3631 1516 3834 1572 fortis-

2185 1603 2339 1660 sima
2367 1608 2424 1660 et
2457 1601 2868 1676 potentisshna
2913 1621 3146 1678 semper
3189 1604 3432 1662 exstitit.
3458 1605 3607 1662 Nam
3657 1609 3833 1661 tanta:

2185 1691 2546 1749 fortitudinis
2578 1693 2690 1749 fuit
2719 1697 3036 1766 antequam
3065 1695 3371 1766 caperetur
3389 1711 3423 1750 a
3445 1693 3646 1766 David,
3663 1693 3832 1750 utilli

2184 1782 2434 1838 Jebuszei
2459 1781 2556 1854 qui
2580 1782 2639 1838 in
2663 1799 2732 1838 ea
2760 1782 3098 1839 residebant
3124 1783 3442 1840 deridendo
3473 1783 3739 1840 dicerent
3757 1786 3832 1842 ad

2183 1871 2362 1927 David
2395 1888 2409 1927 :
2442 1895 2470 1921 ‹‹
2503 1872 2692 1928 Tanta
2731 1874 2844 1939 est,
2875 1871 3174 1944 inquiunt,
3205 1871 3430 1940 civitas,
3463 1877 3531 1928 ut
3557 1891 3594 1929 a
3625 1873 3832 1930 debili-

2182 1959 2296 2016 bus
2326 1960 2598 2032 arcearis,
2629 1964 2687 2016 et
2716 1977 2832 2015 non
2861 1959 3221 2034 permitteris
3247 1959 3408 2017 intus
3443 1961 3692 2018 introire
3719 1962 3833 2020 nisi

2183 2067 2365 2106 caecos
2395 2055 2453 2106 et
2474 2049 2715 2106 claudos
2745 2054 2916 2106 antea
2943 2049 3198 2123 expelles
3225 2049 3330 2122 (III
3353 2051 3476 2123 Reg.
3497 2053 3578 2120 v).
3615 2074 3646 2100 »
3668 2051 3833 2108 Unde

2183 2139 2358 2195 exivit
2387 2139 2758 2212 proverbium
2792 2155 2804 2194 :
2838 2139 3037 2195 Caecus
3068 2143 3124 2194 et
3163 2138 3410 2195 claudus
3456 2157 3574 2196 non
3624 2141 3829 2198 introi-

2181 2229 2333 2285 bunt
2360 2228 2419 2284 in
2447 2227 2756 2300 templum.
2782 2228 2989 2284 Postea
3017 2232 3213 2284 autem
3245 2244 3421 2302 quam
3452 2233 3628 2302 capta
3647 2235 3738 2286 est
3757 2231 3831 2286 ab

2181 2317 2303 2384 illo,
2335 2316 2522 2374 multo
2553 2317 2744 2390 magis
2789 2332 2893 2389 per
2936 2316 3125 2372 multa
3169 2316 3462 2373 curricula
3511 2335 3829 2386 annorum,

2181 2405 2523 2462 fortitudine
2553 2410 2947 2479 pugnatorum
2977 2409 3036 2462 et
3063 2405 3290 2462 ambitu
3321 2420 3650 2474 murorum,
3673 2406 3834 2464 insu—

2181 2511 2286 2568 per
2312 2499 2370 2551 et
2400 2495 2779 2550 multitudine
2807 2493 3143 2551 divitiarum
3175 2497 3348 2551 aucta
3365 2498 3422 2550 et
3441 2494 3836 2568 multiplicata

2179 2589 2289 2642 est.
2322 2583 2964 2657 Maxime‘temporibus
3006 2581 3358 2652 Salomonis,
3391 2585 3631 2657 quando
3675 2589 3834 2641 tem-

2179 2673 2344 2748 plum
2370 2672 2518 2728 illud
2549 2671 3046 2746 gloriosissimum
3077 2672 3428 2728 mdificatum
3453 2677 3561 2741 est,
3587 2677 3649 2728 et
3664 2677 3836 2730 tanta

2178 2763 2292 2819 fuit
2319 2761 2486 2834 copia
2510 2761 2736 2834 argenti
2767 2765 2826 2817 et
2854 2761 2982 2816 auri
3013 2763 3074 2816 in
3103 2778 3171 2819 ea
3195 2764 3260 2817 ut
3279 2759 3834 2835 lapidum.ldeoque

2177 2850 2441 2924 prmdicit
2471 2850 2522 2906 ei
2554 2868 2634 2905 vae
2661 2849 2989 2915 imminere,
3021 2849 3131 2905 hoc
3159 2854 3248 2906 est
3277 2853 3622 2924 perpetuam
3663 2851 3834 2906 dam-

2177 2939 2642 3012 nationem,quia
2670 2939 2862 2995 omnis
2893 2938 3081 3011 gloria
3101 2937 3202 2994 illa
3222 2944 3280 2994 et
3301 2939 3641 2996 sublimitas
3673 2941 3833 2996 aufe-

2175 3029 2359 3084 renda
2385 3031 2512 3084 erat
2552 3030 2788 3101 propter
2836 3031 3072 3100 peccata
3120 3027 3354 3084 illorum
3386 3045 3420 3084 a
3450 3027 3743 3084 Chaldaeis
3773 3032 3832 3084 et

2175 3116 2476 3183 Romanis,
2505 3116 2658 3173 sicut
2686 3117 2746 3172 in
2778 3117 3277 3188 subsequentibus
3305 3117 3660 3173 videbimus.

2245 3229 2273 3256 ‹‹
2304 3205 2554 3261 Additus
2583 3209 2674 3261 est
2700 3221 2894 3260 annus
2915 3205 2986 3260 ad
3010 3221 3252 3271 annum,
3272 3203 3674 3261 solemnitates
3692 3221 3826 3261 evo-

2171 3293 2308 3350 luta:
2338 3298 2496 3350 sunt.
2524 3317 2552 3343 »
2586 3293 2719 3349 Ideo
2747 3293 2894 3348 dixit
2923 3311 2937 3350 :
2969 3292 3064 3348 νω
3094 3292 3220 3362 tibi,
3249 3292 3422 3362 Ariel,
3456 3293 3599 3366 quia
3629 3293 3742 3350 hoc
3773 3295 3822 3350 ei

2168 3383 2434 3439 futurum
2466 3386 2610 3438 erat.
2644 3383 2716 3438 Et
2746 3381 3010 3454 loquitur
3037 3383 3108 3438 de
3139 3382 3334 3438 futuro
3366 3381 3538 3454 quasi
3569 3383 3643 3438 de
3675 3400 3821 3456 pre-

2168 3472 2360 3528 terito.
2391 3473 2596 3527 Annus
2625 3487 2778 3526 anno
2809 3471 3048 3527 additus
3076 3475 3186 3539 est,
3218 3471 3358 3543 quia
3386 3472 3626 3543 quando
3658 3472 3824 3528 ducti

2167 3567 2306 3616 sunt
2337 3560 2395 3614 in
2425 3559 2820 3632 captivitatem
2849 3577 2884 3615 a
2912 3559 3598 3628 Nabuchodonosor,non
3621 3561 3819 3618 oﬂere-

2167 3649 2307 3704 bant
2337 3646 2643 3715 sacriﬁcia,
2668 3646 2809 3720 quia
2827 3647 3026 3704 deerat
3053 3647 3338 3720 templum
3360 3665 3374 3716 ;
3395 3651 3453 3704 et
3471 3647 3818 3705 solemnita-

2165 3742 2254 3794 tes
2281 3735 2815 3804 tabernaculorum,
2837 3740 2895 3792 et
2913 3737 3144 3810 paschae
3167 3735 3408 3793 evolutis
3429 3737 3712 3810 sunt,hoe
3729 3743 3820 3795 est

2163 3826 2482 3900 perierunt.
2514 3825 2585 3880 Et
2615 3824 2767 3881 sicut
2799 3825 2909 3880 fuit
2938 3825 3166 3898 primus
3213 3842 3406 3882 annus
3453 3826 3816 3900 captivitatis

2163 3931 2350 3988 usque
2376 3913 2468 3970 his
2493 3912 2790 3982 omnibus,
2825 3912 2908 3968 sic
2940 3911 3050 3969 fuit
3078 3917 3136 3970 et
3165 3913 3814 3988 subsequens,ideoque

2161 4004 2398 4060 additus
2421 4001 2636 4058 dicitur
2663 4019 2792 4058 esse
2821 4018 3015 4058 annus
3057 4002 3129 4057 ad
3178 4017 3422 4058 annum.
3455 4001 3613 4058 Dicit
3655 4003 3812 4060 enim

2159 4093 2367 4150 beatus
2400 4091 2802 4164 Hieronymus,
2827 4085 2967 4162 quia
2997 4090 3105 4146 hoc
3134 4094 3225 4147 est
3249 4089 3466 4146 mirum
3493 4092 3658 4164 quod
3695 4110 3813 4149 uno

2157 4182 2480 4252 eodemque
2509 4182 2770 4252 tempore
2800 4183 2858 4235 et
2886 4177 3091 4235 civitas
3111 4180 3501 4247 destrueta,et
3519 4181 3808 4254 templum

2157 4287 2507 4327 succensum
2537 4271 2595 4324 et
2621 4267 2873 4341 populus
2893 4268 3104 4324 ductus
3125 4272 3214 4324 est
3233 4268 3292 4322 in
3316 4269 3810 4340 captivitatem,in

2155 4359 2256 4415 illo
2287 4363 2549 4430 tempore
2579 4357 2813 4428 quando
2845 4356 3116 4413 Sedecias
3153 4356 3622 4428 comprehensus
3667 4363 3760 4416 est
3790 4377 3806 4414 :

2155 4449 2240 4505 sic
2270 4449 2444 4503 etiam
2477 4449 2534 4502 et
2565 4446 2623 4500 in
2655 4446 2906 4502 adventu
2939 4446 3338 4502 Romanorum
3370 4451 3575 4504 actum
3604 4453 3715 4505 est.

2225 4559 2253 4586 ‹‹
2285 4535 2357 4590 Et
2384 4533 2836 4590 circumvallabo
2866 4533 3040 4603 Ariel,
3068 4557 3095 4584 ››
3127 4533 3237 4590 hoc
3266 4539 3356 4591 est
3387 4535 3752 4594 Hierusalem
3787 4555 3801 4594 :

2155 4647 2184 4674 ‹‹
2208 4627 2265 4680 et
2283 4623 2393 4679 erit
2414 4622 2600 4679 tristis
2622 4627 2681 4678 et
2701 4639 2974 4679 moerens.
2993 4622 3408 4679 nCircumdata
3428 4623 3631 4681 hostili
3653 4643 3804 4683 exer-

2149 4713 2267 4768 citu
2298 4711 2700 4768 Chaldaeorum
2738 4728 2751 4766 :
2785 4711 2938 4767 sicut
2966 4711 3251 4769 Dominus
3281 4712 3457 4770 etiam
3505 4730 3614 4785 per
3641 4714 3801 4771 Jere.

2149 4801 2328 4856 miam
2357 4799 2623 4874 praedixit
2653 4817 2666 4854 :
2695 4801 2841 4856 Ecce
2879 4817 2984 4874 ego
3033 4801 3398 4874 congregabo
3445 4807 3675 4860 veteres
3703 4821 3800 4860 co-

2147 4889 2456 4964 gnationes
2477 4905 2790 4962 regnorum
2811 4889 3125 4961 aquilonis,
3140 4889 3280 4946 dicit
3299 4889 3607 4960 Dominus,
3624 4897 3686 4948 et
3703 4910 3804 4965 po-

2147 4983 2287 5034 nent
2316 4978 2484 5033 sedes
2515 4993 2656 5032 suas
2686 4993 2864 5048 super
2893 4980 3090 5048 portas
3120 4975 3616 5036 Hierusalem.Sic
3637 4980 3796 5036 enim

2147 5067 2366 5122 factum
2397 5065 2659 5121 est.Nam
2688 5066 2924 5136 quando
2951 5065 3224 5124 Sedeoias
3253 5071 3310 5124 et
3338 5067 3637 5141 principes
3658 5087 3796 5125 cum

2143 5172 2212 5212 eo
2241 5171 2345 5226 per
2372 5153 2667 5226 quoddam
2692 5155 2950 5209 foramen
2975 5155 3131 5210 muri
3153 5156 3513 5229 fugerunt,et
3532 5173 3799 5232 compre-

2143 5241 2310 5298 hensi
2336 5245 2476 5298 sunt
2505 5241 2579 5297 ab
2607 5242 2872 5314 equitatu
2904 5242 3442 5302 Nabuchodonosor
3471 5245 3531 5301 in
3564 5246 3798 5319 campis

2139 5330 2544 5398 Jericuntinis,
2579 5329 2872 5403 principes
2901 5331 3302 5389 Chaldzeorum
3328 5339 3528 5406 portas
3538 5336 3667 5406 jam
3693 5336 3797 5391 ob-

2138 5421 2414 5488 tinentes,
2439 5420 2608 5475 sedes
2629 5435 2768 5476 suas
2799 5419 3222 5478 collocaverunt
3239 5423 3512 5496 desuper.
3536 5447 3566 5475 «
3589 5425 3657 5480 Et
3679 5424 3794 5480 erit

2138 5509 2283 5564 mihi
2313 5507 2483 5581 quasi
2513 5507 2687 5574 Ariel,
2713 5512 2768 5564 et
2789 5508 3164 5566 circumdabo
3187 5510 3356 5582 quasi
3384 5511 3565 5567 feram
3589 5511 3646 5568 in
3669 5511 3790 5566 cir-

2137 5598 2298 5654 cuitu
2329 5602 2485 5652 tuo.»
2513 5595 2629 5652 lloc
2651 5598 2723 5652 ad
2755 5601 2988 5672 tempus
3021 5599 3416 5656 Romanorum
3438 5601 3792 5672 pertinet-Et
