4090 6192
269 284 378 348 861

1322 284 1724 345 COMMENT.
1772 281 1852 340 1N
1896 277 2192 340 ISAIAM.
2251 316 2319 326 —-
2360 283 2509 343 LIB.

3564 291 3682 354 862

269 421 464 491 patres
496 416 680 473 nostri
708 432 991 489 pauperes
1014 416 1381 484 exstiterunt,
1400 416 1540 487 quia
1570 434 1685 470 non
1711 414 1922 469 habue-
1949 413 2004 480 Α
2035 419 2240 471 cerunt
2258 417 2551 473 Abraham
2573 423 2629 474 et
2644 421 2795 475 Aran
2822 420 2878 475 in
2901 420 3231 495 ignem,qui
3255 423 3458 497 lingua
3478 442 3680 483 eorum

270 511 407 563 runt
429 505 663 562 divitias
694 505 1051 578 spirituales,
1079 509 1136 560 et
1161 505 1517 577 pinguedine
1537 505 1659 576 spei
1694 508 1750 558 et
1778 503 1928 559 dile-

268 596 480 653 ctionis
500 600 765 667 expertes
788 600 1151 650 manserunt.
1175 594 1319 649 Cum
1343 598 1539 649 autem
1572 592 1777 647 ebriati
1812 593 1929 647 fue-

268 686 385 741 rint
408 684 578 757 aquis
610 684 1020 756 spiritualihus
1064 685 1134 739 de
1185 684 1342 739 fonte
1373 682 1711 749 Salvatoris,
1736 681 1925 737 exsul-

272 776 481 831 tabunt
510 774 571 829 in
603 777 807 829 sancto
842 774 1041 829 Israel.

335 887 363 913 «
388 862 676 930 Quoniam
708 863 919 919 defecit
949 863 1048 935 qui
1081 862 1449 935 praevalebat,
1480 864 1928 922 consummatus

268 954 355 1010 est
374 951 638 1008 illusor.»
661 954 806 1007 Ante
827 954 1141 1007 adventum
1168 952 1572 1023 Redemptoris
1604 951 1787 1006 nostri
1811 950 1930 1004 dia-

268 1041 438 1097 holus
469 1041 816 1113 przevalebat
843 1058 1022 1114 super
1041 1059 1245 1097 omnes
1271 1045 1496 1114 gentes,
1521 1040 1658 1113 quia
1681 1040 1805 1111 ipse
1828 1056 1927 1094 cas

268 1147 377 1186 suo
403 1130 664 1186 dominio
696 1132 1041 1202 subjugatas
1062 1130 1273 1185 habuit
1296 1147 1308 1184 :
1335 1131 1518 1185 donec
1537 1129 1696 1184 venit
1726 1129 1929 1183 fortior

268 1218 364 1275 illo
392 1219 681 1275 Dominus
709 1219 883 1275 Jesus
903 1220 1003 1291 qui
1037 1219 1309 1275 universa
1332 1220 1460 1290 ejus
1482 1218 1745 1285 abstulit,
1772 1217 1930 1273 sicut

268 1306 328 1362 in
359 1307 668 1380 Evangelio
690 1308 905 1380 legitur
927 1324 977 1361 ;‹‹
1003 1325 1135 1362 cum
1159 1313 1357 1363 autem
1382 1306 1585 1362 fortior
1608 1306 1705 1361 illo
1730 1320 1931 1378 super‘

266 1397 511 1463 venerit,
533 1395 803 1452 universa
831 1413 996 1451 arma
1018 1397 1147 1467 ejus
1168 1396 1409 1463 auferet,
1432 1399 1492 1451 in
1516 1396 1733 1468 quibus
1754 1397 1930 1451 conti-

267 1486 442 1542 debat
458 1486 609 1557 (Luc.
625 1488 766 1554 κὴ.»
790 1485 922 1541 Ideo
939 1486 1096 1539 enim
1119 1485 1635 1558 praevalebat,quia
1657 1485 1928 1558 princeps

266 1574 441 1643 istius
463 1574 669 1629 mundi
693 1578 840 1630 erat.
855 1574 1018 1630 Sicut
1039 1574 1325 1629 Dominus
1348 1575 1493 1629 dixit
1510 1592 1561 1629 ;‹‹
1577 1574 1751 1631 Venit
1770 1574 1925 1629 enim

266 1664 539 1736 princeps
554 1664 761 1719 mundi
780 1664 1047 1735 hujus,et
1069 1663 1127 1719 in
1151 1680 1245 1720 me
1267 1681 1383 1719 non
1404 1664 1581 1719 habet
1600 1664 1925 1736 quidquam

267 1753 644 1846 (Joan._x1v).»
665 1754 735 1846 Et
760 1770 806 1807 :a
834 1754 1000 1846 Nunc
1023 1753 1296 1846 princeps
1318 1753 1521 1846 mundi
1546 1753 1813 1824 ejicietur
1833 1755 1921 1810 fo-
1952 1782 2000 1846 Β

266 1859 418 1899 ras.»
442 1842 575 1914 Ipse
603 1842 781 1898 etiam
814 1842 1143 1914 appellatur
1174 1841 1516 1915 illusor,qui
1539 1860 1712 1899 omne
1734 1861 1920 1916 genus

264 1931 575 1987 hominum
606 1931 911 2000 illudebat,
945 1936 1003 1987 et
1042 1932 1359 1988 seducebat
1401 1933 1474 1987 ad
1515 1949 1770 1987 errorem
1804 1933 1916 1988 sui.

264 2042 294 2069 ‹‹
328 2020 555 2075 Succisi
587 2024 729 2076 sunt
749 2037 954 2076 omnes
977 2020 1077 2093 qui
1102 2020 1427 2093 vigilabant
1446 2038 1622 2092 super
1646 2021 1922 2093 iniquita-

263 2111 407 2175 tem,
433 2106 534 2179 qui
566 2124 806 2179 peccare
836 2108 1126 2165 faciebant
1154 2109 1425 2165 homines
1456 2109 1514 2164 in
1543 2111 1776 2165 verbo.»
1804 2110 1919 2181 Ipsi

266 2195 371 2268 qui
401 2196 616 2252 succisi
642 2201 784 2252 sunt
810 2214 823 2252 :
849 2198 1123 2269 discipuli
1155 2198 1439 2270 principis
1470 2200 1675 2254 mundi
1707 2199 1920 2254 intelli-

266 2290 509 2358 guntur,
525 2286 818 2342 daamones
839 2286 1233 2359 videlicet,qui
1253 2287 1576 2359 vigilabant
1597 2305 1828 2359 semper
1848 2290 1920 2343 ad

271 2374 521 2429 malum.
546 2376 710 2430 Tunc
736 2374 818 2429 illi
854 2375 1065 2431 succisi
1097 2380 1236 2431 sunt
1264 2376 1363 2448 qui
1398 2392 1635 2447 peccare
1660 2376 1923 2432 fecerunt

272 2462 544 2519 homines
571 2462 632 2518 in
661 2464 856 2532 verbo,
890 2465 1000 2520 hoc
1028 2468 1136 2531 est,
1170 2465 1403 2520 Judazos
1429 2466 1662 2537 quando
1700 2484 1921 2521 veneno

268 2550 602 2624 iniquitatis
622 2551 856 2608 illorum
875 2554 1047 2609 corde
1065 2554 1350 2609 obczecato
1367 2554 1639 2609 dixerunt
1657 2555 1918 2609 Domino:

271 2664 299 2690 «
318 2641 386 2696 In
406 2640 726 2696 Beelzebub
744 2640 1004 2715 principe
1020 2644 1441 2698 daemoniorum
1458 2642 1623 2715 ejicis
1636 2643 1923 2699 daemonia

267 2731 425 2799 (Luc.
445 2730 585 2802 x1).»
602 2730 673 2785 Et
690 2746 743 2785 ;‹‹
760 2732 1063 2803 Cruciﬁge,
1080 2733 1355 2804 eruciﬁge
1376 2750 1510 2787 eum
1538 2748 1590 2786 :»
1611 2737 1667 2787 et
1686 2731 1800 2787 alia
1820 2732 1925 2787 hu-

260 2818 554 2891 jusmodi.
581 2841 607 2868 α
642 2820 713 2874 Et
743 2825 1084 2892 arguentem
1116 2822 1175 2875 in
1209 2825 1375 2892 porta
1406 2819 1921 2892 supplantabant.»

267 2908 414 2974 Quis
447 2911 536 2963 est
557 2907 666 2963 iste
690 2907 870 2979 quiin
894 2915 1061 2981 porta
1082 2909 1608 2981 supplantabatur?
1637 2910 1922 2964 Dominus

267 2997 466 3063 Jesus,
500 2996 586 3052 vel
620 2997 797 3053 etiam
829 2998 1043 3070 aliquis
1086 2999 1502 3071 prOphetarum
1535 2999 1635 3071 qui
1668 2999 1727 3053 in
1759 3003 1925 3071 porta

269 3086 665 3142 annuntiabat
702 3087 938 3159 populo,
970 3093 1263 3160 quatenus
1302 3105 1480 3161 agens
1520 3088 1919 3160 pmnitentiam

268 3178 705 3231 converteretur
724 3177 796 3231 ad
820 3177 954 3232 fidei
978 3177 1408 3248 operationem:
1433 3181 1627 3232 tamen
1652 3194 1766 3232 non
1790 3194 1923 3248 sup-
1952 3150 1995 3216 C

269 3263 656 3336 plantabatur
684 3264 799 3332 ille,
825 3265 966 3337 quia
978 3266 1181 3337 justus
1202 3283 1269 3320 ex
1300 3266 1414 3320 fide
1442 3266 1638 3322 vivens
1659 3265 1927 3320 immobi-

268 3351 345 3408 lis
379 3354 761 3425 permanebat
793 3355 966 3423 (Rom.
993 3355 1054 3426 ι).
1083 3376 1111 3405 ‹‹
1140 3356 1209 3409 Et
1238 3354 1676 3409 declinaverunt
1706 3355 1926 3409 frustra

258 3443 523 3513 justum.
549 3464 576 3491 »
599 3443 661 3498 In
685 3443 1041 3515 quibusdam
1061 3443 1360 3498 codicibus
1390 3444 1677 3514 reperitur
1699 3460 1733 3497 (ι
1752 3445 1921 3515 justo,

267 3531 374 3586 sed
393 3531 602 3585 beatus
615 3531 1003 3604 Hieronymus
1019 3556 1047 3581 «
1061 3533 1295 3603 justum
1314 3554 1339 3581 »
1355 3533 1801 3604 exponitdieens
1820 3532 1920 3587 ita:

267 3621 569 3684 Quantum
600 3618 659 3674 in
691 3620 837 3692 ipsis
857 3621 1223 3677 daemonibus
1256 3621 1386 3687 fuit,
1411 3620 1702 3677 declinare
1731 3620 1925 3676 conati

267 3711 416 3763 sunt
436 3708 670 3778 justum
703 3726 737 3764 a
758 3710 1013 3780 justitia,
1044 3710 1147 3765 sed
1197 3710 1433 3775 frustra,
1457 3709 1594 3783 quia
1643 3710 1924 3765 fundatus

266 3800 417 3852 erat.
444 3797 766 3853 Possumus
788 3799 963 3854 etiam
986 3799 1096 3855 hoc
1118 3800 1330 3854 referre
1353 3800 1424 3854 ad
1456 3799 1679 3855 scribas
1702 3803 1759 3854 et
1780 3800 1921 3870 pha-

264 3886 492 3955 risaeos,
519 3886 621 3959 qui
650 3905 881 3960 semper
901 3888 1221 3961 vigilabant
1244 3890 1313 3944 ad
1346 3888 1803 3961 iniquitatem,et
1823 3887 1924 3959 qui

265 3993 515 4049 peccare
535 3975 826 4032 faciebant
854 3977 1123 4033 homines
1145 3977 1443 4050 simplices
1462 3977 1521 4031 in
1546 3978 1925 4048 verbo,quan—

262 4067 345 4121 do
365 4066 643 4122 dicebant
663 4067 733 4122 de
755 4067 1000 4123 Domino
1024 4068 1164 4123 Jesu
1186 4067 1435 4135 Christo,
1459 4084 1573 4122 non
1596 4084 1724 4122 esse
1756 4064 1922 4121 illum

262 4154 371 4226 qui
429 4153 760 4226 promissus
802 4160 928 4211 erat
955 4155 1015 4209 in
1046 4155 1173 4229 lege
1202 4160 1260 4211 et
1285 4154 1605 4227 prophetis.
1630 4156 1776 4209 Nam
1836 4154 1924 4208 illi

262 4260 408 4300 eum
432 4244 798 4299 conabantur
818 4244 1214 4317 supplantare,
1231 4245 1467 4316 quando
1486 4229 1796 4300 consilium
1821 4243 1924 4298 ini-

260 4333 415 4389 bant
436 4332 694 4404 qualiter
716 4337 990 4405 caperent
1009 4350 1144 4389 eum
1166 4334 1226 4389 in
1249 4349 1517 4389 sermone
1533 4332 1737 4402 (Matth.
1760 4335 1920 4400 xxn).

262 4421 421 4478 Huic
442 4438 583 4477 vero
605 4421 805 4478 sensui
825 4423 1097 4495 congruit
1117 4425 1454 4495 utrumque,
1474 4446 1500 4471 ‹‹
1527 4426 1585 4477 et
1607 4421 1925 4477 declinave-

2037 520 2107 558 ur
2127 504 2484 576 appellatur:
2505 525 2571 563 eo
2589 509 2743 579 quod
2768 509 2986 565 nollent
3005 512 3190 567 colere
3206 513 3394 569 illum.
3414 516 3683 572 Mortuus

2036 598 2128 649 est
2159 599 2354 650 autem
2388 596 2466 650 ibi
2499 598 2651 653 Aran
2697 603 2831 655 ante
2875 600 3107 656 Tharan
3141 605 3365 673 patrem
3396 621 3592 672 suum,
3624 610 3686 661 et

2034 684 2329 739 Abraham
2360 684 2578 742 illaesus
2609 687 2781 743 exivit
2805 689 2877 744 ab
2900 707 2965 744 eo
2987 690 3139 756 (Gen.
3159 696 3258 760 x1).
3279 692 3443 748 Unde
3463 698 3521 749 et
3542 694 3685 752 dicit

2036 771 2085 826 ei
2109 773 2393 829 Dominus
2419 792 2465 828 ;‹‹
2499 776 2615 847 Ego
2646 776 2800 832 Deus
2826 780 2924 851 qui
2959 780 3129 835 eduxi
3160 785 3215 836 te
3247 783 3316 837 de
3348 783 3489 839 urbe
3510 783 3681 839 Chal-

2036 862 2353 916 daiorum.»
2375 885 2401 913 «
2422 864 2546 920 Non
2565 867 2738 921 modo
2757 869 3146 924 confundetur
3159 871 3361 942 Jacob,
3376 889 3490 928 non
3508 874 3681 929 modo

2036 949 2232 1005 vultus
2262 952 2390 1020 ejus
2434 954 2737 1009 erubescet
2770 972 2782 1008 :
2818 958 2919 1011 sed
2960 975 3093 1013 eum
3123 959 3333 1015 viderit
3363 960 3512 1017 ﬁlios
3542 962 3681 1018 suos

2037 1054 2213 1108 opera
2242 1056 2526 1094 manuum
2555 1060 2815 1098 mearum
2841 1045 2899 1098 in
2924 1047 3114 1101 medio
3137 1049 3228 1102 sui
3251 1050 3682 1107 sanctiﬁcantes

2038 1143 2251 1181 nomen
2282 1146 2539 1184 meum.»
2567 1130 2850 1200 Loquitur
2873 1133 3156 1189 Dominus
3186 1138 3558 1209 omnipotens
3582 1157 3684 1212 per

2039 1215 2248 1270 Isaiam
2282 1218 2647 1289 prophetam,
2674 1224 2730 1274 et
2750 1220 2891 1275 dicit
2915 1238 2927 1275 :
2951 1223 3075 1277 Non
3105 1226 3277 1280 modo
3306 1227 3435 1294 hoc,
3459 1228 3569 1283 hoc
3595 1233 3685 1284 est

2038 1304 2230 1359 istoin
2262 1308 2540 1377 tempore,
2566 1310 2861 1365 erubescet
2895 1311 3094 1379 Jacob,
3119 1311 3176 1368 id
3207 1318 3296 1369 est
3324 1319 3684 1374 verecunda-

2037 1392 2217 1458 bitur,
2241 1399 2298 1449 et
2325 1394 2545 1451 dolebit
2587 1414 2763 1468 super
2809 1398 3147 1471 iniquitates
3195 1420 3372 1459 suas:
3401 1406 3499 1460 sed
3549 1423 3684 1462 cum

2038 1481 2190 1537 ﬁlios
2222 1500 2382 1554 suos,
2410 1486 2706 1555 apostolos
2734 1487 2959 1544 scilicet
2989 1508 3168 1559 meos,
3193 1510 3370 1564 opera
3400 1511 3683 1552 manuum

2038 1588 2324 1640 mearum,
2350 1590 2496 1645 quos
2527 1591 2633 1646 ego
2680 1577 2863 1632 ereavi
2925 1582 2983 1633 et
3039 1581 3322 1651 reparavi,
3349 1587 3406 1637 et
3461 1585 3683 1640 erudivi

2038 1659 2280 1716 scientia
2301 1661 2590 1733 spirituali
2613 1682 2626 1718 :
2648 1665 2704 1719 in
2731 1665 2920 1722 medio
2943 1668 3033 1722 sui
3050 1668 3301 1725 viderint
3321 1674 3686 1729 sanctiﬁcan-

2038 1754 2126 1803 tes
2158 1767 2369 1806 nomen
2403 1770 2620 1809 meum.
2649 1754 2963 1826 Postquam
2991 1758 3146 1812 enim
3171 1759 3457 1817 Dominus
3482 1779 3548 1817 ac
3581 1763 3684 1818 Re-

2031 1839 2160 1893 dem
2170 1844 2300 1910 ptor
2320 1840 2560 1897 humani
2580 1844 2811 1913 generis
2825 1868 2851 1893 ‹‹
2874 1846 3096 1902 devicto
3116 1849 3322 1904 mortis
3342 1849 3584 1922 imperio
3602 1868 3684 1907 re-

2029 1929 2281 1983 surrexit
2301 1934 2358 1984 ct
2378 1931 2641 1986 ascendit
2661 1934 2731 1986 ad
2754 1933 3051 1990 dexteram
3069 1935 3169 1990 Dei
3193 1937 3434 2005 Patris,»
3455 1940 3681 1997 decimo

2029 2018 2391 2073 ascensionis
2413 2037 2532 2075 sure
2552 2020 2644 2075 die
2666 2046 2691 2070 (ι
2720 2022 2882 2077 misit
2903 2024 3187 2094 Spiritum
3212 2033 3483 2083 sanctum
3501 2047 3684 2101 super

2030 2106 2325 2177 apostolos
2353 2107 2409 2161 in
2447 2108 2665 2181 linguis
2696 2110 2905 2181 igneis,
2939 2118 2994 2167 et
3029 2121 3331 2186 coeperunt
3359 2118 3517 2189 loqui
3551 2137 3680 2175 ma-

2029 2194 2227 2267 gnalia
2252 2196 2352 2251 Dei
2368 2197 2501 2264 (Act.
2521 2204 2645 2263 11).»
2666 2200 2982 2256 Audientes
3013 2201 3120 2256 hoc
3142 2204 3329 2259 Judaei
3350 2205 3445 2276 qui
3479 2208 3682 2261 Domi—

2029 2301 2172 2338 num
2196 2286 2369 2339 morti
2394 2287 2773 2357 tradiderant,
2789 2291 3152 2346 erubuerunt
3172 2293 3244 2347 de
3262 2294 3511 2364 peccatis
3534 2295 3681 2362 suis,

2032 2373 2185 2442 quod
2205 2374 2520 2429 Dominum
2540 2377 2612 2430 ad
2635 2381 2810 2431 Deum
2829 2395 3002 2433 suum
3025 2379 3489 2447 damnassent,et
3506 2383 3681 2454 pinni-

2032 2460 2215 2515 tentia
2236 2463 2395 2516 ducti
2420 2464 2694 2520 dixerunt
2717 2466 2785 2520 ad
2815 2466 3111 2538 apostolos
3130 2486 3178 2523 ;‹‹
3205 2470 3353 2535 Quid
3375 2470 3679 2541 faciemus,

2029 2547 2131 2603 viri
2160 2550 2449 2605 fratres?»
2483 2553 2553 2606 Et
2586 2553 2789 2608 Petrus
2822 2556 2892 2609 ad
2926 2555 3121 2611 illos:«
3142 2558 3564 2629 Pmnitentiam,
3592 2562 3683 2617 in-

2031 2637 2422 2709 quit,agite,et
2437 2640 2727 2711 baptizetu
2739 2660 2766 2695 r
2780 2643 2839 2696 in
2858 2644 3092 2700 nomine
3106 2646 3337 2701 Domini
3349 2650 3486 2703 Jesu
3506 2668 3661 2706 unus

2031 2725 2281 2797 quisque
2301 2732 2622 2782 vestrum.»
2647 2730 3075 2804 Impletumque
3105 2738 3195 2789 est
3222 2734 3365 2791 illud
3399 2738 3553 2808 quod
3585 2739 3682 2795 hic

2031 2814 2246 2869 dicitur
2270 2833 2320 2870 ;‹‹
2343 2816 2489 2871 Cum
2510 2816 2773 2874 videritis
2795 2819 2946 2875 filios
2969 2826 3188 2877 vestros
3205 2824 3498 2895 apostolos
3518 2843 3680 2882 meos

2030 2904 2265 2959 effectos
2293 2905 2723 2963 sanctiﬁcantes
2744 2925 2957 2965 nomen
2981 2926 3197 2979 meum,
3222 2913 3578 2970 erubescetis
3609 2916 3680 2971 de

2032 2991 2350 3049 sceleribus
2408 2995 2636 3062 vestris,
2661 3000 2717 3051 et
2745 2998 3184 3054 confundemini
3243 3018 3419 3073 super
3471 3004 3681 3060 vestris

2033 3081 2388 3137 erroribus.»
2407 3107 2432 3133 ‹‹
2460 3085 2528 3138 Et
2558 3085 3014 3142 sanetificabunt
3036 3110 3062 3136 »
3085 3089 3331 3160 apostoli
3355 3091 3567 3147 Christi
3595 3110 3669 3148 no

2034 3188 2166 3225 men
2181 3194 2207 3219 ‹‹
2230 3177 2499 3227 sanctum
2519 3174 2720 3240 Jacob,
2744 3178 2801 3229 et
2820 3175 3003 3231 Deum
3028 3177 3203 3233 Israel
3222 3180 3677 3250 prmdicabunt.»

2032 3258 2154 3313 Vox
2186 3261 2500 3331 prophetae.
2531 3264 2783 3318 Sanctus
2811 3265 2991 3319 Jacob
3024 3265 3081 3320 in
3114 3266 3239 3322 loco
3272 3268 3383 3324 isto
3413 3268 3682 3326 Christus

2032 3352 2141 3418 est,
2165 3350 2263 3420 qui
2297 3350 2368 3405 de
2397 3352 2619 3406 semine
2646 3355 2702 3407 et
2722 3353 3036 3425 propagine
3057 3354 3217 3411 illius
3231 3357 3505 3413 effloruit.
3534 3363 3683 3415 Deus

2033 3441 2230 3491 autem
2268 3438 2464 3504 Israel,
2494 3440 2778 3496 Dominus
2804 3442 2977 3498 Jesus
3006 3460 3140 3499 cum
3176 3444 3342 3501 Patre
3372 3451 3430 3502 et
3460 3448 3682 3519 Spiritu

2034 3529 2236 3582 saneto
2268 3527 2638 3600 intelligitur.

2109 3636 2137 3664 «
2157 3616 2227 3669 Et
2246 3616 2474 3672 discent
2493 3618 2550 3672 in
2571 3618 2661 3673 die
2684 3619 2783 3674 illa
2804 3625 3065 3675 errantes
3087 3622 3297 3692 spiritu
3321 3623 3680 3681 intellectum

2033 3707 2090 3759 et
2107 3705 2516 3761 mussitatores
2530 3707 2754 3762 discent
2770 3708 3294 3780 legem.»Errantes
3312 3711 3684 3783 appellantur

2031 3793 2239 3861 Judaei,
2264 3812 2298 3849 a
2318 3794 2464 3850 falso
2486 3812 2677 3850 errore
2704 3796 2952 3864 seducti,
2979 3796 3078 3868 qui
3110 3797 3266 3853 idola
3294 3800 3682 3858 adoraverunt

2033 3884 2371 3939 recedentes
2402 3902 2436 3938 a
2466 3884 2582 3938 Deo
2612 3901 2767 3939 vero.
2795 3884 2909 3957 Ipsi
2942 3889 3224 3941 vocantur
3254 3892 3311 3943 et
3338 3889 3680 3947 mussitato-

2034 3990 2151 4039 res,
2184 3973 2462 4044 quoniam
2494 3990 2728 4045 semper
2757 3978 3222 4032 murmuratores
3251 3978 3598 4035 exstiterunt
3625 3985 3683 4037 et

2033 4062 2463 4127 mussitatores,
2488 4065 2610 4116 tam
2641 4061 2702 4116 in
2733 4078 2927 4118 eremo
2947 4080 3125 4135 quam
3158 4064 3333 4120 etiam
3363 4071 3678 4141 postquam

2034 4150 2351 4207 introducti
2385 4154 2525 4206 sunt
2552 4150 2612 4205 in
2642 4155 2857 4206 terram
2889 4151 3163 4209 omnibus
3195 4154 3517 4212 meliorem.

2637 4240 2870 4296 CAPUT
2914 4241 3074 4296 XXX.

2104 4355 2133 4380 ‹‹
2156 4330 2273 4395 Vae,
2299 4329 2401 4384 filii
2434 4330 2781 4398 desertores,
2814 4328 2955 4384 dicit
2991 4331 3295 4389 Dominus.
3318 4356 3344 4383 »
3366 4335 3481 4402 νω,
3505 4336 3680 4393 sicuti

2032 4420 2306 4493 superius
2318 4420 2447 4490 jam
2469 4418 2743 4486 diximus,
2762 4419 3063 4473 interitum
3087 4421 3433 4491 perditionis
3455 4426 3512 4477 et
3530 4441 3682 4479 mor-

261 4515 411 4567 runt
442 4510 665 4566 frustra
710 4512 1003 4583 justum,»
1022 4511 1111 4567 vel
1144 4530 1177 4567 a
1212 4512 1399 4583 justo.
1436 4512 1675 4567 Frustra
1732 4511 1923 4567 conati
1951 4519 2000 4583 Ι)
2030 4509 2107 4564 tis
2139 4508 2800 4581 significat.Desertores
2831 4523 3088 4578 namque
3116 4508 3301 4563 Judaei
3335 4528 3680 4584 nuncupan-

261 4603 413 4655 sunt
456 4598 664 4653 scribae
695 4603 753 4653 et
782 4600 1011 4655 Parisaii
1043 4599 1332 4655 declinare
1369 4598 1777 4670 justum,quia
1806 4616 1922 4653 non

261 4686 727 4760 praevaluerunt.
748 4687 850 4741 Vel
894 4688 1073 4743 etiam
1118 4689 1353 4760 quando
1396 4687 1755 4743 dixeruntzu
1796 4688 1921 4743 Non

258 4776 566 4832 habemus
622 4792 815 4849 regem
875 4777 989 4832 nisi
1020 4779 1303 4833 Caesarem
1334 4779 1510 4846 (Joan.
1538 4777 1615 4847 χ),
1640 4798 1667 4825 ››
1707 4777 1925 4832 frustra

261 4864 714 4921 declinaverunt
743 4882 778 4920 a
798 4866 985 4936 justo,
1018 4866 1128 4922 hoc
1155 4870 1263 4933 est,
1287 4866 1463 4920 stulte
1494 4870 1738 4939 egerunt
1767 4881 1922 4920 rece-

259 4954 480 5009 dentes
510 4970 545 5008 a
572 4953 711 5022 vita,
734 4958 792 5009 et
819 4954 1097 5027 eligentes
1124 4959 1394 5010 mortem.
1421 4955 1739 5025 Postquam
1768 4954 1922 5010 idem

260 5042 426 5109 fecit,
452 5042 595 5114 quia
624 5042 971 5113 praevalebat
991 5044 1280 5110 diabolus,
1303 5048 1361 5099 et
1391 5043 1601 5098 succisi
1636 5048 1775 5099 sunt
1804 5048 1921 5098 tam

256 5132 574 5187 demones
602 5131 861 5185 ministri
908 5133 1065 5188 illius
1094 5150 1272 5204 quam
1306 5133 1509 5188 scribae
1541 5136 1599 5186 et
1629 5131 1920 5198 Phariszei,

251 5220 632 5276 addiderunt
680 5219 853 5276 mites
898 5221 1204 5276 laetitiam:
1242 5225 1298 5275 et
1350 5238 1637 5293 pauperes
1691 5220 1922 5292 spiritu,

246 5308 521 5381 gentiles
547 5308 986 5365 exsultaverunt
1014 5309 1071 5363 in
1105 5309 1372 5365 Domino.

336 5419 369 5446 «ι
395 5398 643 5469 Propter
687 5397 811 5453 haec
851 5398 992 5453 dicit
1038 5398 1323 5453 Dominus
1354 5399 1426 5453 ad
1472 5398 1713 5451 domum
1744 5397 1924 5453 Jacob

235 5486 367 5559 qui
400 5486 655 5541 redemit
673 5486 1027 5542 Abraham.»
1049 5486 1350 5552 Quomodo
1372 5486 1618 5542 redemit
1640 5486 1926 5542 Dominus

218 5575 607 5635 Abraham?
626 5576 902 5649 Legimus
919 5576 978 5630 in
996 5574 1291 5632 historiis:
1313 5576 1459 5642 Quia
1472 5574 1723 5631 Chaldaei
1744 5578 1925 5648 proje—

2032 4604 2148 4665 tur,
2173 4597 2273 4669 qui
2298 4596 2735 4668 dereliquerunt
2764 4594 2949 4667 legem
2983 4594 3207 4650 Domini
3240 4601 3297 4651 et
3326 4601 3675 4672 transgressi

2031 4692 2171 4744 sunt
2187 4692 2422 4759 pactum
2441 4687 2763 4757 ejus.Nunc
2781 4684 3159 4756 praeciditlsai
3168 4703 3231 4741 as
3247 4686 3457 4758 spiritu
3476 4695 3678 4747 sancto

2032 4777 2293 4832 ebriatus
2324 4774 2627 4830 historiam
2650 4791 2778 4845 qua:
2805 4773 3164 4845 temporibus
3193 4776 3458 4832 Jeremia:
3489 4779 3677 4834 adim-

2032 4865 2313 4939 pleta'est,
2330 4861 2564 4934 quando
2590 4862 3129 4918 Nabuchodonosor
3157 4881 3255 4919 rex
3276 4864 3677 4922 Chaldaeorum

2032 4955 2189 5010 venit
2208 4953 2267 5007 in
2290 4951 2673 5020 Hierusalem,
2687 4956 2745 5007 et
2766 4950 2932 5007 duxit
2944 4952 3239 5007 Sedeciam
3257 4954 3527 5009 orbatum
3549 4972 3680 5012 ocu-

2035 5044 2108 5099 lis
2155 5042 2529 5113 ﬁliorumque
2576 5046 2783 5108 morte,
2808 5032 2866 5097 et
2908 5059 3141 5097 omnem
3174 5042 3455 5113 populum
3512 5048 3678 5101 terra;

2034 5150 2180 5206 pene
2210 5131 2540 5204 captivavit,
2561 5130 2801 5201 reliquis
2833 5130 2930 5202 qui
2975 5136 3383 5186 remanserunt
3423 5134 3679 5203 prtefecit

2035 5222 2338 5278 Godoliam
2361 5222 2457 5293 qui
2481 5225 2605 5275 erat
2625 5220 2695 5274 de
2725 5220 2947 5276 semine
2970 5220 3147 5289 regio.
3171 5220 3344 5274 Venit
3372 5225 3566 5277 autem
3595 5223 3676 5278 Is-

2032 5311 2186 5368 mael
2207 5316 2263 5367 et
2281 5310 2376 5365 alii
2400 5309 2505 5365 viri
2529 5324 2781 5380 nequam
2807 5325 2941 5363 cum
2963 5324 3049 5375 eo,
3065 5312 3123 5362 et
3143 5308 3558 5365 interfecerunt
3574 5311 3681 5366 Go-

2033 5401 2271 5466 doliam,
2287 5399 2505 5454 invidia
2521 5396 2678 5452 ducti
2703 5400 2907 5451 contra
2921 5397 3249 5452 eum.Tunc
3267 5397 3448 5454 nimio
3468 5399 3678 5455 timore

2033 5489 2321 5561 perterriti
2348 5503 2550 5543 omnes
2567 5484 2664 5557 qui
2690 5488 3116 5556 remanserunt,
3133 5490 3415 5541 venerunt
3434 5487 3505 5542 ad
3525 5487 3680 5543 Jere-

2032 5577 2212 5633 miam
2239 5576 2623 5646 dixeruntque
2654 5573 2703 5629 ei
2731 5589 2743 5627 :
2770 5573 2883 5628 Ora
2914 5590 3016 5645 pro
3057 5573 3226 5630 nobis
3256 5575 3327 5631 ad
3362 5574 3676 5632 Dominum
