4090 6192
447 287 568 351 863

859 285 1264 348 HAYMONIS
1294 285 1838 348 HALBEBSTAT.
1868 280 2110 345 EPISG.
2143 279 2320 343 OPP.
2349 282 2579 346 PARS.
2612 285 2660 346 I.
2694 319 2772 330 ——
2801 285 3208 348 COMMENT.
3243 284 3439 347 BIBL.

3735 283 3852 348 864

448 420 656 488 Deum,
680 423 738 477 et
766 419 860 476 dic
889 419 1030 492 quid
1061 435 1230 492 agere
1269 419 1610 475 debeamus.
1632 418 1906 475 Sciebant
1933 416 2088 473 enim
2119 411 2175 482 Α
2202 415 2364 473 Onus
2389 433 2522 473 vero
2546 418 2954 490 jumentorum
2975 417 3172 475 Austri
3201 417 3332 475 ideo
3351 416 3588 485 dicitur,
3611 417 3757 491 quia
3782 419 3848 475 ad

450 510 590 583 quia
603 527 706 583 pro
723 507 1374 564 interfectioneGodolim
1388 525 1564 580 quem
1582 505 2094 580 proposueratillis
2201 505 2518 562 australem
2542 508 2776 581 plagam
2808 507 3154 564 habitabant
3172 507 3314 580 ipsas
3335 506 3582 563 tribus.-
3613 507 3678 562 In
3701 509 3852 563 terra

448 597 1000 664 Nabuchodonosor,
1017 597 1174 652 mala
1195 597 1426 669 passuri
1442 602 1626 653 erant.
1645 597 1877 652 Decimo
1896 601 2091 652 autem

2200 594 2596 652 tribulationis
2641 602 2700 652 et
2747 597 3052 669 angustias.
3081 619 3110 647 »
3139 597 3318 653 Terra
3365 595 3773 652 tribulationis
3797 600 3851 652 et

447 687 540 744 die
563 689 874 758 postquam
895 684 982 740 illi
999 685 1314 742 Jeremiam
1337 686 1778 755 consuluerunt,
1795 687 1984 742 factus
2005 689 2094 740 est
2201 684 2506 756 angustize,
2529 685 2777 740 latitudo
2799 685 2958 741 illius
2979 685 3158 741 eremi
3179 683 3526 758 appellatur,
3551 701 3656 757 per
3673 701 3848 756 quam

445 791 636 832 sermo
655 773 885 830 Domini
909 775 980 830 ad
1003 773 1173 830 illum
1196 775 1399 832 dicens
1419 793 1468 830 τι(
1488 776 1590 832 Dic
1613 775 1854 848 reliquis
1877 775 1975 848 qui
2003 793 2090 830 re-

443 867 791 920 manserunt
822 881 836 918 :
871 864 1100 920 Manete
1136 863 1198 918 in
1228 863 1353 920 loco
1381 864 1515 932 isto,
1550 869 1607 920 et
1638 869 1937 937 protegam
1967 883 2088 932 vos,

440 952 666 1024 eritque
699 951 862 1007 vobis
911 953 1077 1008 bene.
1101 976 1126 1002 »
1149 953 1414 1026 Cumque
1451 953 1736 1010 Jeremias
1767 955 1888 1010 haec
1915 955 2091 1009 verba

439 1040 525 1098 eis
556 1040 874 1108 retulisset,
896 1041 1169 1109 dixerunt
1199 1041 1278 1097 illi
1313 1059 1324 1098 :
1355 1066 1382 1093 ‹‹
1414 1045 1539 1098 Non
1569 1044 1940 1098 manebimus
1972 1043 2086 1114 hic,

440 1131 543 1187 sed
574 1131 646 1185 ad
681 1131 991 1202 Egyptum
1025 1130 1339 1203 fugiamus,
1365 1148 1436 1187 ne
1459 1133 1601 1188 forte
1633 1132 1956 1188 moriamur
1977 1133 2087 1188 isto

439 1219 499 1275 in
531 1219 655 1276 loco
685 1218 974 1275 interfecti
1009 1237 1044 1275 a
1071 1219 1414 1290 Chaldzeis.»
1435 1244 1463 1272 ‹‹
1487 1221 1558 1276 Ut
1598 1221 1864 1276 faceretis
1893 1223 2085 1277 consi-

435 1307 606 1376 lium,
633 1311 825 1364 etnon
847 1326 915 1364 ex
937 1325 1031 1363 me
1054 1325 1067 1363 :
1093 1312 1149 1363 et
1177 1309 1516 1364 ordiremini
1539 1309 1734 1378 telam,
1756 1315 1814 1364 et
1837 1327 1950 1364 non
1982 1328 2088 1382 per

437 1397 713 1470 spiritum
743 1413 964 1452 meum.
989 1419 1016 1447 »
1042 1398 1366 1454 Consilium
1415 1403 1472 1453 et
1521 1399 1695 1454 telam
1741 1399 1912 1455 orditi
1948 1405 2087 1456 sunt

435 1487 659 1560 absque
685 1486 983 1542 voluntate
1009 1487 1262 1553 Domini,
1288 1488 1522 1560 quando
1545 1488 1814 1544 dixerunt
1837 1507 1850 1543 :
1878 1489 2084 1546 Melius

433 1579 524 1632 est
553 1579 618 1630 ut
646 1575 943 1648 fugiamus
965 1575 1025 1632 in
1050 1578 1358 1650 lEgyptum
1387 1581 1446 1632 et
1467 1576 1544 1633 ibi
1575 1577 2081 1650 salvemur,quam

432 1665 530 1720 hic
561 1664 986 1720 interﬁciamur
1015 1683 1050 1720 a
1079 1665 1384 1723 Chaldaeis.

504 1777 530 1804 ‹‹
553 1751 658 1821 Qui
677 1753 994 1850 ambulatis
1015 1757 1081 1810 ut
1099 1755 1470 1850 descendatis
1491 1757 1550 1811 in
1569 1758 1898 1828 Egyptum,
1931 1761 1989 1813 et
2017 1775 2082 1813 os
2109 1784 2159 1850 Β

431 1859 630 1899 meum
653 1859 768 1897 non
801 1841 1260 1915 interrogastis.»
1284 1845 1432 1900 Cum
1455 1845 1592 1901 dicit
1616 1847 1714 1918 qui
1740 1847 2078 1916 ambulatis,

427 1931 693 2002 loquitur
719 1931 790 1987 de
821 1932 1020 1988 futuro
1043 1933 1210 2004 quasi
1237 1933 1308 1988 de
1339 1934 1632 2006 praesenti.
1657 1937 1799 1990 Nam
1828 1937 1899 1991 ab
1933 1937 2083 1993 Isaia

429 2019 532 2093 qui
557 2019 668 2076 hoc
690 2019 954 2092 praedixit
974 2039 1162 2094 usque
1185 2023 1256 2077 ad
1282 2023 1596 2079 Jeremiam
1620 2026 1791 2096 cujus
1812 2025 2084 2098 tempori-

429 2109 543 2166 bus
563 2107 951 2182 adimpletum
971 2113 1078 2178 est,
1101 2114 1334 2166 centum
1355 2112 1782 2186 quinquaginta
1803 2115 1938 2169 anni
1963 2115 2081 2170 fue-

429 2200 586 2255 runt.
612 2221 641 2250 «
665 2198 742 2255 Os
773 2215 994 2268 meum,
1018 2221 1046 2248 ››
1067 2199 1281 2272 inquit,
1314 2201 1424 2256 hoc
1454 2204 1542 2256 est
1569 2201 1907 2257 Jeremiam.
1943 2203 2078 2258 Pro-

429 2287 618 2362 phetas
645 2304 902 2360 namque
923 2305 990 2344 os
1011 2288 1236 2343 Domini
1265 2287 1656 2368 appellantur,
1675 2289 1816 2360 quia
1837 2308 1937 2362 per
1957 2291 2080 2347 illo-

429 2392 563 2432 rum
585 2392 688 2432 ora
708 2375 1079 2448 omnipotens
1094 2375 1249 2431 Deus
1271 2377 1680 2448 mysteriorum
1706 2396 1920 2434 arcana
1939 2399 2080 2452 prae-

428 2463 571 2520 dicit
602 2481 615 2521 :
648 2464 814 2522 Unde
843 2463 1034 2520 solent
1067 2463 1360 2536 prophetae
1392 2464 1474 2520 ita
1503 2465 1695 2522 dicere
1727 2484 1786 2522 :«
1809 2469 1887 2524 Os
1920 2468 2076 2524 enim

429 2552 664 2610 Domini
692 2553 954 2609 locutum
985 2556 1094 2608 est.
1120 2573 1149 2602 »

502 2663 532 2695 «
560 2643 631 2698 Et
658 2641 770 2698 erit
795 2641 960 2696 vobis
1009 2641 1288 2697 fortitudo
1341 2642 1661 2702 Pharaonis
1693 2645 1750 2700 in
1783 2648 2076 2703 confusio-

427 2749 622 2787 nem.»
647 2729 869 2785 Pharao
897 2745 1107 2784 nomen
1130 2729 1433 2802 dignitatis
1453 2737 1542 2788 est
1561 2735 1715 2805 apud
1739 2737 2036 2810 [Egyptios
2060 2755 2074 2792 :

428 2818 585 2876 sicut
616 2817 772 2889 apud
806 2817 1098 2874 Romanos
1131 2823 1197 2874 ut
1231 2819 1479 2892 Augusti
1509 2825 1566 2876 et
1595 2822 1848 2880 Caesares
1875 2825 2077 2898 appel-

429 2907 714 2964 larentur.
737 2903 840 2961 Ille
885 2906 1043 2962 enim
1083 2907 1306 2964 Pharao
1353 2911 1524 2981 cujus
1571 2913 1935 2984 temporibus
1982 2913 2074 2969 isti

429 2996 819 3067 confugerunt
845 2993 906 3050 in
951 2995 1280 3069 Egyptum,
1305 2997 1418 3054 alio
1450 2999 1684 3056 nomine
1721 3003 1888 3058 Vafre
1917 3003 2075 3058 voci-

429 3086 686 3154 tabatur,
719 3082 874 3139 sicut
901 3087 961 3139 et
988 3085 1211 3142 Pharao
1241 3087 1491 3143 Nechao.

2198 773 2530 843 Johannan,
2565 773 2722 830 ﬁlius
2754 775 2966 839 Careaz,
3001 773 3216 846 aliique
3247 774 3426 830 duces
3468 772 3848 846 reliquiarum

2199 864 2660 918 transduxerunt
2703 863 2762 918 in
2809 865 3120 936 Egyptum
3152 863 3313 936 ipsas
3341 861 3624 934 reliquias
3653 866 3852 918 contra

2198 955 2554 1025 praeceptum
2572 952 2934 1009 Domini.Vel
2958 953 3088 1026 ipsa
3107 953 3338 1008 terrain
3357 953 3496 1025 quia
3511 951 3672 1008 ducti
3691 957 3850 1020 sunt,

2197 1041 2399 1097 afflicti
2421 1041 2676 1098 miseriis
2705 1041 2928 1098 multis.
2955 1042 3118 1108 Quod
3151 1044 3348 1096 autem
3370 1041 3514 1096 dicit
3532 1063 3562 1092 ‹‹
3583 1039 3771 1097 leaena
3795 1047 3853 1096 et

2195 1131 2344 1186 leo.»
2367 1131 2474 1186 Per
2501 1131 2741 1186 leaenam
2767 1129 3130 1187 Hierusalem
3153 1134 3244 1187 est
3262 1128 3648 1202 intelligenda
3669 1133 3732 1185 et
3758 1147 3853 1202 po-

2195 1219 2373 1292 pulus
2393 1219 2542 1290 ejus.
2568 1220 2638 1274 Et
2667 1237 2770 1292 per
2795 1219 3022 1276 leonem
3049 1219 3359 1276 Johannan
3391 1217 3612 1290 aliique
3640 1218 3850 1291 princi-

2195 1325 2318 1381 pes.
2354 1309 2658 1363 Permanet
2698 1308 2757 1362 in
2807 1307 3152 1380 metaphora
3181 1324 3318 1363 cum
3357 1307 3500 1363 dicit
3524 1330 3554 1358 ς(
3585 1324 3658 1364 ex
3689 1306 3795 1376 eis,
3821 1330 3850 1358 ι)

2194 1397 2480 1452 subaudis
2494 1397 2806 1468 jumentis,
2832 1397 2891 1452 id
2919 1400 3029 1464 est,
3052 1415 3122 1452 ex
3143 1395 3326 1451 leaena
3343 1400 3401 1452 et
3417 1395 3586 1452 leone
3605 1400 3746 1452 nata
3761 1401 3851 1452 est

2199 1504 2222 1533 ι
2253 1485 2472 1558 vipera,
2497 1490 2554 1541 ct
2584 1485 2824 1559 regulus
2853 1485 3080 1550 volans,
3104 1506 3132 1535 η
3155 1484 3268 1541 hoc
3287 1488 3378 1540 est
3397 1485 3512 1541 cito
3530 1485 3846 1541 transiens.

2193 1575 2334 1640 Quis
2356 1573 2580 1630 audivit
2601 1574 3012 1647 hujuscemodi
3035 1591 3182 1641 rem,
3202 1577 3270 1628 ut
3290 1590 3358 1629 ex
3385 1571 3570 1630 leaena
3598 1577 3658 1630 et
3683 1573 3849 1631 leone

2191 1664 2446 1719 oriretur
2458 1663 2655 1736 vipera
2675 1667 2732 1718 et
2753 1663 3010 1736 regulus.
3025 1663 3203 1719 Juxta
3222 1661 3530 1718 historiam
3550 1661 3710 1718 enim
3731 1680 3848 1720 non

2191 1755 2332 1808 sunt
2362 1753 2533 1807 firma
2563 1751 2786 1808 ratione
2835 1751 3107 1808 tenenda.
3139 1750 3408 1807 Diximus
3451 1767 3710 1823 namque
3745 1769 3850 1824 per

2189 1841 2432 1897 leaenam
2463 1845 2520 1896 et
2551 1840 2775 1897 leonem
2808 1839 3129 1913 significari
3157 1837 3522 1896 Hierusalem
3551 1843 3612 1895 et
3637 1838 3850 1912 princi.

2189 1947 2292 2002 pes
2316 1931 2466 2002 ejus,
2492 1933 2790 1984 servantes
2811 1928 3239 2000 metaphoram.
3265 1928 3373 1984 Per
3396 1928 3658 2000 viperam
3677 1933 3738 1984 et
3764 1945 3848 1986 re-

2188 2018 2286 2092 gul
2299 2035 2394 2074 um
2424 2016 2575 2074 ﬁlios
2594 2016 2830 2073 illorum
2853 2016 3124 2090 intelligi,
3140 2017 3241 2090 qui
3263 2016 3434 2090 quasi
3455 2033 3527 2074 ex
3541 2017 3844 2076 venenatis

2189 2106 2530 2180 parentibus
2560 2105 2846 2179 procreati
2886 2105 3160 2162 virulenti
3192 2109 3627 2173 remanserunt,
3647 2110 3708 2162 et
3731 2105 3844 2163 cito

2187 2195 2552 2252 transierunt
2572 2195 2726 2251 sicut
2745 2198 2803 2251 et
2820 2199 3019 2268 patres
3039 2211 3266 2252 eorum.
3285 2195 3367 2251 De
3393 2193 3524 2252 istis
3553 2195 3701 2252 dicit
3728 2197 3844 2252 Do-

2187 2285 2386 2340 minus
2413 2285 2473 2340 in
2508 2283 2820 2358 Evangelia
2845 2301 2858 2340 :
2885 2307 2913 2335 ‹‹
2939 2284 3248 2342 Generatio
3277 2284 3614 2358 viperarum
3631 2285 3840 2356 (Halm.

2185 2377 2310 2440 xu).
2324 2375 2394 2429 Et
2414 2374 2714 2447 generatio
2737 2362 2950 2430 mala.»
2967 2373 3038 2429 Et
3059 2373 3252 2430 Moses
3270 2390 3320 2429 :«
3337 2374 3648 2432 Generatio
3669 2393 3846 2448 prava

2187 2467 2362 2535 atque
2393 2480 2666 2536 perversa
2682 2465 2857 2532 (Deut.
2878 2464 3116 2533 xxxn).»
3141 2483 3169 2514 κ
3192 2463 3495 2520 Portantes
3523 2481 3707 2536 super
3732 2465 3842 2521 hu-

2185 2569 2380 2608 meros
2402 2554 2813 2624 jumentorum
2841 2552 3078 2608 divitias
3109 2569 3310 2609 suas.»
3331 2551 3450 2625 Ipsi
3477 2557 3684 2625 patres
3710 2570 3843 2609 cum

2185 2641 2310 2698 suis
2329 2641 2468 2698 filiis
2491 2645 2870 2714 portaverant
2883 2640 3273 2698 divitias‘suas
3293 2643 3352 2698 et
3369 2641 3684 2698 thesauros
3703 2659 3841 2699 suos

2185 2747 2363 2804 super
2379 2730 2654 2802 jumenta
2669 2733 2727 2785 et
2747 2745 2926 2802 super
2945 2729 3224 2798 comelos,
3251 2728 3544 2802 fugientes
3563 2731 3637 2786 ad
3665 2747 3846 2804 popu-

2184 2819 2307 2875 lum
2331 2818 2728 2892 IEgyptiorum
2750 2819 2849 2892 qui
2875 2817 2960 2874 eis
2983 2836 3098 2874 non
3131 2817 3386 2891 profuit:
3415 2819 3557 2891 quia
3575 2819 3843 2877 veniente

2184 2907 2741 2976 Nabuchodonosor,
2769 2907 2922 2962 sicut
2939 2907 3068 2979 jam
3091 2907 3314 2963 dictum
3333 2911 3444 2976 est,
3467 2907 3691 2980 pariter
3705 2925 3840 2964 cum

2185 2996 2466 3069 Egyptiis
2506 2995 2565 3050 in
2599 2995 2814 3068 quibus
2852 2997 3246 3065 conﬁdebant,
3277 2997 3448 3064 fame,
3479 2997 3838 3069 captivitate,

2187 3085 2380 3160 gladio
2411 3101 2630 3158 perere.
2664 3088 2942 3158 Egyptus
2971 3085 3129 3141 enim
3157 3085 3379 3141 frustra
3406 3089 3466 3141 et
3495 3084 3674 3141 inane
3703 3103 3840 3158 pro—

502 3196 529 3222 ‹‹
567 3173 758 3227 lerant
787 3172 944 3228 enim
975 3173 1269 3246 principes
1299 3177 1384 3230 tui
1417 3176 1477 3232 iu
1507 3179 1772 3250 Taphnis
1796 3183 1852 3235 et
1883 3182 2073 3236 nuntii
2105 3153 2148 3220 Ο
2188 3153 2351 3230 misit
2381 3173 2661 3229 auxilium
2693 3177 2974 3245 praestare
2995 3173 3133 3244 illis,
3160 3173 3440 3246 quoniam
3461 3177 3523 3229 et
3542 3171 3660 3246 ipsi
3683 3173 3840 3230 simi-

426 3259 516 3317 tui
541 3276 730 3332 usque
761 3261 831 3316 ad
859 3262 1014 3316 Anes
1035 3261 1313 3336 [Thanes]
1342 3272 1782 3336 pervenerunt.»
1808 3268 1921 3324 Iste
1950 3287 2074 3324 ver-

428 3346 649 3405 siculos
669 3347 887 3404 ironice
903 3354 994 3406 est
1011 3349 1314 3424 legendus.
1328 3355 1407 3408 Ac
1429 3354 1477 3409 si
1496 3354 1742 3412 diceret:
1764 3358 2076 3414 Reccssisti

427 3435 556 3493 ideo
589 3455 624 3492 a
652 3453 746 3492 me
776 3440 843 3492 ut
883 3437 1000 3493 ires
1047 3439 1105 3493 in
1156 3440 1436 3512 Taphnis,
1461 3443 1600 3514 quid
1653 3443 1757 3500 tibi
1811 3447 2078 3517 profuit?

427 3527 691 3601 Taphnis
721 3527 926 3584 civitas
972 3532 1062 3584 est
1110 3529 1322 3602 regalis
1373 3533 1619 3605 IEgypti,
1649 3534 1706 3588 in
1757 3552 1873 3606 qua
1919 3537 2074 3610 magi

427 3621 632 3674 contra
662 3617 864 3673 Mosen
893 3615 1063 3690 signa
1092 3618 1372 3676 fecerunt.
1393 3623 1546 3677 Anes
1568 3623 1744 3678 etiam
1766 3625 1970 3682 civitas
1991 3630 2081 3682 est

426 3705 487 3762 in
516 3705 736 3762 finibus
767 3705 1189 3780 ngyptiorum.

500 3817 530 3848 «
543 3795 760 3852 Omnes
773 3795 999 3852 confusi
1015 3801 1154 3852 sunt
1170 3814 1348 3870 suqer
1365 3799 1580 3871 populo
1593 3801 1692 3873 qui
1706 3801 1792 3858 eis
1804 3803 2079 3874 prodesse

425 3903 542 3940 non
565 3885 776 3957 potuit.
793 3906 820 3934 ί(
846 3883 998 3939 Dicit
1020 3885 1228 3941 beatus
1263 3885 1669 3960 Hieronymus,
1685 3891 1825 3963 quia
1844 3894 2078 3964 quando

425 3973 512 4029 illi
535 3973 729 4028 ierunt
749 3973 809 4026 in
827 3973 1136 4044 Egyptum
1159 3975 1232 4028 ad
1256 3973 1550 4030 civitatem
1569 3979 1830 4050 Taphnis
1848 3978 2080 4054 speran-

427 4064 517 4116 tes
547 4057 772 4131 protegi
795 4075 831 4113 a
853 4057 1194 4114 fortitudine
1217 4059 1554 4130 Pharaonis,
1583 4063 1684 4118 ivit
1708 4068 1921 4138 pariter
1942 4087 2076 4124 cum

428 4147 514 4204 eis
535 4146 844 4202 Jeremias.
863 4145 1286 4220 Accipiensque
1308 4166 1554 4222 magnos
1574 4151 1800 4225 lapides
1821 4173 2080 4230 compor-

429 4233 575 4289 tavit
594 4231 726 4288 illos
749 4249 928 4304 super
948 4237 1174 4305 portam
1199 4235 1468 4308 civitatis,
1483 4245 1539 4296 et
1557 4241 1702 4298 dixit
1719 4260 1767 4299 :«
1790 4245 1919 4301 Ilaec
1939 4246 2082 4302 dicit

429 4320 716 4378 Dominus
741 4337 754 4376 :
781 4321 928 4378 Ecce
955 4339 1062 4394 ego
1091 4325 1378 4382 adducam
1409 4328 1946 4390 Nabuchodonosor
1966 4353 2082 4391 ser-

427 4427 566 4466 vum
590 4427 810 4480 meum,
831 4414 890 4466 et
905 4415 1083 4483 ponet
1101 4413 1300 4468 sedem
1318 4433 1485 4472 suam
1507 4435 1686 4491 super
1704 4421 1812 4477 hos
1833 4422 2078 4494 lapides,

2183 3261 2318 3318 liter
2347 3261 2502 3334 capti
2533 3265 2674 3317 sunt
2703 3279 2738 3318 a
2766 3261 3072 3318 Chaldaeis.
3097 3285 3126 3312 «
3157 3263 3290 3318 Ideo
3315 3283 3344 3313 »
3377 3262 3670 3318 subaudis
3700 3263 3838 3335 quia

2188 3373 2217 3403 α
2234 3354 2509 3425 Egyptus
2532 3352 2751 3407 frustra
2769 3349 3161 3406 auxiliabatur
3180 3351 3230 3407 ei
3253 3367 3266 3406 :
3291 3350 3536 3408 clamavi
3559 3351 3838 3424 superbia

2182 3444 2416 3496 tantum
2449 3443 2595 3507 est,»
2619 3437 2904 3495 subaudis
2935 3439 2994 3494 in
3017 3443 3254 3512 Egypto
3284 3442 3342 3496 et
3371 3439 3432 3494 in
3461 3440 3730 3511 potentia
3756 3457 3836 3496 re-

2185 3531 2305 3602 gni,
2330 3533 2388 3585 et
2424 3546 2540 3584 non
2589 3529 2872 3584 fortitudo
2903 3527 3060 3584 belli.
3091 3551 3113 3578 ι
3151 3527 3412 3596 Quiesce,
3436 3550 3464 3579 »
3493 3528 3556 3584 id
3603 3533 3698 3585 est
3744 3528 3834 3585 hic

2187 3633 2359 3673 mane
2383 3615 2445 3671 in
2482 3621 2638 3672 terra
2665 3621 2787 3672 tua.
2820 3615 2943 3672 Vox
2989 3615 3092 3672 Dei
3143 3614 3564 3688 omnipotentis
3594 3617 3672 3672 ad
3704 3617 3832 3673 reli-

2186 3704 2377 3780 quias.
2400 3707 2472 3761 Et
2515 3704 2624 3760 hoc
2653 3705 2810 3778 quod
2839 3704 3205 3778 temporibus
3233 3703 3502 3760 Jeremiaa
3529 3704 3832 3778 impletum

2185 3799 2297 3864 est,
2320 3799 2582 3868 tempore
2615 3793 2776 3850 Isaias
2808 3793 3166 3868 praedicitur.

2260 3906 2288 3935 ‹‹
2305 3885 2472 3940 Nunc
2494 3883 2798 3955 ingressus
2819 3883 3009 3938 scribe
3029 3881 3114 3939 eis
3135 3899 3314 3956 super
3331 3883 3618 3938 buxum.»
3636 3881 3837 3956 Loqui-

2186 3977 2283 4028 tur
2304 3972 2590 4029 Dominus
2613 3972 2686 4027 ad
2715 3971 3031 4028 Jeremiam
3057 3989 3070 4028 :
3095 3972 3140 4027 O
3160 3972 3587 4040 Jeremia,cum
3617 3973 3834 4046 ingres-

2187 4080 2290 4119 sus
2315 4061 2496 4116 fueris
2517 4060 2578 4116 in
2611 4063 2918 4132 Egyptum
2942 4077 3078 4116 cum
3109 4059 3216 4128 eis,
3237 4059 3430 4117 scribe
3450 4060 3760 4134 diligenter
3773 4059 3830 4114 in

2188 4153 2340 4208 buxo
2371 4154 2428 4206 et
2455 4149 2516 4204 in
2547 4149 2696 4205 libro
2727 4148 2838 4205 hoc
2858 4149 3016 4220 quod
3047 4148 3131 4205 eis
3155 4149 3416 4220 praedixi,
3440 4166 3524 4205 un
3554 4167 3673 4206 non
3689 4147 3840 4204 irent

2187 4242 2248 4296 in
2279 4225 2606 4313 Egyptum,
2637 4239 2738 4294 sed
2769 4241 3074 4294 manerent
3121 4237 3180 4292 in
3229 4237 3356 4294 loco
3403 4238 3542 4294 isto.
3565 4239 3636 4295 Et
3661 4251 3838 4311 quare

2187 4329 2458 4404 praecipio
2490 4327 2596 4384 tibi
2628 4327 2882 4384 scribere
2910 4326 3110 4384 istud?
3143 4328 3214 4386 Ut
3249 4331 3612 4401 cognoscant
3636 4341 3838 4383 omnes

2189 4421 2288 4493 qui
2311 4419 2570 4491 legerent
2589 4433 2658 4472 ea
2679 4432 2772 4472 me
2791 4415 2912 4472 illis
2932 4416 3086 4472 bona
3106 4415 3538 4488 permisisse,et
3557 4414 3686 4472 illos
3703 4431 3832 4470 con-

427 4503 488 4557 et
511 4500 965 4573 comprehendet
985 4519 1090 4556 vos
1112 4502 1329 4575 pariter
1347 4521 1480 4561 cum
1503 4508 1780 4565 omnibus
1801 4512 2082 4584 /Egyptiis
2109 4520 2158 4586 D
2186 4513 2278 4566 tra
2306 4524 2402 4564 me
2431 4505 2588 4561 mala
2607 4504 2850 4578 egissent
2875 4506 2946 4561 Et
2973 4503 3086 4560 erit
3106 4528 3134 4554 ››
3161 4504 3279 4561 illis
3303 4504 3600 4577 scriptura
3620 4527 3648 4555 τι
3669 4503 3727 4558 in
3756 4507 3835 4557 te-

427 4588 488 4644 in
521 4587 740 4660 quibus
769 4591 972 4646 conﬁsi
997 4591 1160 4658 estis,
1186 4597 1243 4647 et
1263 4595 1446 4664 peribi
1457 4595 1530 4650 tis
1551 4597 1724 4664 fame,
1747 4600 2081 4672 captivitate

429 4677 603 4746 dura,
632 4681 690 4733 et
716 4677 912 4750 gladio
945 4695 958 4734 :
991 4696 1058 4735 eo
1103 4682 1256 4753 quod
1309 4681 1582 4740 noluistis
1627 4687 1830 4743 audire
1876 4706 2076 4747 vocem

428 4781 645 4822 meam.
679 4770 747 4821 ut
777 4766 1124 4824 habitaretis
1153 4769 1212 4823 in
1246 4773 1400 4826 terra
1426 4775 1678 4828 vestra.»

502 4875 532 4904 «
562 4852 724 4910 Onus
760 4855 1167 4926 jumentorum
1197 4859 1416 4914 Austri.
1446 4883 1468 4910 ιι
1497 4861 1632 4919 Post
1659 4865 1860 4922 docem
1901 4885 2078 4926 onera

427 4942 790 4998 diversarum
823 4943 1112 5016 gentium,
1135 4946 1444 5003 undecimo
1474 4949 1600 5006 loco
1638 4970 1789 5011 onus
1819 4956 2078 5029 reliqua-

430 5050 562 5088 rum
585 5033 838 5088 duarum
861 5033 1124 5088 tribuum
1147 5035 1402 5105 ponitur,
1424 5037 1482 5092 id
1503 5045 1599 5094 est.
1614 5042 1804 5099 tribus
1827 5045 1990 5101 Judze
2021 5051 2079 5104 et

429 5121 736 5193 Benjamin
761 5137 774 5176 :
799 5139 928 5194 quze
955 5129 1364 5180 remanserunt
1383 5126 1558 5183 ducto
1586 5130 1826 5188 Sedecia
1847 5139 1903 5188 et
1923 5137 2078 5208 prin-

429 5209 662 5281 cipibus
689 5209 888 5282 populi
921 5209 981 5266 in
1013 5210 1386 5283 Babylonem.
1412 5215 1520 5280 Qui
1552 5217 1681 5274 ideo
1702 5221 1974 5291 jumenta
2002 5226 2076 5282 ob

430 5297 522 5353 sui
553 5297 1065 5355 insensibilitatem
1089 5301 1477 5373 appellantur,
1504 5306 1642 5377 quia
1663 5308 1957 5382 ﬂagellum
1974 5315 2076 5369 Dei

432 5383 542 5440 sibi
585 5386 816 5443 instans
855 5405 968 5444 non
1018 5389 1456 5447 declinaverunt
1500 5411 1604 5466 per
1650 5400 2075 5468 paenitentiam.

435 5471 597 5529 Unde
617 5475 677 5529 in
699 5475 925 5548 psalmo
945 5477 1188 5550 legitur:
1213 5479 1394 5536 Homo
1416 5499 1551 5538 cum
1577 5482 1637 5538 in
1662 5483 1882 5543 honore
1901 5495 2076 5560 esset,

434 5566 809 5634 comparatus
829 5565 1220 5636 estjumentis
1239 5567 1654 5640 insipientibus
1674 5574 1844 5644 (Psal.
1864 5580 2078 5654 vam).

2189 4596 2535 4655 stimonlum
2564 4595 2626 4650 in
2656 4595 2752 4650 die
2797 4593 3138 4664 novissimo,
3165 4617 3194 4644 »
3225 4594 3284 4649 id
3308 4597 3408 4650 ‘est
3465 4594 3529 4650 in
3582 4599 3837 4666 tempore

2185 4687 2367 4760 hujus
2397 4681 2923 4741 consummationis
2953 4699 3089 4738 cum
3118 4681 3343 4740 venerit
3373 4682 3839 4739 Nabuchodono-

2187 4794 2285 4833 sor
2313 4791 2491 4847 super
2525 4775 2855 4846 Egyptum,
2888 4775 2946 4828 et
2976 4771 3486 4844 comprehenderit
3525 4774 3646 4828 tam
3673 4775 3838 4842 m-

2185 4865 2338 4938 ptios
2361 4878 2537 4934 quam
2569 4859 2703 4915 illos
2732 4857 2834 4930 qui
2877 4859 2951 4914 ad
2991 4875 3195 4915 eorum
3241 4857 3530 4914 auxilium
3561 4857 3838 4928 confuge-

2186 4957 2338 5020 rant,
2360 4975 2387 5002 ‹‹
2421 4953 2480 5006 et
2509 4964 2698 5020 usque
2729 4947 2788 5003 in
2821 4951 3106 5004 aeternum
3135 4945 3480 5004 memoriale
3507 4946 3622 5004 erit
3649 4942 3840 5003 omni-

2185 5044 2297 5099 bus
2317 5061 2344 5093 »
2379 5037 2712 5112 legentibus
2742 5035 2862 5092 sive
2891 5035 3290 5093 audientibus.

2257 5155 2284 5181 ‹‹
2310 5127 2568 5200 Populus
2597 5127 2755 5182 enim
2785 5126 2858 5182 ad
2889 5124 3255 5182 iracundiam
3285 5141 3612 5198 provocans
3639 5125 3742 5190 est,
3769 5123 3843 5176 et

2185 5221 2289 5276 ﬁlii
2304 5214 2926 5274 mendaees.Judaicus
2938 5213 3192 5287 populus
3207 5231 3324 5270 non
3339 5213 3534 5270 solum
3550 5213 3840 5277 ineremo,

2186 5311 2288 5366 sed
2311 5308 2486 5364 etiam
2508 5305 2568 5360 in
2590 5307 2745 5360 terra
2765 5302 2876 5358 sibi
2898 5304 3035 5359 data
3049 5319 3084 5358 a
3104 5302 3369 5370 Domino,
3383 5319 3619 5376 semper
3633 5300 3700 5356 ad
3723 5298 3848 5353 ira-

2187 5395 2464 5456 cundiam
2486 5393 2802 5449 Dominum
2825 5407 3138 5464 provocare
3161 5395 3405 5468 paratus
3427 5391 3560 5448 fuit.
3592 5385 3848 5446 Mendax

2188 5487 2345 5546 enim
2377 5483 2508 5550 fuit,
2544 5480 2778 5552 quando
2809 5479 2992 5535 dixit:
3019 5502 3041 5531 α
3077 5479 3291 5536 Omnia
3319 5496 3450 5552 qua:
3487 5479 3711 5536 locutus
3733 5476 3851 5529 est

2189 5574 2497 5639 Dominus,
2516 5569 2800 5626 faciemus
2821 5568 3010 5640 (Exod.
3029 5569 3203 5641 xxxv).
3227 5591 3248 5619 ιι
3271 5569 3342 5626 Et
3369 5568 3570 5626 statim
3597 5577 3846 5625 conver-
