4090 6192
437 398 554 458 867

858 393 1269 455 HAYMONIS
1301 390 1846 453 HALBEBSTAT.
1883 387 2128 450 EPlSC.
2165 389 2336 450 OPP.
2374 388 2573 449 PARS
2604 388 2652 447 Ι.
2685 418 2765 434 -
2793 385 3199 448 COMMENT.
3227 385 3430 446 BIBL.

3734 383 3850 444 868

436 535 530 588 tos
559 531 863 586 credentes
884 525 1137 600 legimus
1157 524 1444 581 clamasse
1470 525 1540 580 ad
1565 522 1968 590 Dominum,et
1995 525 2082 576 ta-
2111 520 2168 589 Α
2195 526 2254 577 et
2284 537 2388 593 ego
2410 525 2666 576 revertar
2715 521 2784 576 ad
2836 537 2940 576 vos
2969 519 3154 588 (Zach.
3189 519 3248 590 l),
3279 521 3336 574 et
3378 515 3744 572 revertimini
3779 515 3850 572 ad

437 637 569 676 men
588 636 704 673 non
728 615 925 672 statim
950 614 1256 670 exauditos
1278 614 1634 670 esse.0ravit
1647 613 1854 668 beatus
1878 612 2097 666 Paulus

439 711 504 764 ut
550 705 846 762 auferetur
892 704 964 759 ab
1017 720 1084 758 eo
1139 702 1382 775 spiritus
1429 703 1658 757 Satanae
1699 702 1770 770 (II
1799 701 1920 757 Cor.
1971 703 2094 771 κει),

436 796 535 850 sed
569 799 760 849 tamen
796 809 910 848 non
935 793 1284 847 obtinuitl‘lt
1307 809 1486 863 quare
1509 791 1618 845 hoc
1637 791 1664 845 ?
1695 791 1773 844 Ne
1805 789 2096 862 magnitu-

435 883 571 938 dine
602 881 1020 953 revelatipnem
1051 880 1584 936 extolleretux-Jdeo
1617 880 1792 934 etiam
1816 879 1962 934 solet
1992 877 2097 933 dif-

434 971 570 1028 ferri
594 976 796 1028 nostra
843 969 1180 1043 postulatio,
1225 973 1290 1024 ut
1346 968 1655 1042 praemium
1701 967 1958 1040 amplius
1991 985 2093 1040 pro

435 1059 866 1134 perseverantia
895 1058 1220 1132 capiamus.

507 1173 535 1200 ‹‹
559 1151 630 1204 Et
659 1149 824 1205 dabit
839 1148 1006 1204 vobis
1029 1147 1313 1203 Dominus
1327 1163 1536 1219 panem
1555 1151 1779 1202 arctum
1803 1150 1861 1201 ct
1873 1161 2090 1217 aquam

435 1239 690 1295 brevem.
718 1260 746 1288 »
775 1237 988 1292 Dicunt
1009 1236 1252 1302 Hebrzei,
1285 1236 1425 1308 quia
1446 1235 1677 1308 quando
1700 1235 1918 1308 egressi
1953 1238 2094 1290 sunt

435 1329 508 1383 de
537 1326 892 1398 captivitate,
926 1341 1138 1398 panem
1157 1330 1385 1380 arctam
1405 1329 1461 1380 et
1477 1319 1700 1396 aquam
1715 1323 2091 1392 brevem,hoc

435 1419 527 1471 est
555 1415 813 1488 inepiam
839 1413 953 1470 cibi
986 1418 1044 1468 et
1073 1417 1267 1484 potus,
1301 1414 1654 1480 habuerunt,
1686 1412 1950 1468 volentes
1980 1412 2090 1467 hoc

436 1504 650 1559 referre
679 1505 751 1558 ad
783 1520 865 1558 se.
895 1503 1008 1558 Sed
1039 1503 1181 1556 dicit
1225 1503 1434 1558 beatus
1469 1502 1862 1574 Hieronymus
1892 1501 2089 1574 potius

437 1592 807 1649 referendum
831 1608 960 1647 esse
991 1591 1062 1646 ad
1095 1591 1401 1664 populum,
1433 1591 1494 1646 in
1527 1591 1752 1646 unitate
1784 1591 1916 1646 ﬁdei
1948 1607 2086 1645 con-

437 1684 765 1753 gregatum.
791 1680 896 1734 Per
918 1697 1126 1752 panem
1149 1696 1284 1752 ergo
1301 1683 1358 1736 et
1373 1695 1588 1751 aquam
1607 1677 1957 1750 intelligitur
1977 1677 2088 1732 isto

435 1769 496 1824 in
529 1768 653 1825 loco
683 1768 950 1825 doctrina
979 1768 1312 1841 evangelica
1353 1786 1480 1840 qua:
1520 1772 1681 1822 arcta
1709 1771 1798 1822 est
1827 1767 1899 1821 ad
1923 1783 2086 1821 com-

434 1859 796 1931 parationem
831 1857 993 1930 legis.
1023 1857 1172 1924 Quid
1194 1856 1348 1912 enim
1383 1857 1625 1921 arctius,
1647 1872 1824 1927 quam
1857 1855 1915 1908 in
1951 1855 2088 1909 duo-
2117 1890 2165 1954 Β

434 1947 546 2002 bus
576 1947 870 2002 mandatis
891 1945 1078 2019 legem
1109 1949 1167 2002 ct
1189 1945 1504 2018 prophetas
1519 1944 1837 2000 consistere
1856 1943 2082 1998 ?Domi-

435 2053 549 2092 nus
585 2036 728 2090 dicit
760 2036 817 2089 in
852 2034 1200 2107 Evangelio:
1242 2058 1262 2083 ι
1299 2033 1518 2106 Diliges
1550 2032 1862 2088 Dominum
1897 2033 2081 2086 Deum

433 2128 604 2180 tuum
626 2141 695 2178 ex
725 2128 846 2178 toto
881 2125 1051 2178 corde
1093 2125 1214 2187 tuo,
1239 2126 1295 2176 et
1344 2121 1672 2193 proximum
1727 2125 1896 2175 tuum
1931 2120 2084 2175 sicut

433 2212 688 2283 teipsum
718 2210 946 2282 ((ΜαιεΙι.
981 2210 1140 2282 xxn).
1179 2233 1205 2259 ››
1237 2211 1308 2265 Et
1337 2209 1594 2264 addidit:
1630 2209 1693 2262 In
1724 2207 1818 2264 his
1849 2209 2082 2264 duobus

434 2299 730 2353 mandatis
749 2303 871 2353 tota
901 2297 992 2352 lex
1016 2299 1229 2370 pendet
1257 2302 1314 2352 et
1333 2297 1626 2368 prophetae
1655 2297 1862 2369 (Ibid)
1889 2296 2084 2351 Scien-

419 2386 574 2460 dum
595 2389 870 2456 praeterea
887 2385 1026 2456 quia
1041 2389 1244 2440 sancta
1261 2385 1562 2456 Scriptura
1575 2384 1892 2456 aliquando
1913 2384 2080 2440 nobis

433 2478 524 2529 est
545 2473 734 2546 panis,
759 2472 1074 2544 aliquando
1107 2473 1410 2544 aqua.lllis
1454 2472 1611 2528 enim
1643 2472 1702 2528 in
1736 2473 1879 2529 locis
1910 2473 2080 2545 panis

433 2566 542 2629 est,
578 2562 676 2616 ubi
711 2562 999 2634 profunda
1029 2567 1088 2616 et
1109 2562 1337 2616 occulta
1367 2563 1940 2634 suntmysteriaqnm
1965 2579 2079 2617 non

433 2650 600 2706 facile
626 2651 841 2706 anobis
864 2650 1399 2722 intelliguntur,sed
1425 2650 1592 2722 quasi
1610 2653 1942 2706 mandendo
1958 2650 2082 2727 glu-

430 2743 678 2806 tiuntur,
713 2744 778 2795 ut
825 2745 916 2796 est
943 2740 1122 2796 illud:
1151 2765 1178 2790 ‹‹
1213 2741 1274 2796 In
1323 2740 1608 2813 principio
1654 2745 1778 2796 erat
1822 2741 2076 2796 Verbum

431 2833 608 2900 (Joan.
639 2829 700 2902 ι).
736 2853 764 2878 ››
793 2831 959 2902 Aqua
979 2847 1112 2886 vero
1143 2834 1401 2898 est,cum
1438 2830 1604 2886 facile
1637 2831 1888 2902 capitur,
1925 2831 2080 2886 sicut

428 2924 519 2976 est
549 2919 889 2992 superﬁcies
917 2919 1304 2987 litteralis,vel
1334 2924 1536 2992 aperta
1566 2919 1866 2992 mysteria,
1893 2924 1960 2974 ut
1990 2924 2079 2976 est

429 3009 611 3064 illud:
647 3031 676 3058 «
710 3009 881 3064 Pater
910 3012 1107 3064 noster
1135 3008 1236 3080 qui
1269 3025 1332 3064 es
1361 3009 1420 3062 in
1450 3007 1630 3064 caelis.
1667 3031 1693 3058 »

501 3121 530 3148 «
561 3099 630 3153 Et
661 3115 776 3153 non
795 3098 966 3153 faciet
985 3097 1212 3154 avolare
1229 3102 1334 3152 ate
1349 3097 1500 3153 ultra
1526 3099 1820 3152 doctorem
1851 3102 2074 3153 tuum.»

429 3186 644 3240 Doctor
661 3190 859 3240 noster
883 3185 1153 3240 Christus
1183 3190 1290 3250 est,
1335 3186 1436 3256 qui
1471 3202 1578 3241 nos
1609 3187 1777 3240 docet
1806 3185 2078 3242 intrinse-

2206 626 2298 664 me
2332 609 2388 663 in
2420 613 2541 664 toto
2561 609 2733 664 corde
2749 611 2941 664 vestro
2961 611 3083 662 :nut
3101 607 3193 662 his
3207 605 3711 662 admonitionibus
3724 604 3852 660 ﬂexi

2205 698 2496 754 anteriora
2525 702 2816 770 petamus.
2845 719 2874 747 α
2906 697 3035 752 Haec
3065 699 3154 752 est
3173 695 3284 761 via,
3321 719 3348 744 »
3372 696 3430 750 id
3460 699 3572 762 est,
3604 693 3742 750 fidei
3769 711 3852 749 re.

2205 787 2428 842 ctitndo
2452 805 2576 858 qua:
2609 791 2698 841 est
2753 785 3023 841 Christus
3057 809 3083 835 α·
3125 784 3423 840 ambulate
3465 784 3525 838 in
3557 801 3647 838 ea.
3685 805 3714 832 ››
3739 782 3856 838 Vox

2203 875 2416 930 Christi
2439 877 2510 931 ad
2561 876 2884 941 credentes,
2905 875 3150 930 hortans
3193 873 3324 928 illos
3355 877 3420 927 ut
3449 872 3762 944 proﬁciant
3787 872 3855 927 de

2201 965 2418 1020 virtute
2451 965 2508 1018 in
2539 965 2837 1019 virtutem.
2871 963 3002 1018 limo
3022 967 3112 1019 est
3131 961 3307 1028 via,id
3339 961 3736 1028 est,Christus
3758 961 3854 1032 qui

2203 1053 2348 1108 dixit
2375 1053 2436 1108 in
2467 1052 2842 1125 Evangeliom
2875 1053 2994 1124 Ego
3026 1067 3159 1106 sum
3179 1049 3340 1106 viaet
3358 1049 3574 1105 veritas
3601 1053 3663 1105 et
3679 1049 3853 1104 vita.»

2201 1142 2349 1208 Quid
2378 1146 2470 1198 est
2493 1140 2868 1197 ambularein
2891 1138 3126 1206 via,uisi
3139 1137 3432 1196 Christum
3457 1137 3678 1193 imitari
3693 1137 3852 1210 ?lpse

2200 1247 2456 1302 namque
2485 1230 2657 1286 dixit:
2693 1253 2718 1278 «
2753 1229 2815 1284 Si
2843 1227 2934 1284 vis
2959 1229 3255 1300 perfectus
3287 1243 3435 1298 esse,
3467 1226 3637 1292 vade,
3669 1227 3852 1282 vende

2200 1320 2398 1375 omnia
2419 1337 2546 1392 quia
2575 1319 2780 1388 babes,
2807 1322 2864 1373 et
2879 1334 3124 1390 sequere
3173 1333 3268 1372 me
3295 1315 3502 1385 (Matth.
3530 1316 3675 1388 χιχ).
3713 1339 3742 1364 ι»
3761 1316 3850 1385 Et,

2199 1407 2298 1480 qui
2331 1409 2475 1464 mihi
2506 1408 2806 1464 ministrat
2834 1424 2928 1463 me
2959 1406 3324 1478 sequatur,id
3347 1410 3542 1462 estme
3563 1403 3849 1460 imitetur.

2273 1498 2522 1570 «Neque
2543 1497 2616 1552 ad
2648 1498 2947 1552 dexteram
2963 1512 3154 1568 neque
3178 1495 3251 1550 ad
3282 1493 3584 1550 sinistram
3599 1493 3854 1549 decline-

2197 1585 2295 1640 tis.
2328 1607 2358 1638 »
2388 1586 2686 1652 Quomodo
2744 1589 2939 1658 potest
2978 1583 3195 1656 aliquis
3225 1584 3298 1638 ad
3350 1584 3648 1638 dexteram
3670 1583 3852 1638 decli-

2197 1675 2383 1736 nare?
2413 1675 2688 1746 Nunquid
2722 1675 2771 1729 si
2801 1691 2905 1746 per
2925 1674 3221 1728 dexteram
3247 1672 3531 1738 ambulat,
3562 1689 3683 1728 non
3715 1687 3850 1744 gra-

2195 1763 2358 1819 ditur
2383 1769 2536 1820 recte
2557 1765 2586 1819 ‘I
2616 1763 2893 1819 Salomon
2944 1778 3198 1834 namque
3229 1761 3402 1816 dixit:
3437 1785 3465 1811 ‹‹
3498 1761 3638 1816 Vias
3658 1778 3789 1832 qum
3823 1778 3852 1816 ιι

2196 1853 2414 1908 dextris
2437 1857 2576 1909 sunt
2596 1852 2753 1907 novit
2784 1851 3072 1907 Dominus
3101 1852 3284 1919 (Prov.
3309 1849 3562 1921 Iv).»Sed
3596 1850 3720 1922 ipse
3737 1850 3851 1906 alio

2195 1940 2401 1996 inloco
2433 1941 2718 1998 ostendit:
2753 1940 2893 2013 quid
2948 1941 3026 1995 sit
3081 1939 3375 1995 declinare
3415 1939 3486 1994 ad
3519 1939 3842 2006 dexteram,

2200 2047 2334 2085 cum
2367 2030 2528 2086 dicit.
2564 2031 2644 2086 Ne
2674 2029 2758 2085 sis
2788 2029 3042 2084 multum
3087 2029 3344 2100 sapiens,
3366 2044 3555 2100 neque
3585 2028 3670 2083 sis
3695 2027 3847 2084 mul-

2199 2120 2354 2189 tuinj
2369 2124 2553 2175 ustus.
2579 2120 2795 2192 (Eccles.
2831 2121 2933 2186 v1).
2969 2118 3179 2172 Omnia
3209 2117 3367 2172 enim
3399 2133 3532 2173 cum
3567 2133 3850 2173 mensura

2197 2208 2352 2263 bona
2381 2209 2630 2263 sunt.Ad
2661 2209 2958 2264 dexteram
2973 2223 3110 2280 ergo
3129 2206 3509 2278 declinat,qui
3542 2205 3696 2261 ultra
3715 2223 3848 2262 san-

2191 2301 2347 2352 ctam
2363 2297 2769 2369 religiosorum
2792 2294 3290 2352 conversationem
3309 2293 3616 2367 praetendit
3632 2295 3850 2350 sancti-

2191 2390 2391 2440 tatem.
2426 2385 2520 2440 Sic
2571 2385 2770 2456 itaque
2801 2385 2973 2440 debet
3006 2383 3415 2455 unusquisque
3438 2384 3647 2453 justus
3679 2399 3850 2456 appa-

2191 2489 2335 2540 rere,
2360 2480 2424 2528 ut
2452 2475 2524 2529 de
2557 2473 2656 2529 illo
2707 2473 2991 2528 veraciter
3046 2471 3233 2544 possit
3261 2472 3396 2539 dici,
3445 2473 3599 2544 quod
3644 2473 3719 2526 de
3753 2474 3848 2528 Za-

2189 2561 2388 2616 charia
2417 2566 2473 2616 et
2505 2561 2794 2617 Elisabeth
2831 2561 3055 2616 dictum
3106 2565 3195 2616 est
3213 2562 3364 2629 (Luc.
3381 2565 3454 2629 1):
3484 2583 3512 2609 α
3537 2561 3721 2616 Erant
3741 2579 3843 2616 au-

2188 2655 2303 2705 tem
2328 2650 2477 2721 justi
2510 2651 2682 2706 ambo
2714 2655 2847 2704 autc
2869 2651 3076 2717 Deum,
3110 2649 3442 2704 incedentes
3473 2650 3532 2703 in
3563 2649 3843 2706 omnibus

2187 2739 2480 2794 mandatis
2513 2739 2766 2809 Domini,
2799 2739 2926 2794 sine
2948 2738 3359 2810 querela,»hoc
3387 2737 3619 2794 estsine
3642 2755 3840 2810 repre-

2187 2827 2488 2884 hensione.
2533 2829 2615 2882 Ad
2662 2825 2963 2882 sinistram
3017 2830 3214 2882 autem
3265 2826 3558 2883 declinare
3605 2832 3735 2882 est:
3769 2828 3839 2882 de

2187 2918 2336 2973 bono
2369 2916 2598 2972 deviare
2615 2917 2688 2972 ad
2716 2915 2960 2970 malum.
2986 2915 3292 2988 Nihilergo
3316 2914 3836 2987 meliusest,quam

2187 3006 2347 3079 regia
2373 3005 2467 3061 via
2495 3005 2904 3077 gradiendum.
2937 3028 2964 3054 α
3009 3006 3079 3060 Et
3117 3003 3543 3061 contaminabis
3581 3002 3834 3060 laminas

2185 3094 2550 3166 sculptilium
2591 3093 2816 3167 argenti
2863 3093 2972 3148 tui.
3009 3116 3035 3142 »
3069 3091 3354 3165 Loquitur
3375 3109 3568 3148 sermo
3599 3093 3834 3149 divinus

2188 3184 2462 3256 gentibus
2484 3184 2554 3238 ad
2571 3184 2746 3238 fidem
2767 3181 3294 3254 venientibus,quae
3316 3181 3662 3237 idololatriae
3680 3183 3835 3238 dedi-

412 3289 535 3328 cus
557 3273 910 3344 (Greg.).Nisi
945 3273 1228 3329 Dominus
1249 3253 1742 3330 cor‘illustraverit
1761 3275 2074 3348 audientis,
2107 3256 2150 3323 C
2189 3253 2260 3326 tae
2291 3275 2474 3340 erant,
2501 3272 2764 3342 jacentes
2797 3271 2854 3324 in
2885 3253 3196 3325 volutabra
3218 3269 3519 3324 vitiorum.
3552 3270 3598 3326 Ο
3622 3269 3832 3342 popule

427 3360 489 3416 in
520 3376 736 3415 vanum
770 3360 996 3416 laborat
1019 3361 1222 3434 lingua
1255 3361 1536 3418 docentis.
1579 3363 1705 3417 Non
1737 3363 1909 3419 faciet
1937 3381 2073 3437 ergo

430 3446 677 3516 avolare,
711 3448 820 3503 hoc
850 3452 940 3504 est
969 3450 1238 3504 recedere
1267 3467 1302 3504 a
1331 3453 1385 3503 te
1405 3450 1557 3506 Deus
1588 3450 1772 3517 Pater,
1808 3470 1840 3507 ο
1863 3453 2074 3524 popule

427 3536 774 3606 Christiane,
799 3537 955 3593 ultra
984 3539 1278 3594 doctorem
1319 3543 1509 3606 tuum,
1535 3539 1634 3611 qui
1666 3544 1904 3612 propter
1941 3559 2072 3614 pec-

425 3629 623 3682 catum
656 3626 923 3683 Ecclesia)
955 3644 1068 3682 non
1101 3627 1388 3683 abstrahit
1409 3627 1594 3684 lilium
1615 3629 1686 3683 ab
1707 3645 1774 3683 ea
1799 3647 1902 3701 per
1921 3647 2074 3686 com-

427 3732 666 3771 munem
695 3733 1046 3773 consensum
1070 3716 1378 3788 utriusque
1411 3734 1670 3788 personae
1703 3718 2067 3785 l)eitatis,scd

426 3805 594 3860 docet
623 3822 726 3878 per
777 3805 1070 3862 internam
1119 3805 1590 3876 inspirationcm:
1635 3807 1790 3878 quod
1840 3808 2070 3878 plenius

427 3894 786 3967 implebitur,
810 3897 1043 3968 quando
1087 3895 1196 3950 erit
1239 3897 1394 3951 Deus
1451 3895 1652 3951 omnia
1697 3896 1752 3950 in
1793 3896 2069 3954 omnibus

425 3984 474 4056 (1
501 3987 626 4041 Cor.
657 3985 770 4056 xv),
803 3989 1021 4040 etcum
1071 3984 1168 4039 illo
1219 3984 1346 4040 sine
1396 3985 1509 4038 ﬁne
1559 3985 1906 4056 regnabant.
1937 4009 1964 4035 «
1999 3987 2071 4041 Et

425 4076 601 4129 erunt
629 4073 782 4127 oculi
805 4073 912 4141 tui,
947 4095 976 4122 ››
1007 4073 1121 4130 hoc
1140 4077 1229 4128 est
1259 4073 1407 4128 oculi
1443 4074 1656 4130 mentis
1686 4078 1794 4129 tua;
1821 4096 1848 4125 α
1869 4075 2068 4130 viden-

426 4164 516 4216 tes
545 4163 956 4231 praeceptorem
987 4164 1178 4231 tuum,
1216 4183 1243 4210 ι)
1275 4161 1468 4232 ipsum
1513 4163 1714 4218 Jesum
1746 4163 2063 4220 Christum.

427 4247 598 4302 Modo
628 4246 886 4302 Ecclesia
915 4264 1018 4320 per
1063 4249 1277 4304 mentis
1327 4249 1878 4322 contemplationem
1915 4252 2072 4308 videt

427 4334 611 4390 Deum
642 4335 703 4390 in
733 4351 856 4408 spe,
878 4339 1019 4391 tunc
1049 4341 1246 4392 autem
1279 4336 1496 4392 videbit
1526 4337 1585 4392 in
1614 4337 1896 4410 idipsum.

2183 3360 2532 3425 Christiane,
2557 3376 2692 3414 cum
2721 3359 2986 3415 venerint
3029 3357 3276 3430 apostoli
3308 3357 3422 3413 mei
3448 3358 3832 3430 praedicantes

2182 3449 2344 3523 regni
2377 3447 3076 3517 verbum,contaminabis
3104 3451 3190 3515 tu,
3213 3446 3324 3503 hoc
3351 3450 3441 3503 est
3467 3449 3831 3504 contamina-

2181 3543 2302 3593 tam
2315 3538 2588 3610 projicies
2608 3537 3097 3605 omnem,scilicet
3116 3535 3657 3603 idololatriam,tam
3679 3536 3828 3592 scul-

2181 3627 2320 3700 ptile
2352 3643 2528 3699 quam
2561 3625 2852 3682 conﬂatile
2882 3644 2952 3682 ex
2981 3643 3122 3681 auro
3151 3624 3236 3680 vel
3273 3629 3542 3698 argento,
3572 3642 3710 3681 cum
3739 3642 3824 3682 ve-

2181 3717 2392 3781 stibus,
2417 3715 2476 3770 id
2506 3719 2597 3770 est
2617 3732 2750 3770 cum
2774 3715 3051 3771 omnibus
3071 3713 3506 3770 ornamentisin
3521 3713 3826 3770 locumim-

2179 3807 2358 3861 mund
2371 3804 2862 3877 um,etdisperges
2875 3803 3211 3858 minutatim
3225 3802 3824 3859 sicutimmunditiam

2180 3897 2556 3950 menstruatae
2587 3891 2876 3948 mulieris.
2911 3915 2940 3942 «
2975 3893 3262 3964 Egredere
3291 3895 3349 3946 ct
3379 3892 3542 3948 dices
3563 3892 3637 3948 ei.
3664 3914 3690 3941 η
3710 3893 3822 3947 Vox

2178 3983 2277 4037 Dei
2310 3981 2754 4054 omnipotentis.
2789 3982 2834 4036 Ο
2869 3981 3020 4036 Isaia
3058 3979 3145 4036 vel
3168 3979 3423 4036 Jeremia
3452 3982 3748 4054 egredere,
3769 3985 3822 4036 et

2178 4069 2272 4126 dic
2303 4069 2516 4142 populo
2546 4069 2898 4126 Christiano.

2249 4183 2279 4209 ‹‹
2313 4161 2382 4214 Et
2409 4159 2646 4214 dabitur
2675 4158 2872 4232 pluvia
2901 4158 3112 4214 semini
3141 4159 3633 4232 tuo,ubicumque
3651 4160 3819 4216 semi-

2178 4247 2408 4305 naveris
2427 4248 2488 4302 in
2517 4252 2692 4304 terra.
2729 4270 2758 4298 ››
2805 4247 3090 4320 Propheta
3144 4246 3407 4320 loquitur
3435 4249 3508 4304 de
3527 4249 3817 4321 gentibus.

2179 4336 2439 4393 Pluviam
2461 4335 2718 4408 appellat
2727 4336 2974 4408 gratiam
2990 4336 3175 4392 sancti
3190 4335 3682 4409 Spiritus.Semen
3695 4352 3818 4393 vero

502 4445 524 4474 α
556 4424 626 4480 Et
649 4441 820 4482 aures
861 4427 972 4481 tuae
1017 4423 1256 4481 audient
1299 4441 1498 4480 vocem
1533 4430 1666 4498 post
1693 4431 1923 4499 tergum
1953 4446 2072 4486 mo-
2175 4427 2419 4482 verbum
2452 4424 2750 4480 doctrinae.
2779 4426 2859 4479 Ac
2891 4423 2940 4480 si
2971 4424 3188 4481 diceret
3233 4423 3366 4481 aliis
3394 4425 3625 4482 verbis:
3649 4425 3692 4481 0
3721 4425 3818 4480 Ec-

427 4513 641 4570 nentis.
677 4535 706 4564 ››
737 4515 979 4580 Quando
1003 4512 1376 4588 omnipotens
1413 4514 1568 4570 Deus
1598 4513 1853 4586 primum
1887 4516 2069 4573 homi-

2178 4512 2356 4569 clesia
2385 4513 2455 4569 de
2479 4512 2752 4585 gentibus
2780 4516 3152 4586 congregata,
3184 4513 3422 4568 dabitur
3448 4513 3642 4586 gratia
3667 4511 3819 4568 θεειο-

426 4617 560 4656 nem
593 4602 857 4658 condidit
877 4621 912 4658 a
933 4620 1048 4676 quo
1078 4619 1284 4660 omnes
1303 4603 1588 4676 originem
1607 4603 1900 4672 ducimus,
1934 4623 2068 4662 san-
2100 4621 2146 4686 Ι)
2177 4603 2284 4660 stis
2313 4602 2588 4658 doctrina:
2621 4606 2754 4668 ture,
2787 4605 2852 4656 ut
2882 4601 3818 4674 ubicumque-,idestinquamcun-

425 4693 585 4746 ctum
611 4692 964 4764 justumque
996 4708 1236 4764 corpore
1269 4696 1326 4748 et
1360 4691 1575 4759 anima,
1608 4693 1668 4748 in
1702 4693 1905 4749 faciem
1939 4695 2068 4766 ejus

423 4777 656 4835 loeutus
684 4783 774 4834 est
795 4779 1022 4836 dicens:
1055 4804 1081 4830 ‹‹
1117 4781 1370 4836 Crescite
1399 4785 1454 4836 et
1488 4781 1981 4854 multiplicamini,
2013 4788 2070 4838 et

423 4866 639 4940 replete
669 4871 885 4922 terram
909 4868 1060 4940 (Gen.
1097 4887 1132 4935 ι,
1168 4871 1250 4936 ιιι)
1305 4893 1332 4918 ››
1363 4869 1507 4924 Cum
1543 4875 1739 4927 autem
1771 4875 2070 4942 peccasset

423 4957 713 5030 gustando
771 4957 842 5012 de
901 4957 1028 5012 cibo
1078 4957 1188 5012 sibi
1245 4956 1572 5025 interdicto,
1620 4959 1788 5031 quasi
1827 4961 2068 5015 dorsum

422 5045 655 5102 Christo
686 5046 996 5116 opposuit:
1033 5046 1171 5116 quia
1203 5052 1470 5119 propeter
1494 5053 1796 5118 peccatum
1829 5066 2003 5103 suum
2037 5067 2072 5104 a

420 5133 612 5207 primo
639 5139 794 5190 statu
817 5133 1120 5207 dignitatis
1152 5134 1338 5190 ruisse
1361 5152 1422 5190 se
1445 5135 1621 5200 novit,
1644 5140 1701 5190 et
1723 5137 1846 5206 jam
1877 5137 2070 5192 nonin

422 5222 586 5292 facie,
619 5223 722 5279 sed
754 5229 885 5294 post
907 5229 1136 5297 tergum
1155 5223 1378 5280 audivit
1398 5223 1713 5278 Dominum
1743 5225 2060 5281 dicentem:

423 5333 452 5360 ‹‹
478 5311 785 5367 Maledicta
814 5315 966 5366 terra
997 5312 1057 5366 in
1087 5329 1258 5384 opere
1289 5315 1410 5366 tuo.
1449 5333 1474 5358 ι)
1506 5311 1566 5366 In
1590 5312 1760 5383 cujus
1787 5329 1922 5366 casu
1959 5329 2066 5367 nos

421 5415 624 5456 omnes
653 5404 806 5456 retro‘
839 5399 1071 5466 ivimus,
1105 5400 1244 5472 quia
1286 5403 1553 5472 peccator
1583 5405 1640 5455 et
1668 5405 2068 5474 trausgressor

421 5489 832 5545 mandatorum
865 5488 1322 5561 Dei,peccalores
1351 5492 1408 5542 et
1427 5491 1892 5561 transgressores
1916 5489 2066 5544 ﬁlios

420 5575 643 5646 genuit.
667 5577 779 5632 Sed
815 5577 1214 5633 diciturnobis
1245 5577 1560 5632 aChristo:
1595 5601 1623 5627 «
1661 5577 2065 5633 Pmnitentiam

419 5662 574 5739 agite
602 5663 807 5736 (Matth.
840 5665 948 5742 1v):
985 5689 1013 5719 »
1035 5671 1094 5724 et
1112 5667 1356 5726 iterum:
1393 5688 1420 5716 ‹‹
1441 5665 1857 5724 Convertimini
1887 5667 1958 5722 ad
1972 5683 2068 5724 me

2176 4707 2291 4763 que
2321 4694 2554 4763 gentem
2582 4689 3051 4762 praedicationem
3073 4695 3236 4746 tuam
3266 4689 3578 4758 infuderis,
3601 4691 3815 4746 emittet

2177 4781 2435 4834 fructum
2465 4779 2628 4834 bona:
2656 4779 3032 4850 operationis.
3069 4803 3094 4829 ‹‹
3108 4779 3179 4834 Et
3207 4778 3378 4850 panis
3398 4779 3639 4852 frugum
3661 4783 3814 4834 terra!

2177 4869 2288 4923 erit
2317 4867 2651 4923 uberrimus
2681 4871 2739 4922 et
2782 4867 3041 4939 pinguis.
3079 4891 3104 4916 ››
3137 4867 3310 4924 Panis
3339 4873 3542 4924 noster
3559 4866 3814 4924 Christus

2177 4961 2269 5012 est
2297 4957 2398 5028 qui
2431 4955 2603 5011 dicit:
2629 4978 2656 5004 «
2693 4956 2812 5027 Ego
2869 4973 3001 5010 sum
3044 4955 3212 5027 panis
3261 4955 3427 5012 vivus
3451 4957 3628 5027 (Joan.
3659 4959 3756 5023 xu).
3789 4976 3812 5001 »

2179 5030 2445 5120 Christus
2458 5061 2614 5116 ergo,
2632 5043 2734 5115 qui
2747 5043 3134 5100 fructificatur
3147 5044 3204 5098 in
3217 5044 3494 5100 cordibus
3504 5043 3812 5101 electorum

2180 5151 2282 5205 per
2311 5133 2486 5187 ﬁdem
2514 5138 2570 5187 et
2611 5132 3004 5199 dilectionem,
3040 5131 3372 5189 uberrimus
3419 5136 3529 5198 est,
3552 5134 3694 5206 quia
3723 5149 3814 5206 per

2174 5221 2666 5294 quadripartitum
2685 5221 2886 5278 orbem
2917 5221 3182 5278 doctrina
3210 5221 3371 5278 illius
3388 5225 3676 5290 coruscat,
3692 5221 3808 5277 etin

2174 5310 2410 5366 nomine
2441 5311 2570 5382 ejus
2587 5309 2857 5367 Ecclesiae
2889 5315 3029 5366 sunt
3058 5313 3470 5384 fundataeque
3493 5311 3808 5367 uberrimos

2175 5400 2400 5455 fructus
2432 5400 2720 5454 bonorum
2751 5416 2995 5472 operum
3027 5401 3490 5474 proferunthse
3519 5399 3693 5456 etiam
3715 5415 3806 5472 pa-

2175 5488 2354 5555 nis,id
2386 5493 2475 5543 est
2489 5487 2756 5544 Christus
2779 5488 3018 5562 pinguis
3034 5488 3289 5560 est,quia
3309 5490 3488 5545 corda
3503 5487 3803 5546 electorum

2175 5593 2416 5632 suorum
2448 5575 2636 5648 gratia
2665 5581 2722 5632 et
2744 5577 3099 5648 pinguedine
3123 5577 3378 5651 Spiritus
3408 5577 3598 5635 sancti
3611 5575 3802 5633 reﬁcit.

2176 5689 2203 5719 «
2238 5666 2512 5722 Pascetur
2540 5664 2600 5720 in
2619 5665 2988 5740 possessione
3002 5670 3160 5738 tua,»
3195 5683 3228 5728 ο
3244 5666 3460 5746 popule
3470 5666 3804 5736 Christiane,
