4048 6190
225 361 353 423 813

1338 369 1746 431 COMMENT.
1795 373 1871 435 IN
1914 374 2208 437 ISAIAM.
2242 378 2384 439 LIB.
2431 381 2509 440 II.

3518 392 3641 457 δτι

226 495 581 595 est,.emn'es
630 496 983 595 peccatores,
1012 518 1047 595 ,κ
1082 496 1281 555 Flatus
1328 499 1583 567 Domini,
1619 524 1649 551 ››
1698 502 1759 560 id
1791 508 1884 563 est
1906 508 1964 577 Α
1991 508 2295 577 auxih'um,
2356 510 2651 584 simulque
2723 530 2928 573 omnes
2984 524 3431 595 consumentur,
3494 546 3521 575 »
3581 530 3643 583 et

225 580 479 654 spiritus
497 580 731 638 Domini
763 604 792 633 ‹‹
826 582 978 639 sicut
1006 587 1236 643 torrens
1284 588 1585 660 sulphuris
1636 608 1882 651 succen-

224 671 378 733 dens
409 687 561 739 eam,
592 693 621 721 η
669 670 955 728 subaudis
1004 673 1357 745 gehennam.
1408 678 1670 750 Sulphur
1716 685 1882 738 terras

225 765 500 833 putorem
530 773 841 829 emanans,
870 764 926 818 et
954 762 1221 820 arderem
1251 781 1559 836 generous.
1592 769 1723 824 Haec
1755 788 1880 827 om-

223 849 327 906 nia
354 854 529 907 erunt
559 848 758 921 impiis
788 849 849 904 in
880 850 1130 910 inferno.
1164 853 1285 909 Erit
1316 854 1394 911 ibi
1444 855 1599 927 ignis
1628 857 1877 915 inextin-

221 938 489 1012 guibilis,
522 942 583 994 et
612 938 763 997 fetor
792 942 851 995 et
895 943 1073 1012 putor
1112 940 1518 1011 intolerabilis,
1551 951 1609 1003 et
1653 949 1879 1005 crucia-

222 1028 453 1087 buntar
481 1027 1064 1100 incomprehensibili
1096 1031 1377 1089 cruciatu.

825 1117 1061 1175 CAPUT
1101 1120 1288 1179 XXXI.

296 1231 326 1258 ‹‹
359 1206 456 1262 Vae
488 1208 590 1279 qui
623 1207 990 1263 descendunt
1019 1208 1079 1262 in
1110 1209 1422 1282 {Egyptum
1454 1214 1539 1269 ad.
1567 1214 1876 1284 auxilium,

219 1297 282 1351 in
315 1295 487 1368 equis
506 1294 929 1368 Egyptiorum.
964 1318 995 1349 »
1027 1296 1319 1355 Hactenus
1350 1300 1421 1356 de
1451 1301 1638 1373 gloria
1665 1302 1875 1359 electo-

221 1402 382 1453 rum,
414 1388 473 1440 et
501 1401 673 1457 poena
702 1385 1084 1458 reproborum
1114 1385 1346 1445 locutus
1387 1394 1477 1447 est
1508 1408 1521 1446 :
1556 1409 1713 1448 nunc
1742 1410 1875 1449 vero

218 1473 537 1535 revertitur
564 1472 777 1530 iterum
807 1473 883 1530 ad
914 1473 1194 1547 reliquias
1213 1494 1342 1549 quae
1374 1487 1784 1539 remanserunt
1812 1482 1873 1538 in

218 1566 382 1621 terra
406 1561 439 1617 ,Ι
446 1562 582 1633 uda,
611 1562 790 1619 ducto
821 1562 1064 1620 Sedecia
1090 1568 1149 1621 et
1197 1568 1476 1625 omnibus
1506 1570 1874 1642 principibus

215 1652 280 1715 in
314 1649 780 1723 Babylonem,de
810 1650 1026 1723 quibus
1048 1654 1176 1725 jam
1208 1657 1482 1729 superius
1497 1659 1683 1716 multa
1704 1660 1869 1717 dixit.

216 1741 335 1807 Sed
366 1740 475 1796 hoc
509 1740 691 1797 distat
719 1740 873 1797 inter
900 1740 1046 1799 illud
1091 1745 1245 1817 quod
1296 1746 1571 1818 superius
1617 1748 1781 1818 dixit,
1814 1754 1873 1806 et

213 1829 381 1887 istud
411 1830 569 1902 quod
596 1829 768 1889 modo
798 1828 1083 1903 loquitur.
1105 1833 1253 1899 Qula
1280 1834 1401 1891 illic
1431 1837 1780 1908 praemonuit
1807 1838 1873 1894 il-

212 1919 329 1988 los,
343 1935 419 1976 ne
445 1918 599 1976 irent
628 1918 688 1976 in
710 1920 1160 1993 Egyptum,scd
1186 1887 1493 1981 manerent
1514 1926 1574 1982 in
1597 1931 1753 1984 terra
1771 1927 1871 1984 Ju.
1901 1887 1949 1953 Β

213 2008 314 2076 da,
347 2011 407 2064 et
434 2007 580 2064 bene
613 2007 700 2065 eis
726 2012 882 2069 esset
913 2025 927 2064 :
958 2009 1053 2067 hic
1091 2028 1224 2069 vero
1266 2014 1365 2084 qui
1415 2019 1620 2071 contra
1665 2016 1869 2073 volun-

212 2100 399 2153 tatem
430 2099 853 2169 praceptorum
879 2098 1109 2155 Domini
1146 2100 1658 2169 ierunt,habentes
1680 2105 1871 2178 magis

213 2185 497 2243 ﬁduciam
529 2185 591 2240 in
623 2186 863 2259 Egypto
892 2203 1071 2259 quam
1103 2188 1162 2244 in
1193 2189 1460 2259 Domino,
1494 2192 1757 2250 minatur
1783 2194 1868 2252 eis

214 2274 378 2342 mala
403 2279 464 2330 et
491 2273 636 2331 dicit
668 2291 681 2330 :
712 2298 740 2326 ‹‹
771 2274 867 2331 Vae
897 2276 999 2348 qui
1032 2277 1399 2335 descendunt
1425 2280 1485 2335 in
1530 2282 1867 2355 Egyptum,

212 2368 523 2436 sperantes
553 2363 611 2419 in
643 2362 813 2437 equis
838 2368 1213 2437 Egyptorum
1235 2372 1293 2422 et
1312 2368 1640 2443 quadrigis,
1670 2376 1727 2426 et
1757 2372 1868 2427 Do-

214 2453 453 2509 minam
478 2470 593 2510 non
615 2453 1033 2525 requisierunt,
1053 2477 1081 2505 »
1104 2457 1341 2527 quando
1365 2458 1723 2515 dixeruntad
1749 2461 1871 2516 Hie-

210 2542 466 2598 remiam
499 2558 513 2597 :
546 2564 575 2591 ‹‹
608 2541 789 2599 Cedat
815 2542 999 2600 oratio
1030 2550 1231 2601 nostra
1270 2545 1330 2601 in
1379 2553 1694 2619 conspectu
1742 2552 1864 2615 tuo,

208 2636 273 2693 et
303 2647 407 2687 ora
436 2647 542 2704 pro
569 2630 738 2689 nobis
772 2631 1082 2689 Dominum
1114 2634 1258 2705 quid
1305 2652 1477 2708 agere
1522 2637 1864 2694 debeamus.

205 2722 435 2790 (larem.
467 2720 600 2793 ηιι)
632 2741 660 2771 n
694 2721 1111 2793 Requisierunt
1130 2724 1367 2795 quidem
1398 2725 1725 2793 verbis,sed
1750 2744 1866 2782 non

188 2809 415 2865 corde.
439 2810 584 2865 Cum
612 2808 771 2866 enim
801 2809 1027 2867 decimo
1075 2811 1191 2880 die,
1224 2812 1376 2868 sicut
1415 2814 1542 2884 jam
1593 2813 1866 2886 superius

209 2897 707 2967 diximus,me
724 2898 955 2956 Domini
986 2900 1176 2957 factus
1201 2906 1357 2958 esset
1385 2902 1458 2957 ad
1484 2902 1862 2959 Hieremiam:

204 2987 396 3055 Vade,
428 2987 731 3061 inquiens,
765 2991 829 3046 et
851 2988 945 3046 dic
990 2989 1129 3046 ﬁliis
1176 2991 1557 3064 reliquiarum
1589 3008 1604 3048 :
1639 2995 1868 3048 manete

206 3078 272 3135 in
307 3076 436 3135 loco
476 3076 587 3135 isto
636 3081 694 3132 et
738 3092 847 3150 ego
892 3082 1195 3151 protegam
1244 3096 1393 3136 vos:
1440 3081 1868 3153 responderunt

206 3165 297 3222 illi
334 3183 350 3221 :
384 3166 511 3222 Non
559 3166 865 3232 faciemus,
912 3167 1019 3222 sed
1069 3168 1140 3222 ad
1191 3171 1499 3240 Egyptum
1548 3168 1864 3243 fugiamus.

1991 598 2237 670 Egyptii
2268 603 2325 657 et
2352 600 2538 656 Judzei
2570 602 2668 673 qui
2700 601 2759 658 in
2790 604 2874 658 eis
2906 604 3200 662 habebant
3232 609 3528 668 fiduciam.

2063 709 2091 736 «
2123 688 2270 751 Quia
2298 688 2419 744 haec
2450 690 2591 745 dicit
2620 691 2904 747 Dominus
2935 693 3006 747 ad
3040 710 3153 749 me.
3188 717 3214 743 ››
3262 697 3519 756 Locutus
3549 706 3642 759 est

1989 775 2262 846 superius
2283 778 2355 832 de
2386 777 2650 850 reliquiis
2679 796 2806 851 quae
2837 780 3033 838 ierunt
3053 782 3113 837 in
3148 788 3475 857 Egyptum,
3494 804 3637 843 con-

1990 863 2236 919 ﬁdentes
2261 865 2317 920 in
2336 866 2676 925 fortitudine
2690 866 3038 926 Pharaonis:
3054 888 3209 926 nunc
3228 889 3363 929 vero
3375 874 3640 949 loquitur

1990 952 2062 1006 de
2092 952 2211 1007 illis
2242 953 2342 1025 qui
2374 955 2534 1011 ducti
2565 960 2704 1011 sunt
2733 956 2792 1012 in
2826 958 3176 1030 Babylonem
3209 978 3346 1019 cum
3393 964 3638 1023 Sedecia

1989 1057 2122 1114 rege
2150 1042 2182 1097 J
2190 1044 2310 1098 uda
2336 1047 2392 1099 et
2413 1044 2775 1118 principibus
2802 1048 2960 1117 ejus;
2995 1050 3097 1105 sed
3118 1054 3249 1122 post
3264 1054 3639 1126 septuaginta

1987 1146 2197 1201 annos,
2211 1131 2460 1187 Domino
2477 1132 3029 1201 miserante,reversi
3043 1139 3254 1195 suntin
3272 1140 3635 1215 Hierusalem

1987 1219 2097 1274 sub
2126 1219 2269 1275 Jesu
2301 1221 2603 1276 sacerdote
2632 1236 2868 1295 magno,
2901 1228 2960 1280 et
2989 1225 3323 1295 Zorobabel,
3353 1234 3410 1287 et
3429 1231 3634 1299 Esdra,

1986 1306 2234 1380 aliisque
2258 1308 2720 1381 principibus.Et
2730 1312 3022 1383 promittit
3040 1314 3126 1371 eis
3146 1315 3636 1384 bona,dansduas

1984 1396 2400 1455 similitudines
2426 1400 2720 1470 quomodo
2741 1416 2777 1456 a
2799 1401 3048 1458 Domino
3069 1402 3190 1459 illic
3207 1407 3453 1476 protecti
3474 1411 3635 1475 sunt,

1982 1489 2042 1541 et
2071 1485 2243 1543 dicit:
2279 1509 2308 1538 «
2331 1488 2634 1552 Quomodo
2668 1488 2718 1544 si
2747 1490 2944 1561 rugiat
2974 1490 3063 1547 leo
3094 1496 3152 1548 et
3187 1492 3422 1552 catulus
3451 1494 3638 1552 leonis

1982 1578 2123 1631 sunt
2151 1575 2408 1647 praedam
2439 1590 2642 1632 suam:
2670 1598 2699 1626 ››
2722 1580 2779 1632 et
2807 1582 3034 1635 caetera.
3060 1580 3224 1636 Sicut
3241 1580 3329 1638 leo
3345 1573 3635 1653 esuriens,

1981 1664 2031 1720 si
2063 1668 2264 1720 cernat
2292 1680 2529 1737 gregem
2561 1664 2756 1721 ovium
2789 1666 2973 1721 currit
2992 1671 3050 1723 et
3079 1668 3467 1741 apprehendit
3495 1672 3638 1729 arie—

1980 1756 2134 1820 tem;
2170 1768 2305 1808 cum
2355 1753 2673 1809 occurrerit
2716 1753 2770 1811 ei
2813 1754 3133 1812 multitudo
3160 1761 3484 1828 pastorum,
3511 1776 3633 1816 non

1980 1843 2230 1897 terretur
2258 1859 2293 1897 a
2327 1858 2465 1898 voce
2514 1841 2770 1911 illorum,
2803 1845 3105 1900 conﬁdens
3151 1845 3367 1903 virtute
3410 1847 3627 1905 virium

1980 1947 2253 2000 suarum;
2286 1935 2345 1987 et
2374 1931 2528 1987 sicut
2557 1948 2710 1999 aves,
2727 1936 2793 1987 ut
2822 1932 3139 1990 defendant
3166 1935 3343 1991 foetus
3360 1951 3631 2004 θυοδ,νο-

1981 2017 2154 2074 litant
2181 2034 2360 2092 super
2389 2018 2660 2089 nidosget
2690 2020 2810 2075 sive
2839 2020 3137 2077 hominem
3170 2039 3275 2079 seu
3296 2028 3629 2096 serpentem

1976 2105 2228 2162 viderint
2256 2123 2504 2179 avesque
2535 2105 2683 2163 alias
2714 2108 2984 2164 accedere
3013 2110 3084 2164 ad
3116 2109 3311 2182 pullos
3341 2129 3501 2179 suos,
3516 2129 3631 2185 pu-p

1979 2199 2164 2268 gnant
2185 2199 2372 2251 rostro
2402 2200 2460 2251 et
2488 2194 3000 2267 ungibus,oblitus
3029 2197 3453 2257 imbecillitatis
3484 2216 3629 2270 suae,

1983 2287 2040 2338 et
2070 2282 2120 2339 si
2144 2282 2304 2338 aliud
2337 2301 2453 2340 non
2483 2288 2732 2355 possunt
2761 2285 3019 2341 dolorem
3052 2287 3303 2358 pectoris
3332 2288 3632 2360 congemi-

1984 2376 2128 2428 nant
2156 2373 2393 2445 garrula
2420 2389 2557 2429 voce
2581 2391 2594 2441 ;
2632 2395 2660 2423 «
2692 2373 2776 2428 sic
2807 2374 3121 2430 descendet
3147 2375 3433 2432 Dominus
3460 2393 3634 2434 rexer-

1978 2459 2227 2529 cituum,
2266 2466 2330 2517 ut
2359 2461 2654 2533 praelietur
2680 2479 2859 2535 super
2886 2467 3147 2519 montem
3179 2464 3318 2521 Sion
3349 2468 3407 2520 et
3454 2482 3635 2539 super

1975 2548 2184 2606 collem
2215 2551 2366 2621 ejus,
2390 2555 2447 2605 et
2462 2554 2726 2623 proteget
2754 2550 2919 2606 illam
2938 2556 3248 2625 protegens
3269 2557 3326 2609 et
3350 2553 3626 2624 liberans,

1975 2637 2269 2693 transiens
2298 2642 2353 2693 et
2384 2638 2637 2694 salvans.
2676 2662 2704 2688 »
2736 2640 3069 2696 Notandum
3116 2643 3271 2713 quod
3320 2660 3433 2699 non
3486 2643 3631 2700 dicit

1975 2730 2178 2782 contra
2204 2730 2459 2782 montem
2495 2728 2769 2793 Sion,sed
2802 2744 2980 2799 super
3008 2734 3264 2785 montem
3296 2729 3433 2785 Sion
3460 2734 3627 2801 stans

1975 2816 2262 2888 pugnabit
2282 2821 2485 2873 contra
2512 2816 2783 2872 inimicos
2808 2817 2958 2888 ejus.
2974 2817 3068 2873 Sic
3098 2818 3238 2874 fecit
3256 2820 3625 2892 temporibus

1973 2903 2095 2960 illis
2122 2920 2259 2959 cum
2291 2904 2642 2960 Samaritani
2671 2904 2980 2961 voluerunt
3010 2905 3295 2978 impedire
3310 2912 3377 2963 ut
3399 2925 3515 2973 non
3530 2926 3621 2966 re-

1975 2993 2741 3066 :ediﬁcareturtemplum,et
2754 2994 3117 3066 temporibus
3129 2994 3619 3066 Machabasorum,

1974 3082 2210 3154 quando
2230 3080 2434 3154 paucis
2464 3080 2737 3138 ﬁdelibus
2778 3081 2975 3137 multa:
3012 3081 3266 3138 victoriae
3300 3100 3335 3139 a
3368 3083 3623 3140 Domino

1974 3169 2192 3226 collatae
2224 3174 2382 3226 sunt.
2416 3170 2700 3226 Dominus
2720 3169 2875 3227 leoni
2904 3175 3300 3242 comparatur,
3324 3171 3464 3244 quia
3494 3172 3625 3245 ipso

208 3256 469 3327 Ideoque
498 3254 642 3311 dicit
667 3271 789 3312 non
815 3255 1229 3328 requisierunt,
1264 3257 1364 3329 qui
1416 3257 1551 3313 licet
1599 3259 1860 3330 require-
1895 3256 1943 3326 α
1976 3264 2065 3317 est
2094 3260 2181 3316 leo
2214 3260 2574 3317 fortissimus
2603 3260 2703 3332 qui
2736 3259 2908 3316 tertia
2952 3261 3047 3316 die
3078 3260 3355 3330 surrexit,
3384 3262 3456 3318 de
3505 3278 3627 3333 quo

205 3348 351 3401 rent
375 3344 570 3412 verbo,
602 3360 720 3401 non
751 3344 1144 3416 requisierunt
1171 3347 1345 3401 corde
1372 3363 1539 3418 puro.

286 3454 320 3485 α
352 3433 484 3506 Ipse
513 3437 712 3491 autem
742 3433 1001 3506 sapiens,
1032 3455 1064 3485 »
1095 3434 1155 3491 id
1185 3438 1293 3501 est,
1317 3435 1471 3491 Deus
1492 3435 1869 3508 omnipotens

206 3538 396 3594 quem
426 3527 886 3596 aspernaverunt
901 3544 931 3574 α
951 3523 1235 3579 adduxit»
1256 3541 1435 3597 super
1448 3541 1549 3580 eos
1567 3545 1596 3575 «
1614 3524 1861 3594 malum,

203 3616 272 3667 et
300 3611 481 3668 verba
509 3628 620 3667 sua
645 3633 673 3663 »
704 3629 832 3685 quas
864 3611 1095 3669 locutus
1123 3616 1214 3669 est
1238 3629 1342 3685 per
1371 3630 1438 3669 os
1470 3613 1629 3668 Isaiae
1660 3617 1718 3670 et
1734 3613 1865 3669 Hie-

206 3717 413 3758 remiae
442 3723 475 3751 ι(
508 3718 625 3758 non
655 3700 919 3771 abstulit,
954 3722 985 3753 »
1027 3703 1131 3758 sed
1184 3702 1431 3758 adduxit
1459 3720 1636 3776 super
1664 3704 1866 3759 Nabu-

207 3790 609 3859 chodonosor,
640 3790 793 3847 sicut
837 3790 1144 3863 sequentia
1192 3792 1506 3847 docebunt.
1551 3815 1578 3843 ‹‹
1612 3794 1681 3847 Et
1727 3809 1865 3847 con-

207 3884 422 3954 surget
451 3902 481 3931 »
513 3880 572 3935 in
603 3880 692 3936 ira
721 3878 937 3937 furoris
967 3881 1057 3937 sui
1088 3904 1115 3931 ‹‹
1149 3885 1353 3937 contra
1391 3882 1634 3937 domum
1680 3880 1864 3953 pessi-

208 3986 475 4027 morum.
511 3992 541 4021 ››
573 3970 689 4025 Hoc
723 3973 832 4039 est,
866 3972 1070 4026 contra
1116 3969 1250 4026 illos
1296 3969 1396 4041 qui
1447 3970 1507 4025 in
1557 3974 1864 4042 Egyptum

206 4059 519 4132 fugerunt,
546 4081 575 4110 «
611 4062 669 4114 et
697 4062 901 4115 contra
931 4058 1218 4115 auxilium
1242 4060 1616 4131 operantium
1646 4058 1864 4131 iniqui-

206 4153 421 4215 tatem,
455 4170 485 4200 n
518 4147 630 4204 hoc
659 4151 769 4219 est,
810 4151 1015 4204 contra
1055 4148 1376 4221 Egyptios,
1420 4148 1519 4220 qui
1569 4148 1653 4204 eis
1699 4147 1866 4202 auxi-

204 4237 367 4293 lium
390 4241 601 4293 conata
631 4241 770 4293 sunt
799 4240 1096 4310 praestare.

283 4350 315 4377 ι(
350 4325 656 4399 Egyptius
685 4348 713 4377 »
745 4343 867 4395 rex,
895 4326 1121 4383 scilicet
1149 4326 1373 4382 Pharao
1411 4325 1603 4394 Vafre,
1634 4324 1723 4381 vel
1766 4324 1867 4397 p'o-

206 4415 398 4490 palus
430 4415 651 4485 illius,«
668 4416 845 4473 homo
863 4421 957 4473 est
975 4421 1034 4472 et
1053 4432 1168 4472 non
1193 4417 1436 4484 Deus,et
1450 4415 1583 4489 equi
1606 4432 1866 4482 eorum,»

206 4507 274 4562 in
306 4504 532 4579 quibus
562 4504 648 4560 illi
677 4505 1071 4573 conﬁdebant,
1103 4528 1132 4555 α
1168 4522 1301 4561 caro
1330 4509 1389 4561 et
1437 4522 1551 4562 non
1602 4504 1867 4578 spiritus.

206 4596 279 4651 Et
312 4593 610 4651 Dominus
634 4592 941 4650 inclinavit
968 4611 1213 4651 manum
1244 4610 1436 4650 suam.
1472 4617 1501 4644 »
1533 4594 1869 4651 Secundum

202 4682 629 4756 metaphoram
644 4683 861 4756 auriga;
882 4681 1164 4756 loquitur.
1180 4683 1345 4739 Sicut
1367 4682 1594 4755 aurigis
1609 4683 1706 4755 qui
1726 4683 1877 4756 regit

198 4790 461 4829 currum
482 4770 573 4827 vel
594 4773 966 4846 quadrigam,
981 4773 1219 4845 quando
1234 4771 1360 4827 vult
1382 4776 1447 4826 ut
1468 4771 1603 4842 equi
1625 4770 1872 4826 celerius

194 4878 455 4919 curram
481 4862 727 4918 remittit
748 4862 1009 4919 habenas
1025 4880 1039 4931 ;
1055 4862 1139 4918 sic
1161 4862 1317 4917 Deus
1339 4859 1873 4932 omnipotensiram

195 4957 269 5008 et
296 4951 627 5008 vindictam
654 4968 825 5009 suam
857 4952 971 5008 cito
1002 4951 1248 5008 adduxit
1281 4966 1459 5022 super
1496 4949 1788 5022 Egyptios
1818 4952 1877 5004 et

195 5041 355 5099 illos
386 5041 491 5114 qui
511 5041 586 5097 ad
614 5058 713 5098 eos
734 5042 1135 5114 confugerant.
1154 5041 1301 5096 Nam
1334 5038 1591 5094 diximus
1604 5037 1875 5110 superius

191 5130 521 5204 quomodo
552 5129 875 5186 Hieremias
905 5129 1171 5203 praedixit
1200 5129 1285 5184 eis
1310 5128 1466 5200 quod
1497 5126 1876 5183 Nabuchodo-

190 5236 402 5276 nosor
428 5234 613 5290 super
628 5218 944 5291 Egyptios,
963 5222 1020 5274 et
1044 5234 1221 5290 super
1240 5217 1374 5272 illos
1390 5217 1489 5289 qui
1516 5218 1786 5289 fugerant
1800 5216 1873 5272 ad

188 5306 512 5366 auxilium
542 5323 745 5362 eorum
783 5308 1041 5376 venerit;
1073 5311 1132 5363 et
1181 5307 1475 5378 quomodo
1523 5323 1726 5361 omnes
1776 5309 1877 5360 aut

180 5396 442 5472 gladio,
475 5399 580 5450 aut
604 5396 783 5464 fame,
813 5398 918 5451 aut
946 5395 1284 5468 captivitate
1332 5394 1483 5450 male
1535 5392 1871 5466 perdiderit.

184 5512 229 5539 α
278 5486 358 5542 Et
387 5489 621 5541 corruet
648 5508 679 5536 »
710 5484 924 5557 inquit,
947 5506 977 5537 κ
1005 5484 1317 5540 auxiliator
1347 5507 1376 5534 ››
1409 5482 1879 5555 Egyptiusafor-

185 5573 484 5633 titudiue
512 5572 1070 5640 Nabuchodonosor,
1086 5596 1115 5625 «
1134 5578 1192 5630 et
1222 5573 1390 5629 cadet
1418 5595 1445 5622 ››
1475 5568 1728 5643 populus
1750 5570 1876 5626 reli-

173 5662 501 5741 quintum
531 5662 639 5735 qui
660 5663 735 5720 ad
764 5679 905 5721 eum
948 5662 1230 5737 confugit,
1264 5686 1293 5715 ‹‹
1343 5661 1438 5720 cui
1488 5660 1878 5735 praestabatur

547 5789 812 5857 PATROL.
858 5792 1056 5857 CXVI.

1973 3348 2115 3405 dicit
2141 3349 2397 3406 Joannes
2426 3348 2797 3421 Evangelista
2825 3348 2884 3404 in
2915 3349 3262 3422 Apocalypsi
3311 3366 3431 3407 sua
3469 3351 3625 3424 (Cap.

1971 3441 2029 3507 ν)
2061 3454 2076 3496 :
2109 3461 2137 3489 «
2169 3439 2313 3494 Ecce
2340 3437 2480 3493 vicit
2508 3437 2597 3493 leo
2628 3439 2700 3494 dc
2730 3437 2888 3493 tribu
2916 3437 3091 3494 Juda.
3112 3460 3139 3488 ››
3174 3442 3295 3495 Aut
3325 3439 3505 3497 etiam
3535 3457 3628 3497 as‘

1972 3527 2287 3597 similatur,
2302 3527 2456 3583 sicut
2486 3526 2612 3599 ipse
2628 3526 2772 3582 dixit
2794 3527 2856 3582 in
2880 3526 3191 3599 Evangelio
3208 3544 3220 3583 :
3238 3527 3625 3596 Hierusalem,

1976 3616 2501 3688 llierusalem,quze
2530 3615 2751 3671 occidis
2779 3615 3095 3687 prophetas
3127 3616 3227 3687 qui
3255 3617 3330 3671 ad
3366 3620 3423 3671 te
3455 3615 3625 3673 missi

1975 3710 2113 3762 sunt
2131 3723 2144 3760 :
2161 3728 2188 3757 ‹‹
2213 3704 2450 3772 Quoties
2471 3704 2623 3759 volui
2644 3702 2999 3775 congregare
3018 3702 3170 3757 ﬁlios
3189 3707 3322 3759 tuos
3337 3704 3624 3775 quemadg-

1974 3794 2214 3849 modum
2256 3792 2475 3866 gallina
2512 3792 2705 3863 pullos
2753 3808 2912 3857 suos,
2956 3790 3056 3845 sed
3119 3789 3359 3845 noluisti
3405 3790 3620 3859 (Matth.

1971 3886 2199 3952 x1110.»
2218 3883 2285 3937 Et
2304 3882 2363 3936 in
2385 3878 3002 3951 Deuteronomio(0ap.
3016 3881 3218 3947 nni):
3240 3900 3269 3931 «
3287 3878 3451 3935 Sicut
3463 3879 3627 3952 aquis

1974 3972 2031 4027 la
2065 3987 2383 4044 provocans
2420 3968 2615 4042 pullos
2640 3984 2800 4035 suos,
2823 3971 2881 4023 et
2912 3968 3172 4023 extendit
3211 3967 3336 4024 alas
3374 3986 3535 4033 suas,
3566 3971 3629 4025 et

1974 4061 2224 4134 portavit
2252 4076 2370 4127 eos,
2409 4080 2438 4109 ››
2470 4061 2793 4128 οωιθινειειυθ
2823 4056 3167 4129 hujusmodi
3198 4057 3572 4131 quamplura.

2047 4172 2074 4200 ‹‹
2108 4147 2546 4216 Convertimini,
2582 4169 2609 4196 n
2640 4145 2744 4201 ﬁlii
2778 4145 2980 4215 Israel,
3014 4170 3041 4197 «
3077 4147 3231 4203 sicut
3278 4147 3339 4203 in
3387 4147 3629 4220 profane

1976 4240 2117 4296 dum
2151 4261 2179 4289 »
2210 4237 2523 4304 malorum,
2554 4260 2581 4287 «
2615 4235 3009 4293 recesseratin.
3050 4258 3075 4285 υ
3110 4236 3367 4293 Locutus
3401 4240 3492 4292 est
3522 4253 3631 4308 pa—

1977 4345 2217 4401 rumper
2244 4326 2518 4400 superius
2548 4326 2620 4382 de
2650 4324 2769 4381 illis
2786 4324 2885 4397 qui
2919 4325 3132 4381 reversi
3162 4324 3633 4397 suntdecaptivi-

1976 4422 2096 4474 tate
2125 4417 2235 4472 sub
2256 4417 2395 4473 Jesu
2415 4416 2716 4471 sacerdote
2738 4431 2973 4486 magno.
2995 4416 3215 4470 Iterum
3233 4413 3632 4471 revertiturad

1979 4512 2247 4581 tempora
2274 4504 2551 4561 Ezechim.
2587 4503 2897 4574 PrOphetia
2926 4502 3082 4558 enim
3115 4518 3231 4556 non
3262 4505 3454 4556 servat
3470 4501 3631 4556 ordi-

1980 4613 2115 4652 nem
2146 4593 2451 4667 temporis,
2485 4608 2675 4663 neque
2722 4589 2999 4645 historiae.
3029 4591 3359 4660 Antequam
3407 4588 3635 4645 Senna-

1983 4684 2182 4740 cherib
2213 4700 2349 4738 cum
2379 4679 2633 4753 Assyriis
2667 4682 2960 4734 revertens
3006 4677 3077 4733 de
3122 4679 3361 4750 Egypto
3410 4675 3637 4733 veniret

1983 4771 2364 4837 Hierusalem,
2400 4767 2749 4841 prmmonuit
2789 4765 3075 4839 propheta
3119 4765 3342 4822 tribum
3388 4766 3543 4824 Juda
3571 4769 3635 4823 et

1982 4858 2309 4931 Benjamin,
2343 4862 2408 4911 ut
2458 4858 2934 4911 converterentur
2982 4855 3057 4911 ad
3106 4855 3290 4911 Deum
3334 4871 3533 4922 suum,
3566 4855 3634 4909 ut

1982 4949 2135 5005 sicut
2166 4948 2223 5002 in
2256 4945 2615 5017 profundum
2646 4944 2937 5000 malorum
2969 4947 3350 5009 recesserant,
3382 4943 3465 4998 sic
3491 4958 3627 4998 con-

1980 5039 2344 5094 verterentur
2373 5035 2441 5090 ad
2474 5033 2791 5090 Dominum
2824 5033 2882 5088 in
2936 5034 3291 5106 profundum
3340 5033 3630 5087 bonorum

1983 5132 2102 5184 toto
2134 5125 2352 5181 mentis
2383 5124 2616 5193 affectu,
2640 5140 2712 5179 ne
2742 5123 3112 5178 traderentur
3139 5122 3198 5176 in
3231 5118 3503 5177 manibus
3530 5119 3633 5174 As-

1982 5216 2295 5290 syriorum.

2058 5327 2085 5357 ‹‹
2119 5305 2182 5360 In
2212 5304 2305 5358 die
2335 5301 2488 5357 enim
2522 5300 2620 5355 illa
2652 5300 2895 5371 abijciet
2920 5298 3010 5354 vir
3030 5297 3185 5354 idola
3214 5295 3639 5370 argentisui,et

1984 5392 2142 5449 idola
2171 5391 2297 5447 auri
2332 5389 2587 5460 sui,quce
2618 5389 2885 5444 feceruut
2916 5387 3078 5444 vobis
3113 5403 3325 5443 manus
3346 5390 3547 5443 vestrae
3569 5385 3635 5442 in

1984 5485 2308 5554 peccatum.
2329 5500 2356 5527 υ
2378 5478 2507 5532 Haec
2528 5477 2706 5533 verba
2726 5476 2979 5549 Spiritus
2991 5475 3179 5533 sancti
3200 5492 3316 5531 non
3326 5476 3500 5546 juxta
3516 5474 3635 5531 his-

1984 5567 2333 5634 toriam,sed
2365 5564 2770 5638 spiritualiter,
2798 5569 2938 5622 sunt
2968 5564 3369 5637 intelligenda.
3402 5563 3472 5621 Si
3488 5580 3633 5620 con-

1982 5658 2132 5717 versi
2162 5655 2461 5727 fueritis,o
2483 5652 2588 5710 ﬁlii
2608 5654 2763 5713 Juda
2792 5659 2849 5711 et
2862 5654 3285 5729 Benjamin,ad
3312 5653 3645 5713 Dominum.

3235 5780 3315 5843 28
