4048 6190
523 359 642 421 875

935 353 1336 418 HAYMONIS
1367 349 1908 414 HALBERSTAT.
1941 299 2184 411 arise.
2219 345 2392 410 OPP.
2425 346 2653 409 pnus.
2685 345 2736 407 ι.
2770 379 2849 390 -
2878 339 3273 406 nonnum.
3303 344 3484 408 BIBL.
3721 353 3804 417 sm

523 493 716 550 Deum
761 495 1041 557 vestrum,
1078 492 1136 543 ct
1182 485 1512 558 abjeceritis
1555 483 1713 540 idola
1757 486 1952 540 vestra
1996 498 2173 538 aurea
2198 482 2256 550 Α
2281 479 2645 552 temporibus
2677 476 2953 534 Ezechiae.
2984 476 3128 532 Nam
3157 493 3288 532 cum
3317 482 3460 535 esset
3478 481 3667 554 justus,
3690 494 3734 543 et
3755 489 3806 545 li-

523 585 584 638 et
626 583 919 654 argentea,
951 595 1081 649 quae
1132 575 1353 632 fecistis
1403 573 1568 630 vobis
1613 573 1681 628 ad
1714 575 2019 644 peccatum
2046 587 2173 626 ves-

524 675 706 724 trum.

597 781 624 808 ‹‹
648 756 829 812 Cadet
855 757 1040 811 Assur
1069 755 1128 810 in
1161 753 1354 827 gladio
1387 770 1500 808 non
1532 751 1661 818 viri,
1695 773 1721 799 »
1749 750 1859 806 hoc
1889 754 1981 806 est
2008 751 2178 821 Assy-

524 845 649 902 rius
697 844 974 918 populus,
1027 868 1055 894 «
1089 848 1148 898 et
1193 843 1429 916 gladius
1481 859 1597 896 non
1651 839 1908 894 hominis
1955 839 2180 894 vorabit

525 951 682 990 eum.
707 955 736 984 ››
767 934 1011 1002 Quando
1041 930 1437 988 Sennacherib
1468 947 1603 984 cum
1636 927 1851 1000 populo
1882 945 1990 984 suo
2005 931 2178 1000 Assy-

527 1023 750 1079 riorum
764 1021 923 1078 venit
938 1025 1143 1076 contra
1156 1018 1461 1074 Ezechiam
1478 1022 1538 1072 et
1553 1014 1838 1088 populum
1855 1015 1904 1086 ej
1917 1019 2182 1081 us,nocte

527 1126 846 1185 percussus
874 1111 984 1175 est,
1009 1107 1242 1180 quando
1273 1105 1580 1161 interfecta
1601 1109 1742 1159 sunt
1769 1106 2004 1158 centum
2032 1108 2186 1158 octo-

533 1200 700 1274 ginta
739 1198 1002 1270 quinque
1039 1195 1227 1250 millia
1263 1212 1333 1250 ex
1371 1193 1458 1248 eis
1496 1193 1586 1264 (ιν
1605 1193 1739 1264 Reg.
1761 1194 1903 1260 xxx),
1939 1212 1969 1242 «
2001 1196 2059 1246 et
2087 1192 2184 1246 fu-

532 1287 655 1362 giet
683 1309 714 1338 »
744 1288 871 1359 ipse
892 1283 1290 1342 Sennaeherib
1312 1305 1341 1332 «
1366 1298 1482 1338 non
1517 1299 1552 1336 a
1590 1281 1736 1336 facie
1757 1278 1984 1351 gladii»
2018 1281 2119 1345 sed
2151 1297 2186 1336 a

531 1375 744 1432 timore
771 1372 1070 1445 Domini,«
1091 1376 1148 1429 et
1168 1374 1417 1443 juvenes
1437 1371 1567 1442 ejus
1589 1391 1618 1420 »
1653 1368 1754 1441 qui
1798 1369 2189 1424 remanserint

537 1484 567 1516 α
595 1461 910 1535 vectigales
933 1465 1130 1517 erunt:
1158 1483 1186 1510 »
1210 1460 1318 1514 hoc
1339 1463 1428 1514 est
1451 1457 1747 1514 tributarii
1771 1457 1958 1512 Medis
1980 1464 2037 1512 et
2062 1458 2190 1514 Per-

533 1551 638 1608 sis.
653 1549 803 1606 Illud
835 1550 994 1605 enim
1025 1547 1410 1605 fortissimum
1437 1562 1684 1619 regnum
1707 1545 2077 1617 Assyriorum
2095 1547 2188 1603 de-

532 1642 826 1698 structum
853 1642 944 1695 est
973 1656 1006 1694 a
1035 1636 1594 1701 Nabuchodonosor,
1618 1640 1674 1691 et
1705 1639 1910 1708 postea
1938 1653 1972 1690 a
2003 1635 2190 1692 Medis

533 1733 592 1784 et
621 1728 812 1786 Persis
842 1732 964 1784 tam
984 1726 1358 1799 Assyriorum
1382 1741 1561 1797 quam
1581 1724 1758 1780 etiam
1783 1723 2188 1780 Cbaldzeorum

533 1818 646 1874 sub
675 1817 846 1873 Dario
869 1820 930 1872 et
958 1817 1129 1889 Tyro,
1163 1813 1266 1886 qui
1298 1813 1604 1869 Belthasar
1629 1811 2067 1868 interfecerunt.

603 1930 633 1958 ‹‹
665 1907 736 1962 Et
766 1905 1048 1962 fortitudo
1081 1905 1232 1976 ejus,
1267 1925 1295 1953 »
1329 1904 1441 1959 hoc
1473 1907 1563 1959 est
1594 1901 1914 1956 multitudo
1959 1901 2188 1958 Senna-

533 1995 734 2052 cherib
765 2018 795 2046 «
830 2013 864 2051 a
883 1997 1138 2050 torrente
1162 2015 1191 2042 »
1223 1991 1415 2066 angeli
1447 2015 1474 2041 ‹‹
1502 1990 1796 2057 transibit,
1811 1994 1869 2046 et
1898 1991 2190 2062 pavebunt

533 2083 826 2156 fugientes
849 2081 1144 2155 principes
1171 2082 1322 2153 ejus.
1359 2102 1388 2130 »
1419 2081 1672 2146 Nam,ut
1701 2079 1922 2134 Hebraei
1947 2080 2191 2135 tradunt

535 2172 692 2228 sicut
720 2188 900 2244 supra
927 2172 1456 2226 commemoratum
1489 2171 1598 2234 est,
1630 2185 1744 2223 non
1778 2172 2190 2223 remanserunt

535 2275 606 2315 ex
635 2259 795 2314 omni
825 2258 928 2313 illa
969 2257 1349 2313 multitudine
1399 2255 1514 2311 nisi
1562 2257 1789 2321 decem,
1817 2255 1918 2327 qui
1972 2256 2185 2312 reversi

537 2350 844 2403 suntcum
875 2344 1293 2402 Sennacberib.
1337 2367 1365 2394 α
1400 2343 1554 2399 Dixit
1596 2344 1882 2399 Dominus
1916 2360 1928 2398 :
1967 2366 1996 2393 »
2043 2344 2188 2410 Quia

537 2433 836 2508 periturus
863 2437 952 2490 est
981 2433 1376 2490 Sennacherib
1409 2437 1466 2488 et
1494 2432 1747 2504 populus
1779 2433 1927 2504 ejus,
1963 2433 2012 2486 si
2043 2449 2186 2488 con-

535 2523 687 2580 versi
717 2522 949 2580 fueritis
977 2523 1049 2578 ad
1079 2521 1247 2576 illum
1282 2545 1309 2571 ‹‹
1343 2523 1516 2594 cujus
1546 2521 1702 2594 ignis
1733 2527 1823 2576 est
1851 2521 1912 2576 in
1946 2521 2106 2586 Sion,
2130 2526 2189 2577 et

537 2612 807 2669 caminus
827 2613 956 2684 ejus
977 2611 1037 2666 in
1059 2610 1442 2666 Hierusalem.
1461 2633 1488 2658 n
1511 2613 1804 2676 Quantum
1827 2611 1898 2665 ad
1930 2609 2185 2666 litteram

535 2699 809 2774 pertinet,
837 2700 992 2773 ignis
1022 2705 1080 2754 et
1109 2699 1378 2755 caminus
1409 2698 1640 2754 Domini
1671 2699 1782 2754 fuit
1808 2699 1868 2754 in
1913 2698 2185 2755 Hierusa-

533 2789 673 2858 lem,
705 2789 846 2862 quia
893 2789 974 2845 ibi
1027 2793 1152 2845 erat
1199 2790 1486 2862 templum
1533 2788 1594 2842 in
1627 2805 1744 2861 quo
1783 2792 1950 2844 erant
1979 2787 2189 2844 altaria

535 2877 598 2934 in
629 2895 882 2951 quorum
914 2895 1032 2934 uno
1062 2878 1218 2951 ignis
1250 2883 1568 2951 perpetuus
1621 2877 2012 2946 nutriebatur,
2042 2881 2099 2933 et
2124 2877 2185 2933 in

536 2966 723 3025 altera
759 2968 1104 3026 holocausta
1153 2969 1412 3041 quotidie
1440 2969 1960 3024 comburebantur.
1992 2970 2185 3034 Quan-

535 3059 662 3113 tum
691 3074 826 3114 vero
855 3059 930 3114 ad
962 3059 1225 3114 altiorem
1250 3058 1614 3115 intellectum
1640 3059 1998 3131 attinet;per
2021 3057 2181 3127 Sion,

536 3161 668 3216 quas
701 3145 1122 3218 interpretatur
1150 3145 1454 3218 speculum
1477 3147 1598 3202 sive
1627 3145 2188 3219 speculatio,intelli-

2215 1852 2263 1916 B

2281 570 2544 624 berasset
2585 583 2720 622 eum
2755 565 3040 621 Dominus
3087 565 3157 621 de
3202 566 3460 623 manibus
3501 569 3806 646 Assyriorum,

2285 655 2570 713 convertit
2599 653 2883 728 populum
2912 653 3078 708 Judaa
3107 670 3142 709 a
3165 653 3351 722 malis,
3379 653 3456 710 in
3481 657 3662 728 quibus
3698 669 3810 734 pater

2285 747 2412 818 ejus
2465 744 2600 800 fecit
2631 743 2921 799 declinare
2947 742 3159 797 Judam
3189 747 3248 798 et
3274 743 3552 814 Benjamin
3581 763 3610 802 a
3643 749 3715 806 via
3733 753 3808 810 Do-

2288 834 2434 890 mini
2465 834 2536 904 (II
2561 833 2752 888 Pural.
2785 831 2960 904 xxxx).
2991 832 3061 887 Et
3089 847 3203 887 non
3234 830 3417 888 solum
3452 831 3571 889 illos
3609 843 3812 899 convertit

2289 923 2363 979 ad
2391 923 2570 978 ritum
2601 921 2723 990 Dei,
2755 921 2858 993 qui
2889 921 3000 975 sub
3030 921 3158 990 ejus
3191 920 3461 992 regimine
3487 923 3736 998 degebant,
3757 931 3810 984 vi-

2290 1011 2499 1066 delicet
2527 1011 2740 1066 Judam
2771 1013 2830 1064 et
2861 1009 3164 1080 Benjamin
3199 1025 3213 1064 :
3244 1026 3435 1065 verum
3463 1011 3614 1067 etiam
3639 1031 3717 1086 per
3741 1019 3812 1074 Ec.

2291 1099 2502 1156 clesias
2547 1115 2686 1155 suas
2715 1097 3002 1154 revocavit
3028 1096 3158 1154 illos
3187 1097 3287 1170 qui
3316 1108 3669 1157 remanserant
3691 1104 3733 1158 in
3753 1108 3816 1162 de.

2293 1205 2420 1246 cem
2451 1188 2664 1245 tribus.

2872 1311 3104 1369 CAPUT
3142 1311 3354 1369 XXXII.

2367 1479 2396 1506 ‹‹
2423 1457 2569 1512 Ecce
2598 1454 2658 1510 in
2681 1454 2919 1526 justitia
2947 1454 3235 1527 regnabit,
3265 1458 3321 1510 et
3347 1455 3610 1529 principes
3649 1459 3692 1514 in
3709 1461 3817 1532 judi-

2297 1545 2386 1600 cio
2417 1548 2725 1617 prmerunt.
2755 1567 2784 1593 υ
2814 1543 2895 1599 De
2925 1542 3173 1599 Domino
3203 1547 3260 1598 et
3288 1545 3550 1616 apostolis
3574 1547 3678 1619 ejus
3699 1548 3820 1623 loqui-

2297 1638 2396 1689 tur
2425 1634 2597 1689 modo
2627 1649 2820 1688 sermo
2851 1631 3522 1706 propheticus.Dominus
3547 1635 3822 1709 ipseinjusti-

2297 1722 2381 1778 tia
2405 1725 2632 1796 regnat,
2663 1721 2803 1794 quia
2827 1721 2953 1792 ipse
2990 1721 3160 1777 docet
3207 1737 3313 1778 nos
3358 1725 3618 1794 quomodo
3650 1726 3767 1798 juste
3785 1731 3821 1782 et

2299 1815 2453 1868 recte
2483 1807 2769 1866 vivamus.
2801 1811 2948 1866 Nam
2981 1810 3109 1882 ipse
3137 1814 3228 1867 est
3257 1828 3372 1881 rex,
3403 1811 3498 1884 qui
3518 1814 3643 1886 regit
3665 1820 3820 1872 mentes

2297 1899 2615 1957 electorum
2640 1915 2906 1955 suorum.
2923 1900 3052 1973 Ipse
3074 1904 3167 1956 est
3185 1916 3304 1968 rex,
3334 1901 3430 1973 qui
3455 1901 3665 1958 daturus
3677 1907 3741 1960 est
3754 1902 3823 1959 ele-

2297 1989 2408 2045 ctis
2435 1989 2563 2045 suis
2593 2005 2840 2062 regnum
2864 1989 3052 2044 Patris
3075 1988 3138 2044 in
3159 1989 3250 2045 die
3272 1989 3822 2062 judicii,dicens:Pemi-

2296 2079 2416 2152 pite
2445 2095 2712 2152 regnum,
2745 2079 2900 2150 quod
2928 2077 3092 2134 vobis
3137 2082 3408 2151 paratum
3453 2085 3534 2136 est
3574 2081 3634 2136 ab
3671 2080 3822 2153 origine

2297 2168 2501 2224 mundi
2527 2167 2734 2237 (Matth.
2765 2167 2995 2239 xxv).In
3019 2167 3260 2239 justitia
3288 2167 3456 2224 etiam
3481 2170 3700 2244 regnabit
3716 2170 3822 2226 Chri-

2297 2261 2447 2326 stus,
2463 2257 2604 2328 quia
2628 2272 2940 2329 personam
2962 2255 3221 2328 alicujus
3239 2256 3486 2314 hominis
3501 2257 3554 2313 in
3565 2258 3823 2330 judicionon

2296 2344 2542 2417 accipiet
2568 2344 2629 2400 in
2660 2345 2918 2401 secundo
2949 2345 3230 2414 adventu,
3261 2346 3430 2403 sicuti
3461 2363 3554 2404 nec
3597 2346 3646 2402 in
3682 2348 3822 2420 primo.

2297 2432 2479 2504 Cujus
2509 2433 2804 2505 principes
2837 2432 3214 2506 appellantur
3261 2435 3514 2508 apostoli,
3542 2435 3627 2508 qui
3663 2433 3774 2491 docti
3804 2449 3826 2488 ι

2294 2520 2535 2577 veritate
2583 2525 2643 2576 et
2677 2520 2914 2592 justitia
2949 2520 3248 2592 judicium
3296 2522 3712 2595 praedicaverunt.
3741 2520 3825 2592 ipso

2296 2609 2542 2682 spiritus
2563 2609 2790 2681 judicio
2821 2627 2925 2682 per
2951 2608 3196 2666 illorum
3229 2610 3656 2684 praedicationem
3679 2607 3825 2681 repleta

2297 2704 2387 2756 est
2415 2699 2610 2755 omnis
2641 2703 2796 2754 terra
2841 2697 3086 2754 scientia
3131 2699 3370 2756 Domini
3411 2700 3570 2770 (Psal.
3597 2700 3736 2766 xvui),
3759 2711 3825 2752 nec

2295 2787 2408 2861 ipsi
2439 2786 2614 2843 etiam
2635 2787 2974 2858 judicantes
3002 2804 3322 2860 personam
3352 2787 3582 2860 alicujus
3607 2785 3822 2858 accipient.

2367 2899 2396 2926 ‹‹
2429 2877 2500 2932 Et
2527 2875 2638 2932 erit
2669 2874 2756 2930 vir
2786 2875 2942 2932 sicut
2969 2876 3068 2948 qui
3101 2876 3482 2933 absconditur
3507 2895 3538 2932 a
3559 2880 3710 2932 vento.
3735 2895 3756 2923 ι»
3775 2872 3826 2928 De

2293 2965 2508 3038 populo
2538 2963 2902 3020 credentium
2934 2963 3202 3036 loquitur
3237 2965 3428 3035 modo,
3458 2965 3548 3038 qui
3591 2981 3622 3020 ιι
3656 2961 3826 3019 Domino

2293 3053 2620 3126 protegitur
2633 3056 2690 3109 et
2717 3053 3052 3108 defenditur
3065 3053 3137 3109 ab
3174 3054 3414 3111 incursu
3431 3050 3825 3118 dasmonumdans

2291 3139 2427 3195 inde
2455 3145 2576 3196 tres
2605 3137 3022 3195 similitudines
3057 3156 3070 3194 :
3105 3139 3297 3209 Sicut,
3328 3139 3598 3214 inquiens,
3625 3138 3703 3210 qui
3738 3136 3824 3190 abs-

536 3232 698 3305 gitur
725 3233 940 3289 Sancta
965 3234 1224 3289 Ecclesia
1251 3236 1322 3289 de
1351 3235 1629 3308 gentibus
1657 3218 1729 3290 ad
1760 3235 1936 3291 ﬁdem
1967 3235 2184 3292 Christi
2214 3218 2257 3285 C
2294 3228 2493 3285 condit
2522 3245 2585 3284 se
2611 3227 2669 3283 in
2701 3228 2874 3283 domo
2905 3231 3142 3300 propter
3174 3229 3412 3294 ventum
3425 3228 3652 3286 Vilide
3675 3228 3827 3282 εἴωθ’

538 3319 906 3388 coadunata;
957 3321 1340 3387 Hierusalem,
1386 3339 1515 3393 quae
1571 3323 1988 3394 interpretatur
2040 3323 2185 3380 visio

534 3405 721 3480 pacis,
751 3407 1045 3464 caelestem
1085 3407 1338 3480 patriam
1387 3408 1702 3482 significat.
1740 3411 1846 3466 Per
1889 3411 2084 3485 ignem
2129 3417 2187 3470 et

534 3493 1393 3568 caminum,intelligiturardor
1411 3496 1628 3552 amoris
1649 3501 1705 3552 et
1720 3497 2050 3556 dilectionis
2067 3517 2183 3572 quo

535 3584 742 3640 ardent
771 3588 828 3640 et
848 3583 1100 3656 ﬂagrant
1130 3601 1336 3640 omnes
1357 3584 1525 3640 electi
1558 3601 1696 3647 erga
1717 3585 1900 3642 Deum
1919 3592 1977 3644 et
1996 3589 2184 3661 proxi-

533 3688 720 3742 mum,
752 3677 877 3729 tam
907 3673 967 3728 in
1007 3675 1278 3746 praesenti
1328 3673 1538 3730 saeculo
1577 3675 1878 3743 constitui,
1913 3693 2090 3748 quam
2121 3677 2180 3734 in

531 3777 789 3833 superna
819 3762 1202 3818 Hierusalem.
1227 3765 1390 3830 Quod
1423 3763 1581 3819 enim
1615 3780 1717 3836 per
1746 3764 1941 3837 ignem
1964 3765 2184 3838 signifi-

531 3853 698 3906 cetur
726 3849 956 3906 dilectio
987 3851 1089 3907 Dei
1120 3856 1178 3907 et
1206 3851 1478 3924 proximi,
1509 3852 1848 3909 manifestat
1893 3853 2180 3910 Dominus

529 3955 667 3997 cum
695 3940 876 3996 dicit:
902 3962 931 3992 ‹‹
963 3943 1163 4014 Ignem
1194 3940 1324 3996 veni
1350 3941 1583 3998 mittere
1609 3942 1667 3996 in
1697 3946 1936 4011 terram,
1957 3947 2015 4000 et
2037 3944 2179 4016 quid

527 4027 658 4086 volo
668 4028 784 4086 nisi
803 4032 868 4085 ut
883 4029 1120 4086 ardeat?
1140 4051 1168 4082 ››
1196 4031 1348 4099 (Luc.
1372 4033 1499 4099 x11.)
1523 4031 1635 4088 Sed
1657 4030 2176 4101 considerandum,

529 4117 672 4191 quia
698 4117 773 4175 ad
801 4118 1298 4191 comparationem
1325 4119 1539 4174 camini
1561 4120 1716 4192 ignis
1747 4138 1962 4194 parvus
1984 4127 2178 4194 potest

529 4224 680 4278 esse,
693 4211 752 4264 et
771 4212 1060 4281 quantum
1073 4207 1536 4280 estinterignem
1549 4226 1793 4281 parvum
1807 4213 1864 4266 et
1875 4209 2186 4266 caminum-

529 4295 874 4366 maximum,
899 4300 1131 4352 tantum
1163 4295 1406 4352 interest
1435 4301 1492 4351 et
1523 4296 1706 4353 multo
1735 4297 1992 4370 amplius
2024 4299 2178 4355 inter

527 4401 789 4442 amorem
815 4388 874 4442 et
902 4384 1184 4441 fervorem
1217 4383 1548 4440 dilectionis
1578 4384 1680 4441 Dei
1729 4402 1905 4458 quem
1954 4387 2175 4443 habent

524 4474 700 4530 modo
730 4472 898 4530 electi
928 4473 989 4529 in
1021 4472 1291 4546 praesenti
1324 4471 1558 4541 saeculo,
1581 4477 1638 4528 et
1665 4473 1832 4529 illum
1863 4491 2037 4547 quem
2069 4475 2172 4532 ha-

523 4562 665 4619 bent
691 4563 880 4620 sancti
905 4563 1033 4636 jam
1065 4561 1397 4635 compuncti
1434 4561 1681 4618 Domino
1713 4563 1771 4618 in
1821 4563 1984 4619 caelo.
2018 4565 2174 4622 Dixit

520 4666 660 4724 ergo
681 4651 967 4708 Dominus
979 4653 1072 4722 cuj
1082 4651 1315 4724 usignis
1331 4656 1440 4719 est,
1461 4651 1518 4706 id
1541 4655 1631 4707 est
1647 4651 2173 4710 fervordilectionis

520 4739 582 4796 in
612 4739 871 4796 Ecclesia
900 4740 1092 4812 posita
1120 4740 1312 4795 adhuc
1342 4741 1401 4795 in
1429 4744 1677 4806 terra,et
1705 4742 1878 4814 cujus
1903 4742 2170 4800 caminus

518 4832 632 4900 est,
665 4827 723 4882 id
755 4832 846 4884 est
874 4827 1176 4900 plenitudo
1207 4828 1537 4884 dilectionis
1569 4830 1627 4884 in
1660 4829 1877 4886 caelesti
1898 4830 2170 4904 Hierusa-

518 4916 767 4985 lem,cui
790 4915 981 4973 dicere
1003 4916 1192 4972 facere
1227 4921 1347 4972 est:
1379 4917 1520 4988 quia
1540 4917 1586 4972 si
1621 4919 1985 4991 projeceritis
2015 4920 2172 4977 idola

517 5011 730 5075 vestra,
746 5006 915 5062 illum
933 5005 1144 5063 vestris
1165 5006 1334 5062 bonis
1355 5006 1628 5078 operibus
1651 5007 2169 5082 placaveritis,ipse

517 5096 808 5169 pugnabit
827 5112 931 5168 pro
953 5095 1201 5163 vobis,et
1223 5095 1392 5150 cadet
1410 5097 1597 5150 Assur
1619 5095 1675 5149 in
1695 5095 1889 5168 gladio
1905 5113 2018 5151 non
2035 5098 2163 5166 viri,

519 5184 622 5239 sed
653 5185 1023 5242 devorabitur
1052 5185 1124 5240 ab
1147 5183 1280 5258 igne
1309 5182 1770 5251 coelesti,Dicunt
1789 5183 1966 5238 etiam
1985 5184 2164 5258 aliqui

519 5271 825 5329 doctorum
847 5273 960 5330 alio
986 5274 1159 5330 modo
1181 5273 1340 5328 istud
1373 5274 1527 5346 quod
1552 5273 1794 5328 dicitur:
1819 5271 1882 5326 In
1900 5272 1990 5328 die
2007 5273 2164 5330 enim

517 5357 620 5416 illa
647 5363 912 5434 projiciet
936 5363 1024 5418 vir
1053 5363 1210 5418 idola
1239 5363 1463 5436 argenti
1499 5361 1737 5428 sui,hoc
1767 5365 1856 5418 est
1876 5362 2166 5418 cumceci-

519 5444 670 5502 derit
694 5449 879 5504 Assur
907 5449 966 5503 in
999 5449 1194 5520 gladio
1225 5467 1341 5506 non
1373 5448 1651 5517 hominis,
1684 5453 1742 5505 et
1773 5450 2032 5523 fugerint
2062 5467 2162 5521 pa-

515 5535 716 5589 ventes
744 5535 1038 5609 principes
1069 5537 1469 5610 ejus,abjiciet
1497 5538 1585 5593 vir
1612 5537 1770 5594 idola
1799 5538 2024 5610 argenti
2043 5539 2158 5605 sui,

2293 3320 2580 3389 pestatem
2610 3315 2854 3372 nimiam
2886 3321 2944 3372 et
2973 3317 3336 3388 requiescit;
3365 3322 3421 3374 et
3448 3317 3585 3374 sicut
3621 3314 3699 3388 qui
3730 3311 3823 3376 sitit,

2293 3421 2429 3461 cum
2457 3404 2742 3460 invenerit
2783 3403 2938 3460 rivos
2969 3421 3264 3477 aquarum
3296 3406 3440 3463 bibit
3479 3410 3534 3462 et
3569 3400 3826 3461 refecillatur

2293 3494 2491 3550 anima
2517 3492 2718 3562 illius;
2752 3497 2811 3549 et
2840 3492 2994 3550 sicut
3023 3493 3127 3566 qui
3179 3494 3442 3552 ambulat
3484 3511 3578 3568 per
3615 3492 3825 3548 descitum

2291 3585 2496 3640 urente
2522 3581 2642 3639 sole
2673 3598 2808 3638 cum
2836 3581 3123 3640 invenerit
3156 3583 3322 3640 mirae
3374 3579 3734 3657 magnitudinis
3759 3590 3825 3649 pe-

2289 3675 2465 3739 tram,
2497 3672 2608 3728 sub
2642 3672 2854 3727 umbra
2877 3670 3040 3728 illius
3069 3673 3402 3748 protegitur
3429 3691 3462 3730 a
3489 3671 3652 3730 calore
3675 3667 3824 3724 nimio:

2289 3761 2374 3818 sic
2402 3761 2522 3817 erit.
2539 3761 2641 3834 qui
2664 3760 2976 3816 crediderit
2998 3765 3308 3833 protectus
3327 3781 3362 3820 a
3390 3779 3515 3836 rege
3535 3757 3732 3818 Domino
3751 3754 3826 3810 Deo

2288 3855 2347 3906 et
2376 3850 2476 3922 qui
2507 3848 2721 3922 fugerit
2747 3849 2856 3906 sub
2888 3850 3099 3906 umbra
3123 3855 3349 3908 sancta:
3379 3851 3640 3908 Ecclesiae.

2359 3961 2388 3989 «
2421 3939 2546 3994 Non
2577 3937 2918 4012 caligabunt
2945 3939 3101 3996 oculi
3129 3941 3474 4010 videntium,
3505 3944 3557 3996 et
3596 3951 3732 3994 aures
3764 3946 3826 3986 au-

2285 4027 2596 4096 dientium,
2629 4050 2658 4079 »
2691 4027 2992 4084 Christum
3023 4051 3050 4079 ‹‹
3085 4028 3406 4104 diligenter
3429 4025 3787 4086 auscultabunt,
3807 4038 3825 4066 ι

2285 4115 2508 4172 monita
2537 4118 2684 4188 ejus.
2698 4115 2972 4173 Videntes
3004 4122 3061 4173 et
3089 4119 3401 4176 audientes
3423 4115 3737 4192 appellantur
3753 4109 3826 4163 isto

2284 4206 2344 4262 in
2375 4206 2500 4262 loco
2529 4205 2800 4278 apostoli.
2836 4207 2966 4278 Ipse
2995 4205 3152 4262 enim
3187 4207 3501 4265 audierunt
3541 4223 3574 4262 a
3613 4199 3825 4261 Domino:

2284 4319 2312 4347 «
2349 4291 2507 4352 Beati
2537 4294 2689 4351 oculi
2723 4294 2824 4367 qui
2855 4294 3054 4351 vident
3083 4312 3213 4369 quae
3243 4314 3348 4354 vos
3393 4295 3605 4363 videtis,
3631 4296 3678 4348 et
3709 4299 3828 4344 aures

2281 4401 2410 4456 qum
2439 4383 2692 4440 audiunt
2721 4399 2850 4456 quae
2879 4399 2981 4439 vos
3010 4384 3233 4441 auditis
3261 4385 3464 4456 (Matth.
3492 4383 3620 4455 xm),
3647 4401 3671 4432 η
3695 4380 3738 4434 el
3758 4389 3827 4430 σε’

2280 4477 2424 4528 tera.
2457 4473 2603 4528 Nam
2637 4473 2794 4544 quod
2823 4472 3120 4545 prophetas
3151 4474 3556 4547 praedixerunt,
3583 4462 3828 4532 etinenig-

2283 4568 2438 4618 male
2469 4580 2535 4618 ac
2567 4560 2806 4634 speculo
2833 4561 3106 4618 viderunt
3138 4579 3151 4619 :
3188 4563 3286 4621 isti
3329 4568 3387 4620 et
3431 4561 3604 4620 oculis
3643 4547 3828 4627 corpoﬁs

2281 4656 2339 4708 et
2384 4651 2569 4708 oculis
2614 4651 2832 4707 mentis
2877 4650 3170 4708 viderunt.
3223 4654 3405 4709 Aures
3452 4650 3610 4708 etiam
3651 4641 3828 4720 possunt

2281 4741 2561 4814 appellari
2591 4739 2896 4814 apostolici
2927 4739 3033 4796 viri
3063 4744 3122 4797 et
3169 4743 3490 4809 credentes,
3521 4737 3612 4813 qui
3649 4732 3831 4790 libenter

2276 4831 2452 4886 verba
2479 4829 2710 4886 Domini
2741 4833 3147 4902 susceperunt.
3181 4829 3468 4887 Dominus
3499 4829 3638 4884 enim
3663 4819 3771 4878 dicit
3790 4815 3829 4869 in

2276 4919 2632 4993 Evangelia:
2682 4943 2710 4970 «
2762 4919 2870 4986 Qui
2929 4919 3103 4976 habet
3148 4937 3322 4977 aures
3379 4915 3650 4983 audiendi,
3686 4904 3831 4999 audiat

2277 5008 2429 5080 (Luc.
2458 5011 2607 5077 vnn).
2640 5031 2668 5059 »
2712 5006 2996 5064 Similiter
3043 5011 3101 5063 ct
3145 5008 3408 5066 Joannes
3461 5007 3517 5063 in
3563 4996 3831 5075 Apocﬁllt'l’si

2275 5097 2428 5170 (Cap.
2463 5113 2503 5151 ιι
2535 5101 2592 5152 et
2616 5096 2701 5169 ιιι)
2729 5113 2838 5152 sua
2866 5094 3116 5168 loquens
3136 5097 3209 5154 ad
3243 5101 3464 5170 septem
3491 5088 3745 5152 ecclesias.

2343 5207 2372 5237 «
2407 5183 2518 5240 Cor
2563 5185 2877 5242 stultorum
2919 5184 3205 5260 intelliget
3253 5184 3574 5250 scientiam,
3599 5183 3649 5236 et
3685 5173 3833 5260 lingua

2273 5273 2582 5353 balborum
2615 5274 2886 5332 velociter
2905 5254 3178 5348 loquetur
3194 5279 3252 5330 et
3272 5275 3461 5347 plane.
3486 5295 3513 5323 ››
3532 5254 3832 5353 ΞῑιιΙιίεριξϐΙς

2272 5351 2548 5420 labantur
2571 5363 2671 5436 qui
2702 5382 2818 5420 non
2850 5347 3148 5421 habebant
3173 5369 3309 5420 ante
3338 5365 3632 5420 adventum
3657 5347 3830 5410 Domini

2271 5452 2576 5508 scientiam
2599 5470 2788 5526 neque
2818 5454 3116 5522 ﬁdem,uti
3149 5454 3386 5510 fuerunt
3414 5445 3657 5524 apostoli.
3670 5437 3829 5526 Balli“?s

2271 5543 2360 5596 est
2389 5541 2490 5612 qui
2522 5558 2638 5596 non
2669 5523 2862 5614 potest
2881 5541 3145 5616 expedite
3173 5523 3461 5616 loqui,vel
3479 5539 3572 5613 qui
3591 5548 3690 5591 non
3703 5523 3831 5616 hab-‘3t

513 5621 575 5683 et
601 5625 966 5680 convertetur
995 5625 1068 5684 ad
1097 5609 1436 5686 Dominum.
1467 5627 1586 5684 Hoc
1633 5609 2021 5704 adimpletum
2071 5631 2162 5686 est
2268 5609 2586 5704 perfectam
2602 5609 2927 5690 ﬁdem.Sed
2951 5609 3090 5708 quid
3115 5609 3552 5690 fecit-Dominus
3577 5617 3771 5680 veniens
3784 5609 3828 5666 in

3951 3339 3954 3484 ι
