4090 6192
319 288 432 353 881

1350 290 1796 355 'COMMENT.
1845 294 1926 356 lN
1971 272 2268 357 I‘SAIAM.
2303 332 2380 343 —
2411 264 2560 361 LIB.
2605 270 2684 362 Il.
2756 264 2761 268 ’

3617 312 3739 374 882

322 416 498 495 (Joan.
551 423 629 492 v).
672 416 939 485 Christus
969 403 1106 497 ergo
1135 418 1196 480 in
1227 421 1542 481 solitudine
1586 424 1835 495 habitat,
1869 427 1979 487 hoc
2008 426 2066 498 Α
2093 416 2354 490 Ecclesia
2384 432 2443 489 in
2473 431 2574 491 illo
2605 439 2823 504 manet,
2857 434 3093 510 quando
3124 437 3233 494 erit
3261 438 3417 497 Deus
3456 440 3654 499 omnia
3683 442 3744 501 in

325 512 504 574 estin
537 511 815 571 cordibus
846 512 1156 587 gentilium
1189 528 1293 587 per
1314 513 1488 570 ﬁdem
1518 518 1576 571 et
1591 515 1984 586 dilectionem,

321 609 381 661 et
407 601 536 678 ipse
567 600 667 676 qui
689 604 779 657 est
801 602 1039 674 justitia
1069 605 1126 659 et
1153 601 1371 660 veritas
1402 605 1564 661 sedet
1591 603 1652 660 in
1696 605 1983 678 Chermel,

319 690 436 749 hoc
468 696 558 748 est
586 689 646 747 in
680 693 1134 765 congregatione
1166 691 1452 762 fidelium,
1483 693 1583 766 qui
1627 682 1824 751 veram
1875 696 1984 753 cir-

330 780 756 839 cumcisionem
812 780 1047 838 habent.
1102 781 1163 839 Si
1212 781 1370 838 enim
1421 781 1565 838 dicit
1617 784 1980 856 Apostolus:

320 871 640 945 Templum
671 870 775 927 Dei
803 874 1076 949 sanctum
1120 876 1210 928 est
1254 872 1410 944 quod
1459 871 1602 929 estis
1648 890 1751 930 vos
1786 876 1831 944 (I
1858 874 1981 932 Gor.

318 976 408 1026 ιιι,
440 960 535 1033 6);
567 964 624 1016 et
654 976 667 1015 :
707 959 981 1018 Habitare
1010 960 1312 1017 Christum
1343 978 1447 1033 per
1478 961 1652 1018 ﬁdem
1682 961 1742 1016 in
1792 963 1981 1018 cordi-

314 1052 430 1107 bus
458 1050 672 1107 vestris
702 1050 918 1123 (Ephes.
953 1050 1069 1124 in);
1097 1055 1155 1107 et
1184 1049 1310 1124 ipse
1347 1050 1633 1108 Dominus
1664 1068 1678 1107 :
1713 1051 1820 1118 Qui
1850 1069 1980 1108 ma-

316 1145 417 1197 net
445 1141 507 1196 in
553 1156 669 1208 me,
694 1144 753 1196 et
797 1156 904 1214 ego
935 1139 995 1195 in
1046 1157 1113 1198 eo
1136 1128 1312 1213 (Icari.
1344 1140 1468 1213 xv);
1501 1144 1558 1195 et
1588 1158 1692 1214 per
1737 1142 1982 1214 prophe-

313 1235 437 1286 tam
472 1244 487 1284 :
519 1228 866 1285 Inhabitabo
885 1228 946 1284 in
969 1227 1086 1286 illis
1107 1233 1164 1285 et
1192 1227 1572 1285 inambulabe
1594 1232 1782 1303 (Leuit.
1802 1231 1975 1303 xxvr).

314 1342 343 1371 α
376 1316 449 1375 Et
496 1316 606 1373 erit
651 1335 800 1390 opus
839 1316 1086 1388 justitiaa
1134 1335 1266 1392 pax,
1300 1340 1327 1368 »
1363 1318 1421 1373 id
1473 1322 1562 1375 est
1601 1318 1839 1388 Christi,
1876 1319 1977 1392 qui

313 1406 507 1465 dixit:
540 1407 748 1463 Pacem
805 1407 1072 1481 relinquo
1128 1406 1314 1475 vobis,
1373 1424 1577 1480 pacem
1647 1425 1842 1465 meam
1901 1408 1974 1464 do

312 1494 481 1553 vobis
510 1497 689 1566 (Joan.
720 1495 837 1569 xxv)
871 1513 1015 1571 :pro
1063 1513 1129 1553 eo
1178 1496 1335 1570 quod
1383 1501 1473 1552 est
1515 1497 1686 1554 dabo.
1722 1498 1870 1565 Quia
1900 1498 1973 1555 ad

310 1585 421 1642 hoc
450 1584 628 1654 venit,
662 1588 728 1641 ut
756 1584 1047 1641 mundum
1078 1602 1184 1659 per
1212 1601 1387 1642 suum
1411 1586 1760 1659 sanguinem
1791 1586 1975 1660 pasci-

315 1675 521 1730 ﬁcaret
546 1673 665 1730 Deo
688 1672 864 1730 Patri.
899 1697 927 1725 ‹‹
959 1675 1030 1730 Et
1075 1672 1533 1746 cultusjustitiae
1581 1674 1905 1732 silentium.
1942 1700 1969 1728 »

305 1761 534 1831 Cultus,
566 1761 677 1818 hoc
706 1765 796 1819 est
826 1761 1027 1838 religio
1061 1760 1298 1830 Christi,
1330 1760 1478 1819 ﬁdes
1524 1767 1615 1820 est
1665 1768 1724 1820 et
1763 1782 1968 1838 opera—

301 1848 387 1908 tio
419 1868 535 1908 non
567 1850 726 1908 ﬁcta.
756 1851 920 1918 Quod
954 1855 1151 1909 autem
1175 1851 1318 1908 dicit
1347 1851 1543 1908 cultus
1567 1853 1812 1925 justitia:
1858 1855 1969 1913 erit

303 1939 627 2008 silentium,
659 1940 919 1997 ostendit
948 1939 1090 2014 quia
1118 1940 1373 2015 gentiles
1399 1941 1501 2014 qui
1532 1941 1718 1999 Deum
1748 1942 1966 2017 ubique

301 2033 650 2105 praesentem
680 2046 809 2087 esse
861 2030 1147 2101 sentiunt,
1180 2049 1299 2087 non
1334 2032 1396 2086 in
1428 2031 1801 2105 multiloquio
1850 2050 1968 2089 cre-

298 2119 451 2177 dunt
506 2137 569 2176 se
625 2119 910 2189 exaudiri,
951 2119 1110 2177 sicut
1162 2120 1371 2176 scriba:
1426 2124 1483 2177 et
1536 2120 1831 2191 Pharisaei,
1864 2123 1965 2196 qui

301 2212 509 2266 amant
538 2208 599 2264 in
630 2207 867 2282 angulis
897 2207 1228 2281 platearum
1261 2212 1321 2265 et
1349 2208 1410 2265 in
1459 2210 1745 2283 competis
1778 2227 1962 2280 orare,

306 2302 376 2354 ut
402 2297 711 2353 videantur
739 2297 812 2354 ab
842 2296 1185 2354 hominibus
1217 2296 1421 2371 (Matth.
1454 2297 1555 2371 vr).
1587 2320 1615 2350 «
1650 2298 1719 2355 Et
1750 2300 1968 2355 securi-

305 2375 399 2444 tas
433 2403 621 2460 usque
645 2384 705 2441 in
738 2385 1191 2460 sempiternum.
1226 2408 1255 2437 »
1285 2385 1357 2443 Et
1385 2387 1484 2443 ubi
1515 2391 1606 2443 est
1634 2386 1778 2445 istas
1809 2405 1967 2444 secu-

307 2475 501 2534 ritas?
531 2476 596 2532 In
627 2475 905 2547 Ecclesia,
940 2475 1050 2541 hoc
1081 2479 1172 2533 est
1216 2476 1279 2532 in
1328 2476 1776 2551 congregatione
1824 2480 1964 2535 fide-

304 2562 481 2622 lium.
517 2564 716 2625 Sancti
750 2564 906 2622 enim
938 2562 1075 2621 licet
1112 2564 1459 2639 plerumque
1507 2568 1749 2624 adversa
1794 2568 1966 2631 istius

312 2653 513 2712 saeculi
547 2652 815 2722 tolerent,
848 2656 1045 2710 tamen
1079 2654 1138 2711 in
1171 2654 1484 2712 securitate
1514 2655 1801 2726 habitant,
1824 2656 1967 2713 certi

310 2744 386 2813 de
408 2760 509 2817 spe
527 2747 754 2800 aeternas
770 2743 1280 2800 remunerationis.
1298 2745 1443 2810 Quia
1460 2750 1765 2801 manentes
1775 2746 1967 2804 adhuc

306 2831 370 2891 in
425 2849 618 2903 carne,
654 2831 913 2889 cmlestia
960 2836 1157 2889 mente
1187 2833 1314 2905 jam
1355 2832 1678 2905 possident,
1708 2833 1966 2891 dicentes

305 2937 464 2995 cum.
491 2920 788 2995 Apostolo.
825 2943 853 2971 ‹‹
883 2918 1094 2978 Nostra
1150 2921 1510 2978 conversatio
1567 2922 1626 2977 in
1666 2921 1828 2980 ccelis
1874 2925 1967 2979 est

306 3011 541 3085 (Philip.
573 3014 651 3080 v).
688 3032 716 3060 »

381 3122 411 3150 ‹‹
432 3098 503 3155 Et
522 3099 751 3156 sedebit
775 3098 1029 3174 populus
1048 3115 1215 3156 meus
1232 3098 1291 3154 in
1315 3098 1753 3172 pulchritudine
1775 3100 1958 3173 pacis,

305 3193 368 3245 et
397 3189 458 3244 in
489 3168 887 3246 tabernaculis
919 3187 1164 3257 fiduciae,
1199 3191 1256 3243 et
1284 3168 1340 3251 in
1366 3186 1567 3262 requie
1598 3168 1896 3261 opulenta.
1933 3212 1961 3239 η
1995 3168 2042 3240 (ἶ

309 3277 602 3351 Populum
626 3278 769 3334 dicit
793 3278 905 3334 isto
937 3278 996 3332 in
1028 3276 1154 3334 loco
1185 3295 1300 3333 non
1330 3277 1641 3334 Judaicum
1666 3274 1765 3334 sed
1787 3277 1972 3353 genti-

306 3366 450 3436 lem,
466 3367 567 3439 qui
592 3368 764 3423 modo
786 3367 950 3423 sedet
968 3367 1030 3422 in
1050 3367 1313 3423 Ecclesia
1332 3366 1433 3423 ubi
1456 3372 1545 3423 est
1565 3367 1821 3424 maxima
1837 3367 1967 3440 pul-

309 3456 595 3522 chritudo
617 3455 677 3512 in
703 3456 909 3513 decore
940 3456 1097 3526 ﬁdei,
1121 3460 1178 3512 et
1206 3456 1465 3529 dignitas
1494 3460 1553 3512 et
1580 3474 1694 3529 pax
1734 3473 1971 3529 unaque

310 3544 644 3605 concordia.
670 3542 931 3602 Ecclesia
958 3561 1217 3616 namque
1243 3543 1304 3600 in
1327 3544 1764 3616 pulchritudine
1785 3545 1968 3613 sedet,

309 3632 540 3691 habens
571 3632 898 3707 episcopos,
930 3622 1323 3708 presbyteros,
1355 3633 1580 3701 levitas,
1615 3638 1971 3706 caeterosque

308 3724 534 3799 gradus
567 3721 785 3795 quibus
815 3722 1166 3792 adornatur;
1191 3727 1249 3778 et
1291 3722 1535 3795 insuper
1580 3726 1698 3778 tres
1736 3722 1972 3778 ordines

308 3812 689 3889 praelatorum
748 3811 1042 3885 virginum
1094 3816 1153 3867 et
1192 3812 1664 3885 conjugatorum.
1718 3812 1839 3867 Ista
1883 3814 1974 3867 est

310 3901 645 3975 clarissima
671 3899 1069 3975 pulchritudo.
1098 3898 1170 3955 Et
1198 3899 1259 3955 in
1291 3897 1686 3957 tabernaculis
1720 3898 1969 3957 ﬁduciae.

309 3990 532 4048 Sancta
558 3988 836 4056 Ecclesia,
853 4005 987 4045 cum
1015 3988 1092 4044 sit
1122 4005 1242 4044 una
1272 3988 1333 4044 in
1365 3988 1573 4059 ﬁde,in
1597 3988 1972 4060 baptismate,

308 4082 515 4135 tamen
550 4077 766 4136 diffusa
785 4082 876 4134 est
906 4093 1010 4149 per
1032 4079 1285 4150 quatuor
1300 4075 1471 4132 istius
1488 4075 1694 4132 mundi
1716 4075 1970 4146 climata,

308 4168 595 4226 habitans
624 4166 685 4223 in
715 4166 1111 4224 tabernaculis
1142 4165 1477 4222 ﬁduciaa.Et
1496 4164 1865 4239 quomodoin
1886 4168 1972 4223 ta-

310 4256 654 4315 bernaculis
673 4254 940 4313 ﬁduciae?
960 4254 1109 4322 Quia
1129 4254 1189 4309 in
1203 4252 1432 4311 Christo
1456 4254 1701 4311 fundata
1723 4253 1976 4327 est,quia

311 4348 405 4411 est
434 4346 588 4420 lapis
609 4343 913 4418 angularia
935 4343 1149 4418 (Ephes.
1176 4344 1258 4412 ιι),
1283 4359 1352 4399 ex
1372 4343 1604 4399 duobus
1628 4342 1865 4416 populis
1885 4360 1975 4398 co-

315 4435 535 4510 pulans
568 4433 680 4489 sibi
711 4448 893 4489 unam
922 4430 1266 4488 Ecclesiam.
1294 4428 1397 4487 Vel
1431 4431 1607 4487 etiam
1629 4430 1688 4486 in
1712 4428 1978 4487 taberna-

317 4524 474 4580 culis
497 4522 726 4578 ﬁducim
755 4520 983 4578 habitat
1006 4524 1199 4577 mente
1230 4536 1346 4575 non
1376 4536 1635 4592 corpore,
1659 4521 1729 4576 de
1761 4520 1978 4592 quibus
2008 4539 2054 4606 ι)

317 4611 469 4669 dixit
488 4610 835 4678 Dominus,«
860 4610 922 4666 In
942 4608 1115 4665 domo
1137 4608 1323 4665 Patris
1344 4607 1459 4664 mei
1481 4608 1816 4665 mansiones
1833 4606 1981 4664 mul-

318 4704 392 4756 tae
426 4703 570 4756 sunt
598 4700 776 4769 (Joan.
809 4697 947 4771 31v).
977 4720 1004 4747 n
1034 4697 1188 4753 Dum
1221 4695 1378 4752 enim
1401 4696 1586 4752 sancti
1634 4697 1694 4751 in
1733 4696 1981 4755 terrenis

318 4787 404 4847 nil
436 4788 729 4854 ambiunt,
755 4788 857 4844 sed
887 4789 1009 4842 toto
1038 4785 1256 4841 mentis
1287 4786 1493 4843 ardore
1543 4784 1802 4841 coalestia
1845 4803 1980 4842 con-

317 4874 582 4950 templan
591 4874 883 4950 tur,quasi
898 4875 955 4931 in
968 4874 1301 4933 cmlestibus
1314 4872 1708 4930 tabernaculis
1718 4872 1986 4930 habitant

318 4967 381 5022 in
403 4981 567 5039 spe.«
583 4966 654 5021 Et
674 4964 734 5019 in
758 4963 957 5037 requie
979 4963 1308 5037 opulenta,»
1336 4962 1446 5018 hoc
1464 4966 1553 5018 est
1569 4962 1780 5035 opibus
1793 4962 1987 5035 plena.

317 5057 538 5113 Sancta
559 5052 822 5111 Ecclesia
840 5054 899 5109 in
923 5053 1123 5127 requie
1145 5051 1425 5126 opulenta
1446 5051 1778 5124 sedet,quia
1800 5051 1984 5125 pasci-

317 5148 421 5201 tur
444 5142 746 5218 mysteriis
765 5142 995 5200 Veteris
1026 5142 1386 5199 Testamenti
1417 5144 1475 5196 et
1503 5139 1782 5197 Novi.Vel
1805 5141 1981 5197 etiam

316 5232 381 5288 in
407 5233 613 5306 requie
642 5231 922 5306 opulenta
952 5230 1195 5299 sedebit,
1227 5246 1363 5286 cum
1407 5228 1617 5285 viderit
1664 5229 1982 5285 Dominum

321 5321 532 5378 Jesum
565 5320 866 5377 Christum
897 5320 956 5375 in
988 5317 1176 5393 gloria
1205 5322 1461 5392 paterna:
1484 5317 1830 5389 majestatis,
1849 5336 1987 5390 quo-

326 5411 505 5467 modo
538 5410 711 5467 Pater
738 5409 800 5466 in
834 5409 979 5466 Filio
1011 5412 1068 5465 et
1099 5406 1284 5465 Filius
1331 5408 1390 5462 in
1441 5407 1607 5461 Patre
1636 5407 1812 5475 (Joan.
1845 5410 1983 5477 xw).

327 5504 386 5559 et
415 5499 674 5573 Spiritus
705 5502 947 5557 sanctus
977 5497 1037 5554 in
1072 5496 1427 5570 utroque.Et
1455 5512 1590 5551 cum
1618 5494 1831 5550 viderit
1852 5512 1990 5568 quo-

334 5590 510 5647 modo
529 5589 804 5646 Christus
826 5588 888 5643 in
909 5604 1150 5661 corpore
1180 5585 1478 5659 suo,quod
1500 5588 1591 5641 est
1622 5583 1898 5653 Ecclesia,
1931 5589 1990 5641 et

2097 522 2373 579 omnibus
2404 523 2451 594 (ι
2482 526 2605 595 Cor.
2628 523 2745 603 xv.)

2168 635 2195 660 ‹‹
2230 612 2461 671 Grande
2494 617 2688 669 autem
2712 638 2739 665 «
2773 614 2884 669 erit
2913 614 2972 670 in
3022 616 3401 674 descensione
3450 620 3657 689 saltus,
3689 625 3747 680 et

2095 699 2427 779 humilitate
2459 702 2872 759 humiliabitur
2902 703 3125 760 civitas.
3150 728 3176 753 »
3209 705 3434 762 Saltum
3464 713 3630 765 vocat
3650 712 3746 782 ju-

2093 789 2329 846 daicum
2360 790 2781 865 populum,qui
2808 792 2865 847 in
2898 792 3298 850 inﬁdelitatem
3323 796 3588 868 gentium
3610 816 3744 856 con-

2090 895 2295 935 versus
2327 885 2435 936 est.
2484 880 2603 936 Hoc
2651 882 2827 937 etiam
2875 882 3181 955 impletum
3230 888 3321 939 est
3368 888 3425 939 et
3464 884 3742 959 impletur

2092 968 2458 1040 quotidie,ad
2481 972 2806 1025 extremum
2840 970 3013 1025 etiam
3050 971 3108 1026 in
3140 971 3231 1027 die
3240 973 3450 1044 judieii
3472 973 3738 1049 implebi-

2090 1059 2209 1112 tur.
2226 1057 2478 1126 Grande,
2494 1056 2604 1114 hoc
2636 1062 2725 1113 est
2745 1063 3063 1131 tempestas
3083 1060 3479 1118 tribulationis
3509 1067 3563 1118 et
3585 1064 3737 1121 cala-

2089 1143 2314 1202 mitatis
2345 1163 2522 1221 super
2548 1147 2782 1202 Judzeos
2798 1148 2957 1202 venit
2988 1166 3001 1202 :
3034 1150 3268 1220 quando
3291 1150 3575 1207 interfecti
3599 1158 3739 1211 sunt

2088 1251 2123 1291 a
2150 1234 2451 1310 Romanis,
2483 1240 2539 1291 et
2569 1234 2773 1291 civitas
2804 1252 2870 1291 ac
2900 1236 3183 1309 templum
3224 1237 3457 1294 illorum
3503 1259 3738 1299 succen-

2086 1341 2220 1380 sum
2252 1328 2360 1392 est,
2392 1324 2622 1399 ipsique
2677 1329 3087 1380 remanserunt
3132 1343 3198 1381 ac
3247 1345 3349 1398 per
3396 1312 3735 1389 universum

2086 1412 2292 1471 mundi
2322 1413 2611 1470 ambitum
2644 1415 2906 1469 distracti
2930 1415 3276 1471 sunt.Modo
3306 1417 3484 1472 etiam
3513 1422 3734 1492 grando

2084 1502 2459 1559 miseriarum
2493 1520 2673 1577 super
2702 1501 2834 1559 illos
2864 1508 2971 1570 est,
2989 1504 3129 1577 quia
3157 1504 3217 1559 in
3247 1505 3584 1562 servitutem
3603 1524 3735 1581 gen-

2081 1591 2230 1647 tium
2265 1591 2484 1648 redacti
2515 1593 2759 1647 sunt.Et
2789 1593 2945 1664 quod
2976 1592 3211 1664 gravius
3239 1598 3347 1663 est,
3365 1593 3537 1650 alieni
3563 1614 3597 1651 a
3618 1597 3734 1653 Deo

2080 1680 2416 1746 existentes,
2443 1678 2703 1753 quotidie
2761 1679 3102 1735 miserrima:
3160 1680 3397 1738 illorum
3439 1682 3646 1739 anima:
3700 1704 3734 1740 a

2038 1782 2043 1844 ρ
2081 1768 2315 1824 diabolo
2340 1768 2728 1841 captivantur.
2746 1769 2807 1823 In
2841 1768 2936 1824 die
2956 1772 3152 1824 autem
3166 1769 3592 1844 judicii,super
3612 1790 3732 1829 om-

2076 1875 2181 1913 nes
2204 1856 2551 1929 quiDomini
2569 1855 3037 1928 prmdicationem
3061 1859 3577 1931 apostolorumque
3599 1861 3729 1932 ejus

2077 1947 2467 2018 despexerunt
2486 1949 2544 2001 et
2563 1945 2623 2000 in
2652 1944 3016 2001 inﬁdelitatis
3045 1963 3236 2002 errore
3256 1954 3726 2019 permanserunt,

2075 2035 2164 2091 ira
2193 2040 2250 2091 et
2281 2034 2569 2091 sententia
2597 2034 2698 2090 Dei
2721 2026 3139 2107 omnipotentis
3168 2053 3345 2109 super
3363 2035 3495 2093 illos
3514 2038 3723 2108 veniet,

2075 2125 2496 2198 tradenturque
2525 2123 2645 2197 igni
2677 2124 3293 2198 perpetuo,cruciandi
3323 2125 3381 2181 in
3414 2144 3652 2199 corpore
3672 2132 3728 2201 et

2075 2213 2135 2269 in
2158 2214 2378 2273 anima.

2147 2326 2175 2353 ‹‹
2210 2303 2366 2358 Beati
2400 2303 2499 2375 qui
2533 2301 2838 2358 seminatis
2871 2319 3048 2375 super
3070 2320 3275 2359 omnes
3296 2305 3724 2376 aquas,immit-

2076 2394 2266 2448 tentes
2294 2393 2501 2464 pedem
2537 2390 2701 2447 bovis
2754 2394 2812 2447 et
2840 2391 3011 2446 asini.
3038 2415 3064 2439 ››
3100 2392 3356 2448 Locutus
3400 2396 3488 2448 est
3536 2411 3727 2455 sermo

2075 2479 2310 2536 divinus
2341 2480 2625 2536 hactenus
2657 2480 2727 2535 de
2755 2479 3133 2534 subversione
3163 2483 3220 2534 et
3241 2479 3477 2536 miseria
3498 2480 3727 2537 Judan-

2075 2587 2239 2637 rum;
2271 2569 2556 2625 convertit
2586 2586 2648 2625 se
2669 2568 2882 2623 iterum
2906 2568 2975 2623 ad
3001 2566 3295 2640 apostolos
3318 2573 3374 2624 et
3393 2570 3727 2642 praedicato-

2075 2674 2168 2713 res
2201 2661 2457 2725 sanctos,
2475 2657 2573 2729 qui
2606 2656 2679 2712 ad
2712 2656 2886 2712 ﬁdem
2917 2655 3505 2723 vecaverunt,dicens
3530 2675 3542 2714 :
3570 2658 3727 2716 Beati

2075 2746 2176 2820 qui
2194 2736 2501 2803 seminatis
2522 2746 2763 2801 verbum
2781 2743 3077 2817 Evangelii
3100 2762 3165 2801 su
3175 2762 3277 2816 per
3295 2762 3499 2801 omnes
3520 2763 3725 2818 aquas,

2073 2836 2133 2891 id
2165 2839 2253 2891 est
2283 2852 2461 2909 super
2489 2835 2664 2891 corda
2712 2834 2980 2890 omnium
3026 2833 3315 2905 gentium,
3343 2833 3729 2893 immittentes

2074 2925 2303 2998 pedem,
2336 2924 2446 2979 hoc
2477 2928 2567 2980 est
2597 2922 2883 2979 actionem
2916 2921 3078 2978 bovis
3102 2926 3159 2977 et
3188 2921 3338 2978 asini
3386 2921 3447 2978 in
3493 2922 3729 2981 vincula

2074 3016 2495 3087 praeceptorum
2525 3010 2646 3068 Dei.
2680 3012 2787 3068 Per
2834 3013 3059 3077 bovem,
3089 3012 3245 3084 quod
3296 3015 3387 3067 est
3434 3012 3725 3070 mundum

2078 3098 2296 3156 animal
2315 3102 2372 3155 et
2378 3100 2445 3172 ju
2453 3116 2593 3173 gum
2607 3097 2806 3163 trahit,
2807 3098 3347 3171 judaicusgpopulus
3361 3098 3724 3173 designatur,

2080 3189 2219 3262 quia
2246 3192 2535 3261 praecepta
2577 3187 2676 3243 Dei
2724 3186 2899 3261 longa
2946 3206 3050 3259 per
3094 3190 3361 3259 tempora
3389 3189 3728 3249 custodiens

2078 3279 2339 3334 mundus
2365 3274 2679 3343 exstitit,et
2703 3292 2875 3349 grave
2888 3277 3102 3348 jugum
3135 3275 3281 3349 legis
3303 3275 3730 3334 sustinuit.Asi-

2078 3384 2192 3424 nus
2213 3365 2537 3437 autem,qui
2558 3364 2903 3420 immundus
2924 3364 3335 3436 est,signiﬁcat
3355 3360 3728 3439 gentiles,qui

2078 3473 2183 3529 per
2212 3454 2552 3510 idololatriae
2584 3452 2807 3508 cultuin
2842 3452 3130 3508 immundi
3163 3456 3219 3508 et
3265 3451 3451 3527 iniqui
3497 3454 3728 3511 exstite-

2080 3549 2218 3600 runt
2251 3561 2263 3598 :
2294 3543 2466 3617 longe
2488 3543 2694 3598 semoti
2717 3560 2751 3597 a
2772 3540 3100 3615 cognitione
3118 3546 3177 3597 et
3198 3542 3429 3597 servitio
3450 3543 3732 3598 Dei.Dicit

2079 3650 2217 3706 ergo
2248 3649 2439 3688 sermo
2470 3630 2702 3685 divinus
2737 3647 2750 3683 :
2777 3630 2933 3684 Beati
2958 3628 3166 3693 estis,o
3189 3630 3373 3684 sancti
3398 3630 3733 3702 praidicato-

2080 3723 2299 3794 res,qui
2324 3721 2650 3776 doctrinam
2674 3716 2965 3791 Evangelii
2990 3721 3046 3772 et
3063 3716 3302 3771 verbum
3322 3717 3453 3772 ﬁdei
3476 3718 3728 3774 semina-

2081 3810 2160 3865 tis
2181 3826 2357 3881 super
2376 3808 2556 3864 corda
2575 3807 2911 3862 Judaeorum
2929 3808 2986 3859 et
3014 3804 3729 3877 gentilium,immitentes,

2080 3898 2190 3953 hoc
2247 3900 2337 3953 est
2394 3896 2827 3951 introducentes
2885 3893 3172 3948 actionem
3228 3897 3285 3949 et
3336 3895 3732 3969 operationem

2079 3986 2314 4043 illorum
2350 3986 2410 4042 in
2439 3981 2671 4058 vincula
2700 3985 3119 4055 praeceptorum
3172 3981 3517 4052 ccelestium,
3551 3987 3617 4039 ut
3665 3999 3734 4039 ex

2083 4076 2313 4131 duobus
2369 4071 2603 4146 populis
2652 4088 2831 4126 unam
2882 4073 3146 4126 sanctam
3196 4076 3253 4125 et
3291 4071 3733 4128 immaculatam

2080 4162 2403 4221 Ecclesiam
2431 4160 2680 4217 Domino
2713 4159 2999 4214 aediﬁcare
3029 4158 3289 4231 possitis.
3718 4162 3719 4165 “

2653 4300 2886 4356 CAPUT
2923 4300 3167 4356 XXXIII.

2156 4454 2183 4482 ‹‹
2216 4429 2313 4486 Vae
2344 4429 2443 4501 qui
2474 4425 2984 4502 praidaris,nonne
3015 4429 3074 4480 et
3104 4426 3227 4496 ipse
3256 4425 3649 4497 prwdaberis?
3669 4427 3741 4482 Et

2086 4520 2188 4589 qui
2213 4506 2674 4591 spernis,nonne
2695 4519 2752 4570 et
2773 4504 2907 4586 ipse
2936 4511 3270 4585 sperncris?
3302 4535 3331 4561 ››
3361 4513 3574 4568 Contra
3596 4515 3737 4569 Sen-

2087 4607 2365 4664 nacherib
2384 4605 2555 4661 modo
2576 4603 2856 4675 loquitur.
2873 4601 3018 4655 Nam
3042 4600 3165 4671 ipse
3188 4617 3390 4655 omnes
3412 4600 3739 4673 provincias

2090 4702 2148 4753 et
2161 4696 2426 4769 regiones
2450 4711 2577 4764 qua:
2601 4690 2659 4744 in
2683 4686 2929 4744 circuitu
2953 4705 3058 4743 suo
3079 4688 3615 4762 erantdepradatus
3627 4695 3739 4762 est,

2091 4776 2149 4842 et
2174 4782 2415 4861 insuper
2436 4782 2635 4836 decem
2666 4778 2877 4849 tribus,
2893 4777 2963 4832 ad
2996 4776 3269 4831 ultimum
3302 4791 3506 4835 omnes
3537 4777 3738 4834 civita-

2093 4871 2357 4929 tesJudze
2383 4872 2440 4924 et
2471 4868 2775 4940 Benjamin
2796 4870 3005 4939 prmter
3020 4865 3379 4923 Hierusalem
3414 4883 3427 4921 :
3460 4871 3635 4939 atque
3665 4865 3739 4923 ob

2036 4976 2045 4987 ‘
2095 4957 2505 5033 hujuscemodi
2527 4973 2767 5012 causam
2797 4955 2984 5011 elatus
3016 4955 3076 5010 in
3098 4954 3434 5029 superbiam
3457 4952 3740 5028 gloriaba-

2040 5067 2052 5082 ἰ
2095 5055 2194 5107 tur
2215 5068 2323 5105 sua
2352 5046 2565 5103 virtute
2594 5050 2652 5103 et
2670 5046 2930 5119 potentia
2960 5045 3159 5101 omnia
3196 5044 3316 5099 hzec
3362 5044 3588 5110 fecisse,
3622 5061 3739 5101 non

2044 5164 2049 5170 ί
2092 5138 2351 5196 recolens
2375 5137 2527 5210 quod
2550 5140 2787 5208 propter
2808 5138 3045 5207 peccata
3058 5150 3260 5189 eorum
3281 5132 3622 5188 tradidisset
3641 5149 3741 5190 eos

2092 5228 2378 5285 Dominus
2408 5224 2468 5282 in
2490 5223 2926 5281 conculcatione
2950 5240 2963 5277 :
2984 5222 3227 5293 ideoque
3259 5220 3743 5294 dirigiturcontra

2094 5336 2228 5374 eum
2248 5333 2437 5373 sermo
2459 5315 2692 5370 divinus
2719 5330 2730 5367 :
2752 5311 2795 5366 Ο
2813 5309 3206 5367 Sennacberib
3228 5308 3742 5383 superbissime,tu

2095 5407 2195 5481 qui
2229 5404 2507 5479 praedaris
2538 5402 2704 5469 alios,
2739 5399 2940 5473 utique
2970 5399 3321 5473 prazdaberis
3370 5400 3442 5455 ab
3486 5399 3636 5456 aliis.
3670 5400 3742 5456 Et

2096 5496 2197 5569 qui
2227 5493 2474 5567 spernis,
2507 5492 2616 5546 hoc
2644 5492 2733 5545 est
2759 5489 3010 5562 despicis
3037 5505 3240 5544 omnes
3262 5493 3482 5563 gentes,
3504 5506 3741 5564 sperne-

2098 5586 2180 5641 ris
2200 5587 2257 5641 et
2277 5578 2689 5640 centemneris.
2718 5600 2745 5629 «
2768 5580 2909 5635 Cum
2932 5579 3431 5637 consummaveris
3451 5579 3741 5653 depraeda-
