  <div class='ocr_page' id='page_1' title='image "/cluster/home/n/w/nwhite01/storage/ocr_20150623/116/hvd.32044054759808/447.png"; bbox 0 0 4090 6192; ppageno 0'>
   <div class='ocr_carea' id='block_1_1' title="bbox 403 252 522 316">
    <p class='ocr_par' dir='ltr' id='par_1_1' title="bbox 403 252 522 316">
     <span class='ocr_line' id='line_1_1' title="bbox 403 252 522 316; baseline 0 0"><span class='ocrx_word' id='word_1_1' title='bbox 403 252 522 316; x_wconf 82' lang='grc'>883</span> 
     </span>
    </p>
   </div>
   <div class='ocr_carea' id='block_1_2' title="bbox 775 253 3449 320">
    <p class='ocr_par' dir='ltr' id='par_1_2' title="bbox 775 253 3449 320">
     <span class='ocr_line' id='line_1_2' title="bbox 775 253 3449 320; baseline 0 -4"><span class='ocrx_word' id='word_1_2' title='bbox 775 255 1177 319; x_wconf 81' lang='lat' dir='ltr'>HAYMONIS</span> <span class='ocrx_word' id='word_1_3' title='bbox 1221 256 1763 317; x_wconf 73' lang='lat' dir='ltr'>HALBERSTAT.</span> <span class='ocrx_word' id='word_1_4' title='bbox 1810 255 2058 317; x_wconf 81' lang='lat' dir='ltr'>EPISC.</span> <span class='ocrx_word' id='word_1_5' title='bbox 2109 253 2280 318; x_wconf 89' lang='lat' dir='ltr'>OPP.</span> <span class='ocrx_word' id='word_1_6' title='bbox 2330 257 2532 320; x_wconf 79' lang='lat' dir='ltr'>PAltS</span> <span class='ocrx_word' id='word_1_7' title='bbox 2577 257 2626 318; x_wconf 93' lang='grc' dir='ltr'>Ι.</span> <span class='ocrx_word' id='word_1_8' title='bbox 2674 291 2751 301; x_wconf 91' lang='lat'>--</span> <span class='ocrx_word' id='word_1_9' title='bbox 2794 256 3205 320; x_wconf 84' lang='lat' dir='ltr'>COMMENT.</span> <span class='ocrx_word' id='word_1_10' title='bbox 3249 255 3449 318; x_wconf 86' lang='lat' dir='ltr'><strong>BIBL.</strong></span> 
     </span>
    </p>
   </div>
   <div class='ocr_carea' id='block_1_3' title="bbox 3696 259 3824 322">
    <p class='ocr_par' dir='ltr' id='par_1_3' title="bbox 3696 259 3824 322">
     <span class='ocr_line' id='line_1_3' title="bbox 3696 259 3824 322; baseline -0.031 0"><span class='ocrx_word' id='word_1_11' title='bbox 3696 259 3824 322; x_wconf 74' lang='grc'>884</span> 
     </span>
    </p>
   </div>
   <div class='ocr_carea' id='block_1_4' title="bbox 401 386 3821 462">
    <p class='ocr_par' dir='ltr' id='par_1_4' title="bbox 401 386 3821 462">
     <span class='ocr_line' id='line_1_4' title="bbox 401 386 3821 462; baseline -0.001 -15"><span class='ocrx_word' id='word_1_12' title='bbox 401 389 623 447; x_wconf 80' lang='lat' dir='ltr'>tionem</span> <span class='ocrx_word' id='word_1_13' title='bbox 653 411 680 439; x_wconf 84' lang='lat'>»</span> <span class='ocrx_word' id='word_1_14' title='bbox 714 387 1064 462; x_wconf 64' lang='lat' dir='ltr'>Egypti,vcl</span> <span class='ocrx_word' id='word_1_15' title='bbox 1096 387 1517 455; x_wconf 68' lang='lat' dir='ltr'>Judeeae,etiam</span> <span class='ocrx_word' id='word_1_16' title='bbox 1539 390 1764 460; x_wconf 89' lang='lat' dir='ltr'>partem</span> <span class='ocrx_word' id='word_1_17' title='bbox 1787 387 2057 444; x_wconf 88' lang='lat' dir='ltr'>Hierusa—</span> <span class='ocrx_word' id='word_1_18' title='bbox 2083 387 2139 456; x_wconf 82' lang='grc' dir='ltr'><strong>Α</strong></span> <span class='ocrx_word' id='word_1_19' title='bbox 2168 393 2319 444; x_wconf 90' lang='lat' dir='ltr'>rant.</span> <span class='ocrx_word' id='word_1_20' title='bbox 2345 391 2478 446; x_wconf 91' lang='lat' dir='ltr'>Ideo</span> <span class='ocrx_word' id='word_1_21' title='bbox 2500 393 2697 446; x_wconf 88' lang='lat' dir='ltr'>autem</span> <span class='ocrx_word' id='word_1_22' title='bbox 2720 388 2861 446; x_wconf 82' lang='lat' dir='ltr'>dicit</span> <span class='ocrx_word' id='word_1_23' title='bbox 2885 407 2896 446; x_wconf 96' lang='lat'>:</span> <span class='ocrx_word' id='word_1_24' title='bbox 2925 389 3010 444; x_wconf 87' lang='lat' dir='ltr'>Ab</span> <span class='ocrx_word' id='word_1_25' title='bbox 3033 386 3382 446; x_wconf 85' lang='lat' dir='ltr'>exaltatione</span> <span class='ocrx_word' id='word_1_26' title='bbox 3401 391 3525 458; x_wconf 88' lang='lat' dir='ltr'>tua,</span> <span class='ocrx_word' id='word_1_27' title='bbox 3547 387 3821 459; x_wconf 84' lang='lat' dir='ltr'>Domine,</span> 
     </span>
    </p>
   </div>
   <div class='ocr_carea' id='block_1_5' title="bbox 402 475 2055 552">
    <p class='ocr_par' dir='ltr' id='par_1_5' title="bbox 402 475 2055 552">
     <span class='ocr_line' id='line_1_5' title="bbox 402 475 2055 552; baseline -0.001 -18"><span class='ocrx_word' id='word_1_28' title='bbox 402 479 519 536; x_wconf 89' lang='lat' dir='ltr'>lem</span> <span class='ocrx_word' id='word_1_29' title='bbox 575 497 754 552; x_wconf 90' lang='lat' dir='ltr'>quam</span> <span class='ocrx_word' id='word_1_30' title='bbox 794 479 988 534; x_wconf 89' lang='lat' dir='ltr'>Sobna</span> <span class='ocrx_word' id='word_1_31' title='bbox 1035 475 1300 531; x_wconf 82' lang='lat' dir='ltr'>tradidit.</span> <span class='ocrx_word' id='word_1_32' title='bbox 1339 499 1360 524; x_wconf 75' lang='grc' dir='ltr'><strong><em>α</em></strong></span> <span class='ocrx_word' id='word_1_33' title='bbox 1406 477 1865 548; x_wconf 73' lang='lat' dir='ltr'>Deprmdaberis,</span> <span class='ocrx_word' id='word_1_34' title='bbox 1917 495 2055 533; x_wconf 91' lang='lat' dir='ltr'>cum</span> 
     </span>
    </p>
   </div>
   <div class='ocr_carea' id='block_1_6' title="bbox 404 565 2057 641">
    <p class='ocr_par' dir='ltr' id='par_1_6' title="bbox 404 565 2057 641">
     <span class='ocr_line' id='line_1_6' title="bbox 404 565 2057 641; baseline 0.001 -16"><span class='ocrx_word' id='word_1_35' title='bbox 404 569 682 641; x_wconf 87' lang='lat' dir='ltr'>fatigatus</span> <span class='ocrx_word' id='word_1_36' title='bbox 703 565 944 622; x_wconf 83' lang='lat' dir='ltr'>desieris</span> <span class='ocrx_word' id='word_1_37' title='bbox 967 568 1356 632; x_wconf 82' lang='lat' dir='ltr'>contemnere,</span> <span class='ocrx_word' id='word_1_38' title='bbox 1382 566 1832 622; x_wconf 79' lang='lat' dir='ltr'>contemneris.»</span> <span class='ocrx_word' id='word_1_39' title='bbox 1855 569 1926 622; x_wconf 85' lang='lat' dir='ltr'>Et</span> <span class='ocrx_word' id='word_1_40' title='bbox 1949 568 2057 626; x_wconf 89' lang='lat' dir='ltr'>hoc</span> 
     </span>
    </p>
   </div>
   <div class='ocr_carea' id='block_1_7' title="bbox 403 648 2054 730">
    <p class='ocr_par' dir='ltr' id='par_1_7' title="bbox 403 648 2054 730">
     <span class='ocr_line' id='line_1_7' title="bbox 403 648 2054 730; baseline -0.001 -16"><span class='ocrx_word' id='word_1_41' title='bbox 403 648 789 730; x_wconf 83' lang='lat' dir='ltr'>adimpletum</span> <span class='ocrx_word' id='word_1_42' title='bbox 830 657 939 720; x_wconf 89' lang='lat' dir='ltr'>est,</span> <span class='ocrx_word' id='word_1_43' title='bbox 970 653 1124 710; x_wconf 84' lang='lat' dir='ltr'>sicut</span> <span class='ocrx_word' id='word_1_44' title='bbox 1154 653 1248 708; x_wconf 88' lang='lat' dir='ltr'>hic</span> <span class='ocrx_word' id='word_1_45' title='bbox 1279 654 1614 726; x_wconf 73' lang='lat' dir='ltr'>praedicitur</span> <span class='ocrx_word' id='word_1_46' title='bbox 1645 656 1730 728; x_wconf 88' lang='lat' dir='ltr'>(IV</span> <span class='ocrx_word' id='word_1_47' title='bbox 1759 658 1888 730; x_wconf 80' lang='lat' dir='ltr'>Reg.</span> <span class='ocrx_word' id='word_1_48' title='bbox 1914 662 2054 728; x_wconf 73' lang='lat' dir='ltr'>xxx).</span> 
     </span>
    </p>
   </div>
   <div class='ocr_carea' id='block_1_8' title="bbox 405 743 2054 819">
    <p class='ocr_par' dir='ltr' id='par_1_8' title="bbox 405 743 2054 819">
     <span class='ocr_line' id='line_1_8' title="bbox 405 743 2054 819; baseline 0 -17"><span class='ocrx_word' id='word_1_49' title='bbox 405 745 706 819; x_wconf 87' lang='lat' dir='ltr'>Siquidem</span> <span class='ocrx_word' id='word_1_50' title='bbox 739 761 875 799; x_wconf 91' lang='lat' dir='ltr'>cum</span> <span class='ocrx_word' id='word_1_51' title='bbox 904 743 1127 800; x_wconf 83' lang='lat' dir='ltr'>veniret</span> <span class='ocrx_word' id='word_1_52' title='bbox 1157 743 1433 816; x_wconf 88' lang='lat' dir='ltr'>fatigatus</span> <span class='ocrx_word' id='word_1_53' title='bbox 1463 745 1534 800; x_wconf 89' lang='lat' dir='ltr'>de</span> <span class='ocrx_word' id='word_1_54' title='bbox 1565 746 1806 818; x_wconf 69' lang='lat' dir='ltr'>ngypto</span> <span class='ocrx_word' id='word_1_55' title='bbox 1851 747 1924 802; x_wconf 93' lang='lat' dir='ltr'>ob</span> <span class='ocrx_word' id='word_1_56' title='bbox 1959 752 2054 802; x_wconf 75' lang='lat' dir='ltr'>ta:-</span> 
     </span>
    </p>
   </div>
   <div class='ocr_carea' id='block_1_9' title="bbox 403 832 2056 910">
    <p class='ocr_par' dir='ltr' id='par_1_9' title="bbox 403 832 2056 910">
     <span class='ocr_line' id='line_1_9' title="bbox 403 832 2056 910; baseline 0.002 -21"><span class='ocrx_word' id='word_1_57' title='bbox 403 835 566 890; x_wconf 91' lang='lat' dir='ltr'>dium</span> <span class='ocrx_word' id='word_1_58' title='bbox 601 832 921 888; x_wconf 90' lang='lat' dir='ltr'>multorum</span> <span class='ocrx_word' id='word_1_59' title='bbox 953 849 1130 905; x_wconf 80' lang='lat' dir='ltr'>super</span> <span class='ocrx_word' id='word_1_60' title='bbox 1160 832 1520 889; x_wconf 80' lang='lat' dir='ltr'>Hierusalem</span> <span class='ocrx_word' id='word_1_61' title='bbox 1550 838 1608 889; x_wconf 91' lang='lat' dir='ltr'>et</span> <span class='ocrx_word' id='word_1_62' title='bbox 1637 838 1841 890; x_wconf 90' lang='lat' dir='ltr'>contra</span> <span class='ocrx_word' id='word_1_63' title='bbox 1862 854 2056 910; x_wconf 83' lang='lat' dir='ltr'>regem</span> 
     </span>
    </p>
   </div>
   <div class='ocr_carea' id='block_1_10' title="bbox 405 921 2058 997">
    <p class='ocr_par' dir='ltr' id='par_1_10' title="bbox 405 921 2058 997">
     <span class='ocr_line' id='line_1_10' title="bbox 405 921 2058 997; baseline 0.001 -18"><span class='ocrx_word' id='word_1_64' title='bbox 405 921 739 990; x_wconf 90' lang='lat' dir='ltr'>Ezechiam,</span> <span class='ocrx_word' id='word_1_65' title='bbox 768 939 1040 996; x_wconf 88' lang='lat' dir='ltr'>egressus</span> <span class='ocrx_word' id='word_1_66' title='bbox 1071 922 1316 994; x_wconf 84' lang='lat' dir='ltr'>angelus</span> <span class='ocrx_word' id='word_1_67' title='bbox 1364 922 1594 978; x_wconf 85' lang='lat' dir='ltr'>Domini</span> <span class='ocrx_word' id='word_1_68' title='bbox 1635 925 1719 996; x_wconf 89' lang='lat' dir='ltr'>(ut</span> <span class='ocrx_word' id='word_1_69' title='bbox 1751 925 2058 997; x_wconf 81' lang='lat' dir='ltr'>sequentia</span> 
     </span>
    </p>
   </div>
   <div class='ocr_carea' id='block_1_11' title="bbox 403 1011 2059 1088">
    <p class='ocr_par' dir='ltr' id='par_1_11' title="bbox 403 1011 2059 1088">
     <span class='ocr_line' id='line_1_11' title="bbox 403 1011 2059 1088; baseline 0.001 -19"><span class='ocrx_word' id='word_1_70' title='bbox 403 1014 632 1080; x_wconf 80' lang='lat' dir='ltr'>docent)</span> <span class='ocrx_word' id='word_1_71' title='bbox 655 1012 946 1068; x_wconf 80' lang='lat' dir='ltr'>interfecit</span> <span class='ocrx_word' id='word_1_72' title='bbox 969 1012 1026 1068; x_wconf 91' lang='lat' dir='ltr'>in</span> <span class='ocrx_word' id='word_1_73' title='bbox 1057 1011 1448 1068; x_wconf 89' lang='lat' dir='ltr'>castrisillius</span> <span class='ocrx_word' id='word_1_74' title='bbox 1479 1018 1714 1068; x_wconf 87' lang='lat' dir='ltr'>centum</span> <span class='ocrx_word' id='word_1_75' title='bbox 1763 1016 2059 1088; x_wconf 73' lang='lat' dir='ltr'>octoginta</span> 
     </span>
    </p>
   </div>
   <div class='ocr_carea' id='block_1_12' title="bbox 403 1101 2056 1174">
    <p class='ocr_par' dir='ltr' id='par_1_12' title="bbox 403 1101 2056 1174">
     <span class='ocr_line' id='line_1_12' title="bbox 403 1101 2056 1174; baseline 0.001 -16"><span class='ocrx_word' id='word_1_76' title='bbox 403 1102 665 1174; x_wconf 91' lang='lat' dir='ltr'>quinque</span> <span class='ocrx_word' id='word_1_77' title='bbox 686 1101 874 1156; x_wconf 89' lang='lat' dir='ltr'>millia</span> <span class='ocrx_word' id='word_1_78' title='bbox 893 1101 1220 1156; x_wconf 85' lang='lat' dir='ltr'>hominum.</span> <span class='ocrx_word' id='word_1_79' title='bbox 1239 1101 1434 1156; x_wconf 86' lang='lat' dir='ltr'>Potest</span> <span class='ocrx_word' id='word_1_80' title='bbox 1455 1101 1629 1156; x_wconf 90' lang='lat' dir='ltr'>etiam</span> <span class='ocrx_word' id='word_1_81' title='bbox 1652 1102 1837 1158; x_wconf 89' lang='lat' dir='ltr'>ethoc</span> <span class='ocrx_word' id='word_1_82' title='bbox 1856 1104 2056 1159; x_wconf 89' lang='lat' dir='ltr'>referri</span> 
     </span>
    </p>
   </div>
   <div class='ocr_carea' id='block_1_13' title="bbox 403 1191 2056 1264">
    <p class='ocr_par' dir='ltr' id='par_1_13' title="bbox 403 1191 2056 1264">
     <span class='ocr_line' id='line_1_13' title="bbox 403 1191 2056 1264; baseline 0.001 -17"><span class='ocrx_word' id='word_1_83' title='bbox 403 1191 476 1248; x_wconf 89' lang='lat' dir='ltr'>ad</span> <span class='ocrx_word' id='word_1_84' title='bbox 509 1208 716 1246; x_wconf 90' lang='lat' dir='ltr'>omnes</span> <span class='ocrx_word' id='word_1_85' title='bbox 747 1191 846 1264; x_wconf 91' lang='lat' dir='ltr'>qui</span> <span class='ocrx_word' id='word_1_86' title='bbox 880 1191 1057 1262; x_wconf 88' lang='lat' dir='ltr'>impie</span> <span class='ocrx_word' id='word_1_87' title='bbox 1089 1194 1290 1262; x_wconf 85' lang='lat' dir='ltr'>agunt,</span> <span class='ocrx_word' id='word_1_88' title='bbox 1323 1194 1380 1245; x_wconf 89' lang='lat' dir='ltr'>et</span> <span class='ocrx_word' id='word_1_89' title='bbox 1409 1191 1822 1262; x_wconf 67' lang='lat' dir='ltr'>deprazdantur</span> <span class='ocrx_word' id='word_1_90' title='bbox 1851 1193 2056 1248; x_wconf 81' lang='lat' dir='ltr'>domos</span> 
     </span>
    </p>
   </div>
   <div class='ocr_carea' id='block_1_14' title="bbox 404 1277 2059 1354">
    <p class='ocr_par' dir='ltr' id='par_1_14' title="bbox 404 1277 2059 1354">
     <span class='ocr_line' id='line_1_14' title="bbox 404 1277 2059 1354; baseline 0 -17"><span class='ocrx_word' id='word_1_91' title='bbox 404 1297 731 1353; x_wconf 85' lang='lat' dir='ltr'>pauperum</span> <span class='ocrx_word' id='word_1_92' title='bbox 761 1283 820 1334; x_wconf 92' lang='lat' dir='ltr'>et</span> <span class='ocrx_word' id='word_1_93' title='bbox 849 1277 1229 1350; x_wconf 89' lang='lat' dir='ltr'>pupillorum,</span> <span class='ocrx_word' id='word_1_94' title='bbox 1265 1283 1322 1334; x_wconf 92' lang='lat' dir='ltr'>et</span> <span class='ocrx_word' id='word_1_95' title='bbox 1351 1279 1422 1333; x_wconf 90' lang='lat' dir='ltr'>ad</span> <span class='ocrx_word' id='word_1_96' title='bbox 1449 1278 1644 1350; x_wconf 90' lang='lat' dir='ltr'>ipsum</span> <span class='ocrx_word' id='word_1_97' title='bbox 1678 1281 1920 1354; x_wconf 83' lang='lat' dir='ltr'><strong>insuper</strong></span> <span class='ocrx_word' id='word_1_98' title='bbox 1941 1283 2059 1338; x_wconf 88' lang='lat' dir='ltr'>dia-</span> 
     </span>
    </p>
   </div>
   <div class='ocr_carea' id='block_1_15' title="bbox 404 1367 2058 1440">
    <p class='ocr_par' dir='ltr' id='par_1_15' title="bbox 404 1367 2058 1440">
     <span class='ocr_line' id='line_1_15' title="bbox 404 1367 2058 1440; baseline 0.001 -14"><span class='ocrx_word' id='word_1_99' title='bbox 404 1369 626 1426; x_wconf 90' lang='lat' dir='ltr'>bolum.</span> <span class='ocrx_word' id='word_1_100' title='bbox 652 1368 759 1434; x_wconf 89' lang='lat' dir='ltr'>Qui</span> <span class='ocrx_word' id='word_1_101' title='bbox 791 1367 950 1422; x_wconf 90' lang='lat' dir='ltr'>enim</span> <span class='ocrx_word' id='word_1_102' title='bbox 981 1367 1248 1439; x_wconf 85' lang='lat' dir='ltr'>rapinam</span> <span class='ocrx_word' id='word_1_103' title='bbox 1287 1385 1518 1440; x_wconf 88' lang='lat' dir='ltr'>semper</span> <span class='ocrx_word' id='word_1_104' title='bbox 1545 1375 1813 1425; x_wconf 79' lang='lat' dir='ltr'>exercent</span> <span class='ocrx_word' id='word_1_105' title='bbox 1861 1375 1918 1426; x_wconf 90' lang='lat' dir='ltr'>et</span> <span class='ocrx_word' id='word_1_106' title='bbox 1953 1389 2058 1428; x_wconf 89' lang='lat' dir='ltr'>su-</span> 
     </span>
    </p>
   </div>
   <div class='ocr_carea' id='block_1_16' title="bbox 405 1454 2058 1531">
    <p class='ocr_par' dir='ltr' id='par_1_16' title="bbox 405 1454 2058 1531">
     <span class='ocr_line' id='line_1_16' title="bbox 405 1454 2058 1531; baseline 0.002 -19"><span class='ocrx_word' id='word_1_107' title='bbox 405 1457 670 1531; x_wconf 89' lang='lat' dir='ltr'>perbiam</span> <span class='ocrx_word' id='word_1_108' title='bbox 705 1460 1026 1522; x_wconf 82' lang='lat' dir='ltr'>sectantur,</span> <span class='ocrx_word' id='word_1_109' title='bbox 1049 1454 1295 1527; x_wconf 87' lang='lat' dir='ltr'>aliisque</span> <span class='ocrx_word' id='word_1_110' title='bbox 1325 1455 1496 1512; x_wconf 87' lang='lat' dir='ltr'>malis</span> <span class='ocrx_word' id='word_1_111' title='bbox 1528 1456 1812 1530; x_wconf 85' lang='lat' dir='ltr'>implicati</span> <span class='ocrx_word' id='word_1_112' title='bbox 1843 1460 2058 1529; x_wconf 88' lang='lat' dir='ltr'>sunt,si</span> 
     </span>
    </p>
   </div>
   <div class='ocr_carea' id='block_1_17' title="bbox 407 1544 2056 1622">
    <p class='ocr_par' dir='ltr' id='par_1_17' title="bbox 407 1544 2056 1622">
     <span class='ocr_line' id='line_1_17' title="bbox 407 1544 2056 1622; baseline 0.003 -21"><span class='ocrx_word' id='word_1_113' title='bbox 407 1548 634 1601; x_wconf 86' lang='lat' dir='ltr'>fructus</span> <span class='ocrx_word' id='word_1_114' title='bbox 667 1545 876 1618; x_wconf 87' lang='lat' dir='ltr'>dignos</span> <span class='ocrx_word' id='word_1_115' title='bbox 929 1544 1279 1617; x_wconf 68' lang='lat' dir='ltr'>pmnitentiae</span> <span class='ocrx_word' id='word_1_116' title='bbox 1326 1563 1440 1600; x_wconf 90' lang='lat' dir='ltr'>non</span> <span class='ocrx_word' id='word_1_117' title='bbox 1491 1547 1735 1602; x_wconf 85' lang='lat' dir='ltr'>fecerint</span> <span class='ocrx_word' id='word_1_118' title='bbox 1763 1550 1913 1622; x_wconf 81' lang='lat' dir='ltr'>(Luc.</span> <span class='ocrx_word' id='word_1_119' title='bbox 1949 1555 2056 1619; x_wconf 84' lang='lat' dir='ltr'>lu),</span> 
     </span>
    </p>
   </div>
   <div class='ocr_carea' id='block_1_18' title="bbox 407 1632 2058 1708">
    <p class='ocr_par' dir='ltr' id='par_1_18' title="bbox 407 1632 2058 1708">
     <span class='ocr_line' id='line_1_18' title="bbox 407 1632 2058 1708; baseline 0.003 -18"><span class='ocrx_word' id='word_1_120' title='bbox 407 1633 543 1690; x_wconf 91' lang='lat' dir='ltr'>licet</span> <span class='ocrx_word' id='word_1_121' title='bbox 575 1634 634 1689; x_wconf 90' lang='lat' dir='ltr'>in</span> <span class='ocrx_word' id='word_1_122' title='bbox 666 1632 940 1706; x_wconf 75' lang='lat' dir='ltr'>przesenti</span> <span class='ocrx_word' id='word_1_123' title='bbox 989 1633 1391 1706; x_wconf 87' lang='lat' dir='ltr'>temporalitcr</span> <span class='ocrx_word' id='word_1_124' title='bbox 1437 1652 1552 1690; x_wconf 91' lang='lat' dir='ltr'>non</span> <span class='ocrx_word' id='word_1_125' title='bbox 1602 1637 1946 1708; x_wconf 88' lang='lat' dir='ltr'>puniantur,</span> <span class='ocrx_word' id='word_1_126' title='bbox 1971 1645 2058 1694; x_wconf 85' lang='lat' dir='ltr'>ta-</span> 
     </span>
    </p>
   </div>
   <div class='ocr_carea' id='block_1_19' title="bbox 2166 476 3826 553">
    <p class='ocr_par' dir='ltr' id='par_1_19' title="bbox 2166 476 3826 553">
     <span class='ocr_line' id='line_1_19' title="bbox 2166 476 3826 553; baseline 0 -19"><span class='ocrx_word' id='word_1_127' title='bbox 2166 479 2442 551; x_wconf 64' lang='lat' dir='ltr'>dispersa</span> <span class='ocrx_word' id='word_1_128' title='bbox 2473 483 2614 535; x_wconf 89' lang='lat' dir='ltr'>sunt</span> <span class='ocrx_word' id='word_1_129' title='bbox 2641 483 2846 553; x_wconf 88' lang='lat' dir='ltr'>gentes</span> <span class='ocrx_word' id='word_1_130' title='bbox 2881 496 2892 534; x_wconf 95' lang='lat'>:</span> <span class='ocrx_word' id='word_1_131' title='bbox 2929 478 3069 552; x_wconf 88' lang='lat' dir='ltr'>quia</span> <span class='ocrx_word' id='word_1_132' title='bbox 3099 476 3472 550; x_wconf 89' lang='lat' dir='ltr'>omnipotens</span> <span class='ocrx_word' id='word_1_133' title='bbox 3491 477 3650 535; x_wconf 87' lang='lat' dir='ltr'><strong>Deus</strong></span> <span class='ocrx_word' id='word_1_134' title='bbox 3679 482 3826 534; x_wconf 87' lang='lat' dir='ltr'>tunc</span> 
     </span>
    </p>
   </div>
   <div class='ocr_carea' id='block_1_20' title="bbox 2165 565 3823 640">
    <p class='ocr_par' dir='ltr' id='par_1_20' title="bbox 2165 565 3823 640">
     <span class='ocr_line' id='line_1_20' title="bbox 2165 565 3823 640; baseline -0.001 -16"><span class='ocrx_word' id='word_1_135' title='bbox 2165 568 2451 624; x_wconf 89' lang='lat' dir='ltr'>exaltatus</span> <span class='ocrx_word' id='word_1_136' title='bbox 2473 573 2564 624; x_wconf 89' lang='lat' dir='ltr'>est</span> <span class='ocrx_word' id='word_1_137' title='bbox 2593 573 2650 624; x_wconf 92' lang='lat' dir='ltr'>et</span> <span class='ocrx_word' id='word_1_138' title='bbox 2669 585 2920 640; x_wconf 89' lang='lat' dir='ltr'>magnus</span> <span class='ocrx_word' id='word_1_139' title='bbox 2940 566 3313 640; x_wconf 67' lang='lat' dir='ltr'>praedicatus,</span> <span class='ocrx_word' id='word_1_140' title='bbox 3329 566 3402 622; x_wconf 89' lang='lat' dir='ltr'>ab</span> <span class='ocrx_word' id='word_1_141' title='bbox 3418 566 3697 623; x_wconf 90' lang='lat' dir='ltr'>omnibus</span> <span class='ocrx_word' id='word_1_142' title='bbox 3719 565 3823 640; x_wconf 89' lang='lat' dir='ltr'>qui</span> 
     </span>
    </p>
   </div>
   <div class='ocr_carea' id='block_1_21' title="bbox 2166 655 3828 730">
    <p class='ocr_par' dir='ltr' id='par_1_21' title="bbox 2166 655 3828 730">
     <span class='ocr_line' id='line_1_21' title="bbox 2166 655 3828 730; baseline -0.001 -16"><span class='ocrx_word' id='word_1_143' title='bbox 2166 659 2482 714; x_wconf 78' lang='lat' dir='ltr'>audierunt</span> <span class='ocrx_word' id='word_1_144' title='bbox 2505 659 2658 730; x_wconf 85' lang='lat' dir='ltr'>quod</span> <span class='ocrx_word' id='word_1_145' title='bbox 2683 675 2791 714; x_wconf 87' lang='lat' dir='ltr'>sua</span> <span class='ocrx_word' id='word_1_146' title='bbox 2810 656 3020 713; x_wconf 84' lang='lat' dir='ltr'>virtute</span> <span class='ocrx_word' id='word_1_147' title='bbox 3043 660 3130 712; x_wconf 90' lang='lat' dir='ltr'>tot</span> <span class='ocrx_word' id='word_1_148' title='bbox 3150 655 3338 712; x_wconf 89' lang='lat' dir='ltr'>millia</span> <span class='ocrx_word' id='word_1_149' title='bbox 3359 655 3671 712; x_wconf 87' lang='lat' dir='ltr'>hominum</span> <span class='ocrx_word' id='word_1_150' title='bbox 3694 673 3828 714; x_wconf 80' lang='lat' dir='ltr'>con-</span> 
     </span>
    </p>
   </div>
   <div class='ocr_carea' id='block_1_22' title="bbox 2165 745 3824 819">
    <p class='ocr_par' dir='ltr' id='par_1_22' title="bbox 2165 745 3824 819">
     <span class='ocr_line' id='line_1_22' title="bbox 2165 745 3824 819; baseline -0.001 -17"><span class='ocrx_word' id='word_1_151' title='bbox 2165 752 2258 802; x_wconf 90' lang='lat' dir='ltr'>tra</span> <span class='ocrx_word' id='word_1_152' title='bbox 2307 765 2370 803; x_wconf 91' lang='lat' dir='ltr'>se</span> <span class='ocrx_word' id='word_1_153' title='bbox 2420 745 2914 819; x_wconf 89' lang='lat' dir='ltr'>superbientium,</span> <span class='ocrx_word' id='word_1_154' title='bbox 2955 763 3060 819; x_wconf 90' lang='lat' dir='ltr'>per</span> <span class='ocrx_word' id='word_1_155' title='bbox 3087 762 3274 802; x_wconf 90' lang='lat' dir='ltr'>unum</span> <span class='ocrx_word' id='word_1_156' title='bbox 3324 745 3601 818; x_wconf 84' lang='lat' dir='ltr'>angelum</span> <span class='ocrx_word' id='word_1_157' title='bbox 3647 762 3824 801; x_wconf 89' lang='lat' dir='ltr'>suum</span> 
     </span>
    </p>
   </div>
   <div class='ocr_carea' id='block_1_23' title="bbox 2167 833 3826 908">
    <p class='ocr_par' dir='ltr' id='par_1_23' title="bbox 2167 833 3826 908">
     <span class='ocr_line' id='line_1_23' title="bbox 2167 833 3826 908; baseline -0.002 -16"><span class='ocrx_word' id='word_1_158' title='bbox 2167 836 2455 892; x_wconf 78' lang='lat' dir='ltr'>straverit.</span> <span class='ocrx_word' id='word_1_159' title='bbox 2472 838 2637 892; x_wconf 90' lang='lat' dir='ltr'>Tunc</span> <span class='ocrx_word' id='word_1_160' title='bbox 2659 835 3032 908; x_wconf 87' lang='lat' dir='ltr'>omnipotens</span> <span class='ocrx_word' id='word_1_161' title='bbox 3053 835 3208 890; x_wconf 90' lang='lat' dir='ltr'>Deus</span> <span class='ocrx_word' id='word_1_162' title='bbox 3239 833 3559 906; x_wconf 85' lang='lat' dir='ltr'>aliquando</span> <span class='ocrx_word' id='word_1_163' title='bbox 3581 833 3826 890; x_wconf 79' lang='lat' dir='ltr'>exaltari</span> 
     </span>
    </p>
   </div>
   <div class='ocr_carea' id='block_1_24' title="bbox 2166 921 3827 995">
    <p class='ocr_par' dir='ltr' id='par_1_24' title="bbox 2166 921 3827 995">
     <span class='ocr_line' id='line_1_24' title="bbox 2166 921 3827 995; baseline -0.001 -15"><span class='ocrx_word' id='word_1_164' title='bbox 2166 925 2402 991; x_wconf 88' lang='lat' dir='ltr'>dicitur,</span> <span class='ocrx_word' id='word_1_165' title='bbox 2417 943 2551 980; x_wconf 91' lang='lat' dir='ltr'>cum</span> <span class='ocrx_word' id='word_1_166' title='bbox 2584 943 2646 981; x_wconf 92' lang='lat' dir='ltr'>se</span> <span class='ocrx_word' id='word_1_167' title='bbox 2672 924 2972 981; x_wconf 83' lang='lat' dir='ltr'>ulciscitur</span> <span class='ocrx_word' id='word_1_168' title='bbox 2991 924 3062 980; x_wconf 92' lang='lat' dir='ltr'>de</span> <span class='ocrx_word' id='word_1_169' title='bbox 3083 923 3352 980; x_wconf 86' lang='lat' dir='ltr'>hostibus</span> <span class='ocrx_word' id='word_1_170' title='bbox 3375 922 3500 979; x_wconf 88' lang='lat' dir='ltr'>suis</span> <span class='ocrx_word' id='word_1_171' title='bbox 3525 939 3538 978; x_wconf 92' lang='lat'>:</span> <span class='ocrx_word' id='word_1_172' title='bbox 3563 921 3705 994; x_wconf 86' lang='lat' dir='ltr'>quia</span> <span class='ocrx_word' id='word_1_173' title='bbox 3724 922 3827 995; x_wconf 88' lang='lat' dir='ltr'>qui</span> 
     </span>
    </p>
   </div>
   <div class='ocr_carea' id='block_1_25' title="bbox 2167 1009 3824 1086">
    <p class='ocr_par' dir='ltr' id='par_1_25' title="bbox 2167 1009 3824 1086">
     <span class='ocr_line' id='line_1_25' title="bbox 2167 1009 3824 1086; baseline -0.002 -17"><span class='ocrx_word' id='word_1_174' title='bbox 2167 1014 2481 1070; x_wconf 85' lang='lat' dir='ltr'>noluerunt</span> <span class='ocrx_word' id='word_1_175' title='bbox 2500 1013 2671 1068; x_wconf 89' lang='lat' dir='ltr'>illum</span> <span class='ocrx_word' id='word_1_176' title='bbox 2695 1030 3040 1086; x_wconf 84' lang='lat' dir='ltr'>cognoscere</span> <span class='ocrx_word' id='word_1_177' title='bbox 3061 1016 3324 1084; x_wconf 90' lang='lat' dir='ltr'>tempore</span> <span class='ocrx_word' id='word_1_178' title='bbox 3356 1009 3824 1084; x_wconf 79' lang='lat' dir='ltr'>tranquillitatis,</span> 
     </span>
    </p>
   </div>
   <div class='ocr_carea' id='block_1_26' title="bbox 2167 1100 3255 1178">
    <p class='ocr_par' dir='ltr' id='par_1_26' title="bbox 2167 1100 3255 1178">
     <span class='ocr_line' id='line_1_26' title="bbox 2167 1100 3255 1178; baseline -0.004 -18"><span class='ocrx_word' id='word_1_179' title='bbox 2167 1108 2519 1178; x_wconf 86' lang='lat' dir='ltr'>cognossent</span> <span class='ocrx_word' id='word_1_180' title='bbox 2547 1107 2806 1175; x_wconf 87' lang='lat' dir='ltr'>tempore</span> <span class='ocrx_word' id='word_1_181' title='bbox 2837 1100 3255 1158; x_wconf 86' lang='lat' dir='ltr'>tribulationis.</span> 
     </span>
    </p>
   </div>
   <div class='ocr_carea' id='block_1_27' title="bbox 2237 1188 3824 1266">
    <p class='ocr_par' dir='ltr' id='par_1_27' title="bbox 2237 1188 3824 1266">
     <span class='ocr_line' id='line_1_27' title="bbox 2237 1188 3824 1266; baseline -0.001 -21"><span class='ocrx_word' id='word_1_182' title='bbox 2237 1219 2264 1245; x_wconf 84' lang='grc'><strong>‹‹</strong></span> <span class='ocrx_word' id='word_1_183' title='bbox 2299 1195 2368 1249; x_wconf 90' lang='lat' dir='ltr'>Et</span> <span class='ocrx_word' id='word_1_184' title='bbox 2397 1193 2912 1266; x_wconf 87' lang='lat' dir='ltr'>congregabuntur</span> <span class='ocrx_word' id='word_1_185' title='bbox 2927 1191 3116 1263; x_wconf 90' lang='lat' dir='ltr'>spolia</span> <span class='ocrx_word' id='word_1_186' title='bbox 3133 1194 3325 1247; x_wconf 82' lang='lat' dir='ltr'>vestra</span> <span class='ocrx_word' id='word_1_187' title='bbox 3348 1189 3502 1247; x_wconf 88' lang='lat' dir='ltr'>sicut</span> <span class='ocrx_word' id='word_1_188' title='bbox 3522 1188 3824 1261; x_wconf 85' lang='lat' dir='ltr'>colligitur</span> 
     </span>
    </p>
   </div>
   <div class='ocr_carea' id='block_1_28' title="bbox 2166 1279 3822 1354">
    <p class='ocr_par' dir='ltr' id='par_1_28' title="bbox 2166 1279 3822 1354">
     <span class='ocr_line' id='line_1_28' title="bbox 2166 1279 3822 1354; baseline -0.004 -14"><span class='ocrx_word' id='word_1_189' title='bbox 2166 1283 2451 1350; x_wconf 88' lang='lat' dir='ltr'>bruchus,</span> <span class='ocrx_word' id='word_1_190' title='bbox 2483 1283 2642 1339; x_wconf 85' lang='lat' dir='ltr'>velut</span> <span class='ocrx_word' id='word_1_191' title='bbox 2687 1299 2824 1338; x_wconf 91' lang='lat' dir='ltr'>cum</span> <span class='ocrx_word' id='word_1_192' title='bbox 2871 1282 3039 1338; x_wconf 67' lang='lat' dir='ltr'>fossae</span> <span class='ocrx_word' id='word_1_193' title='bbox 3088 1279 3274 1354; x_wconf 68' lang='lat' dir='ltr'>plenae</span> <span class='ocrx_word' id='word_1_194' title='bbox 3312 1279 3531 1336; x_wconf 80' lang='lat' dir='ltr'>iuerint</span> <span class='ocrx_word' id='word_1_195' title='bbox 3562 1279 3633 1334; x_wconf 85' lang='lat' dir='ltr'>de</span> <span class='ocrx_word' id='word_1_196' title='bbox 3663 1295 3753 1346; x_wconf 88' lang='lat' dir='ltr'>eo,</span> <span class='ocrx_word' id='word_1_197' title='bbox 3793 1303 3822 1327; x_wconf 73' lang='grc' dir='ltr'><strong>η</strong></span> 
     </span>
    </p>
   </div>
   <div class='ocr_carea' id='block_1_29' title="bbox 2169 1367 3822 1445">
    <p class='ocr_par' dir='ltr' id='par_1_29' title="bbox 2169 1367 3822 1445">
     <span class='ocr_line' id='line_1_29' title="bbox 2169 1367 3822 1445; baseline -0.004 -16"><span class='ocrx_word' id='word_1_198' title='bbox 2169 1374 2232 1430; x_wconf 90' lang='lat' dir='ltr'>In</span> <span class='ocrx_word' id='word_1_199' title='bbox 2265 1373 2624 1445; x_wconf 89' lang='lat' dir='ltr'>quibusdam</span> <span class='ocrx_word' id='word_1_200' title='bbox 2656 1371 2955 1428; x_wconf 89' lang='lat' dir='ltr'>codicibus</span> <span class='ocrx_word' id='word_1_201' title='bbox 2985 1368 3273 1442; x_wconf 89' lang='lat' dir='ltr'>reperitur</span> <span class='ocrx_word' id='word_1_202' title='bbox 3293 1367 3481 1442; x_wconf 88' lang='lat' dir='ltr'>spolia</span> <span class='ocrx_word' id='word_1_203' title='bbox 3501 1373 3726 1424; x_wconf 88' lang='lat' dir='ltr'>nostra.</span> <span class='ocrx_word' id='word_1_204' title='bbox 3760 1369 3822 1424; x_wconf 90' lang='lat' dir='ltr'>Si</span> 
     </span>
    </p>
   </div>
   <div class='ocr_carea' id='block_1_30' title="bbox 2168 1455 3829 1534">
    <p class='ocr_par' dir='ltr' id='par_1_30' title="bbox 2168 1455 3829 1534">
     <span class='ocr_line' id='line_1_30' title="bbox 2168 1455 3829 1534; baseline -0.004 -16"><span class='ocrx_word' id='word_1_205' title='bbox 2168 1462 2489 1518; x_wconf 79' lang='lat' dir='ltr'>dixerimus</span> <span class='ocrx_word' id='word_1_206' title='bbox 2520 1460 2708 1534; x_wconf 89' lang='lat' dir='ltr'>spolia</span> <span class='ocrx_word' id='word_1_207' title='bbox 2736 1464 2948 1528; x_wconf 87' lang='lat' dir='ltr'>vestra,</span> <span class='ocrx_word' id='word_1_208' title='bbox 2982 1459 3093 1516; x_wconf 91' lang='lat' dir='ltr'>erit</span> <span class='ocrx_word' id='word_1_209' title='bbox 3141 1475 3353 1516; x_wconf 88' lang='lat' dir='ltr'>sensus</span> <span class='ocrx_word' id='word_1_210' title='bbox 3388 1475 3401 1514; x_wconf 87' lang='lat'><strong>:</strong></span> <span class='ocrx_word' id='word_1_211' title='bbox 3437 1457 3482 1514; x_wconf 93' lang='grc' dir='ltr'><strong>Ο</strong></span> <span class='ocrx_word' id='word_1_212' title='bbox 3515 1455 3716 1514; x_wconf 82' lang='lat' dir='ltr'>miseri</span> <span class='ocrx_word' id='word_1_213' title='bbox 3767 1461 3829 1512; x_wconf 88' lang='lat' dir='ltr'>et</span> 
     </span>
    </p>
   </div>
   <div class='ocr_carea' id='block_1_31' title="bbox 2168 1546 3827 1624">
    <p class='ocr_par' dir='ltr' id='par_1_31' title="bbox 2168 1546 3827 1624">
     <span class='ocr_line' id='line_1_31' title="bbox 2168 1546 3827 1624; baseline -0.004 -16"><span class='ocrx_word' id='word_1_214' title='bbox 2168 1550 2577 1624; x_wconf 86' lang='lat' dir='ltr'>superbissimi</span> <span class='ocrx_word' id='word_1_215' title='bbox 2619 1549 2860 1624; x_wconf 76' lang='lat' dir='ltr'>Assyrii,</span> <span class='ocrx_word' id='word_1_216' title='bbox 2893 1565 3030 1604; x_wconf 92' lang='lat' dir='ltr'>cum</span> <span class='ocrx_word' id='word_1_217' title='bbox 3060 1547 3334 1604; x_wconf 87' lang='lat' dir='ltr'>veneritis</span> <span class='ocrx_word' id='word_1_218' title='bbox 3365 1551 3573 1604; x_wconf 89' lang='lat' dir='ltr'>contra</span> <span class='ocrx_word' id='word_1_219' title='bbox 3620 1546 3827 1602; x_wconf 82' lang='lat' dir='ltr'>Hieru-</span> 
     </span>
    </p>
   </div>
   <div class='ocr_carea' id='block_1_32' title="bbox 2169 1633 3832 1712">
    <p class='ocr_par' dir='ltr' id='par_1_32' title="bbox 2169 1633 3832 1712">
     <span class='ocr_line' id='line_1_32' title="bbox 2169 1633 3832 1712; baseline -0.004 -16"><span class='ocrx_word' id='word_1_220' title='bbox 2169 1641 2372 1708; x_wconf 87' lang='lat' dir='ltr'>salem,</span> <span class='ocrx_word' id='word_1_221' title='bbox 2389 1641 2906 1712; x_wconf 87' lang='lat' dir='ltr'>congregabuntur</span> <span class='ocrx_word' id='word_1_222' title='bbox 2925 1637 3114 1710; x_wconf 88' lang='lat' dir='ltr'>spolia</span> <span class='ocrx_word' id='word_1_223' title='bbox 3125 1641 3319 1693; x_wconf 90' lang='lat' dir='ltr'>vestra</span> <span class='ocrx_word' id='word_1_224' title='bbox 3339 1653 3375 1692; x_wconf 85' lang='lat' dir='ltr'>a</span> <span class='ocrx_word' id='word_1_225' title='bbox 3395 1635 3706 1703; x_wconf 76' lang='lat' dir='ltr'>Judaeis,et</span> <span class='ocrx_word' id='word_1_226' title='bbox 3725 1633 3832 1690; x_wconf 88' lang='lat' dir='ltr'>im-</span> 
     </span>
    </p>
   </div>
   <div class='ocr_carea' id='block_1_33' title="bbox 409 1721 3832 1828">
    <p class='ocr_par' dir='ltr' id='par_1_33' title="bbox 409 1721 3832 1828">
     <span class='ocr_line' id='line_1_33' title="bbox 409 1721 3832 1828; baseline 0 -50"><span class='ocrx_word' id='word_1_227' title='bbox 409 1739 544 1828; x_wconf 77' lang='lat' dir='ltr'>men</span> <span class='ocrx_word' id='word_1_228' title='bbox 569 1727 700 1828; x_wconf 80' lang='lat' dir='ltr'>post</span> <span class='ocrx_word' id='word_1_229' title='bbox 721 1721 886 1828; x_wconf 71' lang='lat' dir='ltr'>finita</span> <span class='ocrx_word' id='word_1_230' title='bbox 898 1722 1156 1828; x_wconf 76' lang='lat' dir='ltr'>hujus</span> <span class='ocrx_word' id='word_1_231' title='bbox 1172 1722 1299 1777; x_wconf 69' lang='lat' dir='ltr'>vitae</span> <span class='ocrx_word' id='word_1_232' title='bbox 1322 1725 2063 1828; x_wconf 78' lang='lat' dir='ltr'>cursum,humiliabuntur</span> <span class='ocrx_word' id='word_1_233' title='bbox 2089 1761 2138 1828; x_wconf 82' lang='lat' dir='ltr'><strong>B</strong></span> <span class='ocrx_word' id='word_1_234' title='bbox 2169 1729 2488 1804; x_wconf 89' lang='lat' dir='ltr'>plcbuntur</span> <span class='ocrx_word' id='word_1_235' title='bbox 2505 1747 2704 1785; x_wconf 87' lang='lat' dir='ltr'>eorum</span> <span class='ocrx_word' id='word_1_236' title='bbox 2720 1729 2910 1784; x_wconf 91' lang='lat' dir='ltr'>donus</span> <span class='ocrx_word' id='word_1_237' title='bbox 2928 1726 3130 1800; x_wconf 89' lang='lat' dir='ltr'>spoliis</span> <span class='ocrx_word' id='word_1_238' title='bbox 3159 1743 3172 1781; x_wconf 89' lang='lat'>:</span> <span class='ocrx_word' id='word_1_239' title='bbox 3197 1726 3353 1782; x_wconf 89' lang='lat' dir='ltr'>sicut</span> <span class='ocrx_word' id='word_1_240' title='bbox 3371 1722 3658 1797; x_wconf 88' lang='lat' dir='ltr'>lmpletur</span> <span class='ocrx_word' id='word_1_241' title='bbox 3672 1724 3832 1780; x_wconf 82' lang='lat' dir='ltr'>fossa</span> 
     </span>
    </p>
   </div>
   <div class='ocr_carea' id='block_1_34' title="bbox 407 1811 1612 1884">
    <p class='ocr_par' dir='ltr' id='par_1_34' title="bbox 407 1811 1612 1884">
     <span class='ocr_line' id='line_1_34' title="bbox 407 1811 1612 1884; baseline 0 -16"><span class='ocrx_word' id='word_1_242' title='bbox 407 1811 721 1879; x_wconf 87' lang='lat' dir='ltr'>sententia,</span> <span class='ocrx_word' id='word_1_243' title='bbox 755 1815 813 1866; x_wconf 90' lang='lat' dir='ltr'>et</span> <span class='ocrx_word' id='word_1_244' title='bbox 833 1811 1046 1883; x_wconf 85' lang='lat' dir='ltr'>judicii</span> <span class='ocrx_word' id='word_1_245' title='bbox 1070 1829 1272 1884; x_wconf 81' lang='lat' dir='ltr'>pcenas</span> <span class='ocrx_word' id='word_1_246' title='bbox 1297 1812 1612 1869; x_wconf 84' lang='lat' dir='ltr'>cxsolvent.</span> 
     </span>
    </p>
   </div>
   <div class='ocr_carea' id='block_1_35' title="bbox 479 1900 2060 1976">
    <p class='ocr_par' dir='ltr' id='par_1_35' title="bbox 479 1900 2060 1976">
     <span class='ocr_line' id='line_1_35' title="bbox 479 1900 2060 1976; baseline 0.008 -25"><span class='ocrx_word' id='word_1_247' title='bbox 479 1925 506 1951; x_wconf 91' lang='grc'>‹‹</span> <span class='ocrx_word' id='word_1_248' title='bbox 541 1900 807 1966; x_wconf 89' lang='lat' dir='ltr'>Domine,</span> <span class='ocrx_word' id='word_1_249' title='bbox 824 1901 1101 1955; x_wconf 88' lang='lat' dir='ltr'>miserere</span> <span class='ocrx_word' id='word_1_250' title='bbox 1122 1901 1329 1970; x_wconf 90' lang='lat' dir='ltr'>nostri,</span> <span class='ocrx_word' id='word_1_251' title='bbox 1355 1905 1409 1957; x_wconf 90' lang='lat' dir='ltr'>te</span> <span class='ocrx_word' id='word_1_252' title='bbox 1427 1905 1888 1976; x_wconf 84' lang='lat' dir='ltr'>exspectavimus</span> <span class='ocrx_word' id='word_1_253' title='bbox 1908 1923 1920 1962; x_wconf 90' lang='lat'><strong>:</strong></span> <span class='ocrx_word' id='word_1_254' title='bbox 1937 1911 2060 1964; x_wconf 89' lang='lat' dir='ltr'>esto</span> 
     </span>
    </p>
   </div>
   <div class='ocr_carea' id='block_1_36' title="bbox 403 1989 2062 2059">
    <p class='ocr_par' dir='ltr' id='par_1_36' title="bbox 403 1989 2062 2059">
     <span class='ocr_line' id='line_1_36' title="bbox 403 1989 2062 2059; baseline 0.003 -12"><span class='ocrx_word' id='word_1_255' title='bbox 403 1989 714 2048; x_wconf 89' lang='lat' dir='ltr'>brachium</span> <span class='ocrx_word' id='word_1_256' title='bbox 737 1995 1002 2046; x_wconf 88' lang='lat' dir='ltr'>nostrum</span> <span class='ocrx_word' id='word_1_257' title='bbox 1030 1989 1088 2044; x_wconf 91' lang='lat' dir='ltr'>in</span> <span class='ocrx_word' id='word_1_258' title='bbox 1111 2007 1303 2059; x_wconf 90' lang='lat' dir='ltr'>mane,</span> <span class='ocrx_word' id='word_1_259' title='bbox 1321 1996 1377 2046; x_wconf 90' lang='lat' dir='ltr'>et</span> <span class='ocrx_word' id='word_1_260' title='bbox 1407 1991 1570 2047; x_wconf 90' lang='lat' dir='ltr'>salus</span> <span class='ocrx_word' id='word_1_261' title='bbox 1593 2002 1794 2050; x_wconf 87' lang='lat' dir='ltr'>nostra</span> <span class='ocrx_word' id='word_1_262' title='bbox 1815 1995 1872 2050; x_wconf 91' lang='lat' dir='ltr'>in</span> <span class='ocrx_word' id='word_1_263' title='bbox 1910 2001 2062 2052; x_wconf 84' lang='lat' dir='ltr'>tem-</span> 
     </span>
    </p>
   </div>
   <div class='ocr_carea' id='block_1_37' title="bbox 405 2078 2064 2156">
    <p class='ocr_par' dir='ltr' id='par_1_37' title="bbox 405 2078 2064 2156">
     <span class='ocr_line' id='line_1_37' title="bbox 405 2078 2064 2156; baseline 0.004 -21"><span class='ocrx_word' id='word_1_264' title='bbox 405 2097 544 2153; x_wconf 90' lang='lat' dir='ltr'>pore</span> <span class='ocrx_word' id='word_1_265' title='bbox 567 2078 1028 2134; x_wconf 86' lang='lat' dir='ltr'>tribulationis.»</span> <span class='ocrx_word' id='word_1_266' title='bbox 1056 2079 1342 2152; x_wconf 88' lang='lat' dir='ltr'>Loquitur</span> <span class='ocrx_word' id='word_1_267' title='bbox 1373 2083 1546 2136; x_wconf 91' lang='lat' dir='ltr'>modo</span> <span class='ocrx_word' id='word_1_268' title='bbox 1569 2083 1750 2139; x_wconf 88' lang='lat' dir='ltr'>Isaias</span> <span class='ocrx_word' id='word_1_269' title='bbox 1779 2085 2064 2156; x_wconf 86' lang='lat' dir='ltr'>propheta</span> 
     </span>
    </p>
   </div>
   <div class='ocr_carea' id='block_1_38' title="bbox 403 2167 2060 2242">
    <p class='ocr_par' dir='ltr' id='par_1_38' title="bbox 403 2167 2060 2242">
     <span class='ocr_line' id='line_1_38' title="bbox 403 2167 2060 2242; baseline 0.003 -18"><span class='ocrx_word' id='word_1_270' title='bbox 403 2185 474 2224; x_wconf 83' lang='lat' dir='ltr'>ex</span> <span class='ocrx_word' id='word_1_271' title='bbox 503 2185 752 2240; x_wconf 86' lang='lat' dir='ltr'>persona</span> <span class='ocrx_word' id='word_1_272' title='bbox 781 2167 980 2240; x_wconf 89' lang='lat' dir='ltr'>populi</span> <span class='ocrx_word' id='word_1_273' title='bbox 1013 2167 1400 2235; x_wconf 86' lang='lat' dir='ltr'>Hierusalem,</span> <span class='ocrx_word' id='word_1_274' title='bbox 1433 2170 1532 2242; x_wconf 90' lang='lat' dir='ltr'>qui</span> <span class='ocrx_word' id='word_1_275' title='bbox 1566 2171 1948 2228; x_wconf 86' lang='lat' dir='ltr'>obsidebatur</span> <span class='ocrx_word' id='word_1_276' title='bbox 1987 2174 2060 2229; x_wconf 90' lang='lat' dir='ltr'>ab</span> 
     </span>
    </p>
   </div>
   <div class='ocr_carea' id='block_1_39' title="bbox 403 2257 2054 2327">
    <p class='ocr_par' dir='ltr' id='par_1_39' title="bbox 403 2257 2054 2327">
     <span class='ocr_line' id='line_1_39' title="bbox 403 2257 2054 2327; baseline 0.003 -15"><span class='ocrx_word' id='word_1_277' title='bbox 403 2257 660 2312; x_wconf 88' lang='lat' dir='ltr'>exercitu</span> <span class='ocrx_word' id='word_1_278' title='bbox 690 2257 1176 2325; x_wconf 88' lang='lat' dir='ltr'>Sennacherib,et</span> <span class='ocrx_word' id='word_1_279' title='bbox 1207 2261 1404 2312; x_wconf 81' lang='lat' dir='ltr'>exorat</span> <span class='ocrx_word' id='word_1_280' title='bbox 1439 2259 1770 2327; x_wconf 90' lang='lat' dir='ltr'>Dominum,</span> <span class='ocrx_word' id='word_1_281' title='bbox 1805 2262 2006 2319; x_wconf 90' lang='lat' dir='ltr'>dicens</span> <span class='ocrx_word' id='word_1_282' title='bbox 2041 2280 2054 2317; x_wconf 88' lang='lat'><strong>:</strong></span> 
     </span>
    </p>
   </div>
   <div class='ocr_carea' id='block_1_40' title="bbox 407 2343 2062 2424">
    <p class='ocr_par' dir='ltr' id='par_1_40' title="bbox 407 2343 2062 2424">
     <span class='ocr_line' id='line_1_40' title="bbox 407 2343 2062 2424; baseline 0.004 -26"><span class='ocrx_word' id='word_1_283' title='bbox 407 2343 672 2413; x_wconf 82' lang='lat' dir='ltr'>Domine,</span> <span class='ocrx_word' id='word_1_284' title='bbox 706 2343 980 2400; x_wconf 84' lang='lat' dir='ltr'>miserere</span> <span class='ocrx_word' id='word_1_285' title='bbox 1014 2343 1296 2424; x_wconf 31' lang='lat' dir='ltr'>nostriget</span> <span class='ocrx_word' id='word_1_286' title='bbox 1323 2343 1506 2399; x_wconf 87' lang='lat' dir='ltr'>libera</span> <span class='ocrx_word' id='word_1_287' title='bbox 1536 2362 1644 2400; x_wconf 88' lang='lat' dir='ltr'>nos</span> <span class='ocrx_word' id='word_1_288' title='bbox 1675 2347 1746 2400; x_wconf 90' lang='lat' dir='ltr'>de</span> <span class='ocrx_word' id='word_1_289' title='bbox 1787 2348 2062 2406; x_wconf 88' lang='lat' dir='ltr'>manibus</span> 
     </span>
    </p>
   </div>
   <div class='ocr_carea' id='block_1_41' title="bbox 409 2431 2062 2508">
    <p class='ocr_par' dir='ltr' id='par_1_41' title="bbox 409 2431 2062 2508">
     <span class='ocr_line' id='line_1_41' title="bbox 409 2431 2062 2508; baseline 0.003 -20"><span class='ocrx_word' id='word_1_290' title='bbox 409 2431 803 2506; x_wconf 85' lang='lat' dir='ltr'>Assyriorum,</span> <span class='ocrx_word' id='word_1_291' title='bbox 837 2439 894 2488; x_wconf 87' lang='lat' dir='ltr'>et</span> <span class='ocrx_word' id='word_1_292' title='bbox 937 2431 1230 2488; x_wconf 87' lang='lat' dir='ltr'>civitatem</span> <span class='ocrx_word' id='word_1_293' title='bbox 1278 2433 1450 2486; x_wconf 88' lang='lat' dir='ltr'>istam</span> <span class='ocrx_word' id='word_1_294' title='bbox 1503 2439 1736 2507; x_wconf 88' lang='lat' dir='ltr'>protege</span> <span class='ocrx_word' id='word_1_295' title='bbox 1771 2451 1784 2491; x_wconf 88' lang='lat'><strong>:</strong></span> <span class='ocrx_word' id='word_1_296' title='bbox 1821 2436 1960 2508; x_wconf 88' lang='lat' dir='ltr'>quia</span> <span class='ocrx_word' id='word_1_297' title='bbox 2007 2443 2062 2494; x_wconf 88' lang='lat' dir='ltr'>te</span> 
     </span>
    </p>
   </div>
   <div class='ocr_carea' id='block_1_42' title="bbox 413 2517 2062 2595">
    <p class='ocr_par' dir='ltr' id='par_1_42' title="bbox 413 2517 2062 2595">
     <span class='ocr_line' id='line_1_42' title="bbox 413 2517 2062 2595; baseline 0.002 -18"><span class='ocrx_word' id='word_1_298' title='bbox 413 2521 880 2594; x_wconf 79' lang='lat' dir='ltr'>exspectavimus</span> <span class='ocrx_word' id='word_1_299' title='bbox 904 2521 962 2576; x_wconf 90' lang='lat' dir='ltr'>in</span> <span class='ocrx_word' id='word_1_300' title='bbox 984 2521 1097 2576; x_wconf 82' lang='lat' dir='ltr'>fide</span> <span class='ocrx_word' id='word_1_301' title='bbox 1121 2523 1184 2574; x_wconf 92' lang='lat' dir='ltr'>ut</span> <span class='ocrx_word' id='word_1_302' title='bbox 1206 2537 1312 2574; x_wconf 91' lang='lat' dir='ltr'>nos</span> <span class='ocrx_word' id='word_1_303' title='bbox 1329 2517 1528 2574; x_wconf 83' lang='lat' dir='ltr'>libere.</span> <span class='ocrx_word' id='word_1_304' title='bbox 1555 2521 1670 2576; x_wconf 88' lang='lat' dir='ltr'>Nos</span> <span class='ocrx_word' id='word_1_305' title='bbox 1684 2523 2062 2595; x_wconf 69' lang='lat' dir='ltr'>quaesivimus</span> 
     </span>
    </p>
   </div>
   <div class='ocr_carea' id='block_1_43' title="bbox 412 2608 2060 2684">
    <p class='ocr_par' dir='ltr' id='par_1_43' title="bbox 412 2608 2060 2684">
     <span class='ocr_line' id='line_1_43' title="bbox 412 2608 2060 2684; baseline 0.003 -18"><span class='ocrx_word' id='word_1_306' title='bbox 412 2609 570 2666; x_wconf 88' lang='lat' dir='ltr'>idola</span> <span class='ocrx_word' id='word_1_307' title='bbox 589 2613 648 2666; x_wconf 91' lang='lat' dir='ltr'>et</span> <span class='ocrx_word' id='word_1_308' title='bbox 674 2608 1134 2682; x_wconf 87' lang='lat' dir='ltr'>sculptilia,quia</span> <span class='ocrx_word' id='word_1_309' title='bbox 1161 2626 1276 2664; x_wconf 89' lang='lat' dir='ltr'>non</span> <span class='ocrx_word' id='word_1_310' title='bbox 1301 2614 1549 2680; x_wconf 90' lang='lat' dir='ltr'>possunt</span> <span class='ocrx_word' id='word_1_311' title='bbox 1575 2611 1744 2668; x_wconf 87' lang='lat' dir='ltr'>nobis</span> <span class='ocrx_word' id='word_1_312' title='bbox 1765 2614 2060 2684; x_wconf 87' lang='lat' dir='ltr'>prodesse,</span> 
     </span>
    </p>
   </div>
   <div class='ocr_carea' id='block_1_44' title="bbox 417 2698 2060 2772">
    <p class='ocr_par' dir='ltr' id='par_1_44' title="bbox 417 2698 2060 2772">
     <span class='ocr_line' id='line_1_44' title="bbox 417 2698 2060 2772; baseline 0.002 -16"><span class='ocrx_word' id='word_1_313' title='bbox 417 2700 519 2756; x_wconf 88' lang='lat' dir='ltr'>sed</span> <span class='ocrx_word' id='word_1_314' title='bbox 549 2703 605 2755; x_wconf 87' lang='lat' dir='ltr'>te</span> <span class='ocrx_word' id='word_1_315' title='bbox 636 2700 736 2772; x_wconf 91' lang='lat' dir='ltr'>qui</span> <span class='ocrx_word' id='word_1_316' title='bbox 767 2716 830 2756; x_wconf 89' lang='lat' dir='ltr'>es</span> <span class='ocrx_word' id='word_1_317' title='bbox 861 2698 1020 2755; x_wconf 88' lang='lat' dir='ltr'>solus</span> <span class='ocrx_word' id='word_1_318' title='bbox 1041 2699 1419 2770; x_wconf 88' lang='lat' dir='ltr'>potens.Esto</span> <span class='ocrx_word' id='word_1_319' title='bbox 1451 2699 1756 2756; x_wconf 85' lang='lat' dir='ltr'>brachium</span> <span class='ocrx_word' id='word_1_320' title='bbox 1778 2719 1980 2759; x_wconf 90' lang='lat' dir='ltr'>eorum</span> <span class='ocrx_word' id='word_1_321' title='bbox 2003 2705 2060 2758; x_wconf 90' lang='lat' dir='ltr'>in</span> 
     </span>
    </p>
   </div>
   <div class='ocr_carea' id='block_1_45' title="bbox 416 2785 2060 2860">
    <p class='ocr_par' dir='ltr' id='par_1_45' title="bbox 416 2785 2060 2860">
     <span class='ocr_line' id='line_1_45' title="bbox 416 2785 2060 2860; baseline 0.002 -16"><span class='ocrx_word' id='word_1_322' title='bbox 416 2805 608 2845; x_wconf 87' lang='lat' dir='ltr'>mane.</span> <span class='ocrx_word' id='word_1_323' title='bbox 637 2789 832 2860; x_wconf 83' lang='lat' dir='ltr'>Aliqui</span> <span class='ocrx_word' id='word_1_324' title='bbox 880 2788 1110 2844; x_wconf 90' lang='lat' dir='ltr'>codices</span> <span class='ocrx_word' id='word_1_325' title='bbox 1148 2785 1366 2842; x_wconf 85' lang='lat' dir='ltr'>habent</span> <span class='ocrx_word' id='word_1_326' title='bbox 1411 2788 1714 2844; x_wconf 89' lang='lat' dir='ltr'>brachium</span> <span class='ocrx_word' id='word_1_327' title='bbox 1770 2797 2060 2848; x_wconf 88' lang='lat' dir='ltr'>nostrum.</span> 
     </span>
    </p>
   </div>
   <div class='ocr_carea' id='block_1_46' title="bbox 413 2876 2058 2953">
    <p class='ocr_par' dir='ltr' id='par_1_46' title="bbox 413 2876 2058 2953">
     <span class='ocr_line' id='line_1_46' title="bbox 413 2876 2058 2953; baseline 0.004 -20"><span class='ocrx_word' id='word_1_328' title='bbox 413 2877 527 2933; x_wconf 89' lang='lat' dir='ltr'>Sed</span> <span class='ocrx_word' id='word_1_329' title='bbox 559 2877 607 2932; x_wconf 91' lang='lat' dir='ltr'>si</span> <span class='ocrx_word' id='word_1_330' title='bbox 639 2876 1321 2941; x_wconf 83' lang='lat' dir='ltr'>dixerimus,secundum</span> <span class='ocrx_word' id='word_1_331' title='bbox 1345 2877 1580 2932; x_wconf 89' lang='lat' dir='ltr'>beatum</span> <span class='ocrx_word' id='word_1_332' title='bbox 1603 2877 2058 2953; x_wconf 86' lang='lat' dir='ltr'>Hieronymum:</span> 
     </span>
    </p>
   </div>
   <div class='ocr_carea' id='block_1_47' title="bbox 411 2965 2060 3039">
    <p class='ocr_par' dir='ltr' id='par_1_47' title="bbox 411 2965 2060 3039">
     <span class='ocr_line' id='line_1_47' title="bbox 411 2965 2060 3039; baseline 0.003 -18"><span class='ocrx_word' id='word_1_333' title='bbox 411 2972 536 3022; x_wconf 91' lang='lat' dir='ltr'>esto</span> <span class='ocrx_word' id='word_1_334' title='bbox 570 2967 876 3023; x_wconf 88' lang='lat' dir='ltr'>brachium</span> <span class='ocrx_word' id='word_1_335' title='bbox 910 2965 1262 3034; x_wconf 90' lang='lat' dir='ltr'>eorum,erit</span> <span class='ocrx_word' id='word_1_336' title='bbox 1282 2982 1493 3022; x_wconf 88' lang='lat' dir='ltr'>sensus</span> <span class='ocrx_word' id='word_1_337' title='bbox 1527 2983 1538 3022; x_wconf 89' lang='lat'><strong>:</strong></span> <span class='ocrx_word' id='word_1_338' title='bbox 1573 2968 1710 3022; x_wconf 89' lang='lat' dir='ltr'>Esto</span> <span class='ocrx_word' id='word_1_339' title='bbox 1730 2969 2060 3039; x_wconf 84' lang='lat' dir='ltr'>brachium,</span> 
     </span>
    </p>
   </div>
   <div class='ocr_carea' id='block_1_48' title="bbox 409 3053 2059 3129">
    <p class='ocr_par' dir='ltr' id='par_1_48' title="bbox 409 3053 2059 3129">
     <span class='ocr_line' id='line_1_48' title="bbox 409 3053 2059 3129; baseline 0.002 -18"><span class='ocrx_word' id='word_1_340' title='bbox 409 3056 468 3112; x_wconf 88' lang='lat' dir='ltr'>id</span> <span class='ocrx_word' id='word_1_341' title='bbox 501 3061 589 3112; x_wconf 91' lang='lat' dir='ltr'>est</span> <span class='ocrx_word' id='word_1_342' title='bbox 604 3054 956 3129; x_wconf 81' lang='lat' dir='ltr'>expugnatio</span> <span class='ocrx_word' id='word_1_343' title='bbox 985 3071 1188 3110; x_wconf 92' lang='lat' dir='ltr'>eorum</span> <span class='ocrx_word' id='word_1_344' title='bbox 1211 3058 1271 3110; x_wconf 89' lang='lat' dir='ltr'>et</span> <span class='ocrx_word' id='word_1_345' title='bbox 1291 3053 1567 3126; x_wconf 88' lang='lat' dir='ltr'>repulsio.</span> <span class='ocrx_word' id='word_1_346' title='bbox 1589 3055 1646 3111; x_wconf 89' lang='lat' dir='ltr'>Si</span> <span class='ocrx_word' id='word_1_347' title='bbox 1685 3061 1878 3113; x_wconf 90' lang='lat' dir='ltr'>autem</span> <span class='ocrx_word' id='word_1_348' title='bbox 1903 3058 2059 3116; x_wconf 86' lang='lat' dir='ltr'>dixe-</span> 
     </span>
    </p>
   </div>
   <div class='ocr_carea' id='block_1_49' title="bbox 409 3128 2136 3209">
    <p class='ocr_par' dir='ltr' id='par_1_49' title="bbox 409 3128 2136 3209">
     <span class='ocr_line' id='line_1_49' title="bbox 409 3128 2136 3209; baseline -0.002 -10"><span class='ocrx_word' id='word_1_349' title='bbox 409 3144 598 3200; x_wconf 91' lang='lat' dir='ltr'>rimus</span> <span class='ocrx_word' id='word_1_350' title='bbox 633 3149 922 3209; x_wconf 87' lang='lat' dir='ltr'>nostrum,</span> <span class='ocrx_word' id='word_1_351' title='bbox 955 3142 1064 3198; x_wconf 88' lang='lat' dir='ltr'>erit</span> <span class='ocrx_word' id='word_1_352' title='bbox 1100 3159 1310 3197; x_wconf 90' lang='lat' dir='ltr'>sensus</span> <span class='ocrx_word' id='word_1_353' title='bbox 1345 3159 1356 3196; x_wconf 91' lang='lat'><strong>:</strong></span> <span class='ocrx_word' id='word_1_354' title='bbox 1393 3144 1531 3198; x_wconf 85' lang='lat' dir='ltr'>Esto</span> <span class='ocrx_word' id='word_1_355' title='bbox 1581 3143 1886 3200; x_wconf 86' lang='lat' dir='ltr'>brachium</span> <span class='ocrx_word' id='word_1_356' title='bbox 1923 3166 2059 3203; x_wconf 69' lang='lat' dir='ltr'>nos-</span> <span class='ocrx_word' id='word_1_357' title='bbox 2093 3128 2136 3196; x_wconf 85' lang='lat' dir='ltr'><strong>C</strong></span> 
     </span>
    </p>
   </div>
   <div class='ocr_carea' id='block_1_50' title="bbox 409 3231 2060 3302">
    <p class='ocr_par' dir='ltr' id='par_1_50' title="bbox 409 3231 2060 3302">
     <span class='ocr_line' id='line_1_50' title="bbox 409 3231 2060 3302; baseline 0.002 -14"><span class='ocrx_word' id='word_1_358' title='bbox 409 3237 594 3298; x_wconf 90' lang='lat' dir='ltr'>trum,</span> <span class='ocrx_word' id='word_1_359' title='bbox 625 3231 734 3287; x_wconf 92' lang='lat' dir='ltr'>hoc</span> <span class='ocrx_word' id='word_1_360' title='bbox 766 3238 856 3289; x_wconf 88' lang='lat' dir='ltr'>est</span> <span class='ocrx_word' id='word_1_361' title='bbox 886 3231 1163 3287; x_wconf 81' lang='lat' dir='ltr'>fortitudo</span> <span class='ocrx_word' id='word_1_362' title='bbox 1195 3235 1253 3286; x_wconf 89' lang='lat' dir='ltr'>et</span> <span class='ocrx_word' id='word_1_363' title='bbox 1298 3231 1558 3287; x_wconf 81' lang='lat' dir='ltr'>defensio</span> <span class='ocrx_word' id='word_1_364' title='bbox 1607 3236 1826 3302; x_wconf 90' lang='lat' dir='ltr'>nostra,</span> <span class='ocrx_word' id='word_1_365' title='bbox 1851 3239 1908 3290; x_wconf 91' lang='lat' dir='ltr'>et</span> <span class='ocrx_word' id='word_1_366' title='bbox 1957 3237 2060 3293; x_wconf 89' lang='lat' dir='ltr'>de-</span> 
     </span>
    </p>
   </div>
   <div class='ocr_carea' id='block_1_51' title="bbox 409 3320 2058 3394">
    <p class='ocr_par' dir='ltr' id='par_1_51' title="bbox 409 3320 2058 3394">
     <span class='ocr_line' id='line_1_51' title="bbox 409 3320 2058 3394; baseline 0.004 -18"><span class='ocrx_word' id='word_1_367' title='bbox 409 3321 580 3376; x_wconf 86' lang='lat' dir='ltr'>fende</span> <span class='ocrx_word' id='word_1_368' title='bbox 613 3337 718 3394; x_wconf 89' lang='lat' dir='ltr'>nos</span> <span class='ocrx_word' id='word_1_369' title='bbox 749 3325 852 3375; x_wconf 89' lang='lat' dir='ltr'>tua</span> <span class='ocrx_word' id='word_1_370' title='bbox 894 3321 1108 3374; x_wconf 89' lang='lat' dir='ltr'>virtute</span> <span class='ocrx_word' id='word_1_371' title='bbox 1157 3323 1214 3375; x_wconf 92' lang='lat' dir='ltr'>et</span> <span class='ocrx_word' id='word_1_372' title='bbox 1258 3320 1536 3392; x_wconf 87' lang='lat' dir='ltr'>potentia.</span> <span class='ocrx_word' id='word_1_373' title='bbox 1565 3320 1689 3375; x_wconf 90' lang='lat' dir='ltr'>Non</span> <span class='ocrx_word' id='word_1_374' title='bbox 1721 3327 1810 3376; x_wconf 88' lang='lat' dir='ltr'>est</span> <span class='ocrx_word' id='word_1_375' title='bbox 1863 3329 2058 3382; x_wconf 91' lang='lat' dir='ltr'>autem</span> 
     </span>
    </p>
   </div>
   <div class='ocr_carea' id='block_1_52' title="bbox 409 3405 2058 3479">
    <p class='ocr_par' dir='ltr' id='par_1_52' title="bbox 409 3405 2058 3479">
     <span class='ocr_line' id='line_1_52' title="bbox 409 3405 2058 3479; baseline 0.003 -19"><span class='ocrx_word' id='word_1_376' title='bbox 409 3405 999 3479; x_wconf 62' lang='lat' dir='ltr'>praetermittendum,</span> <span class='ocrx_word' id='word_1_377' title='bbox 1033 3423 1214 3478; x_wconf 89' lang='lat' dir='ltr'>quare</span> <span class='ocrx_word' id='word_1_378' title='bbox 1245 3405 1402 3465; x_wconf 80' lang='lat' dir='ltr'>dicat</span> <span class='ocrx_word' id='word_1_379' title='bbox 1424 3405 1481 3460; x_wconf 91' lang='lat' dir='ltr'>in</span> <span class='ocrx_word' id='word_1_380' title='bbox 1503 3423 1692 3462; x_wconf 87' lang='lat' dir='ltr'>mane.</span> <span class='ocrx_word' id='word_1_381' title='bbox 1715 3414 1854 3464; x_wconf 88' lang='lat' dir='ltr'>Cum</span> <span class='ocrx_word' id='word_1_382' title='bbox 1878 3410 2058 3468; x_wconf 87' lang='lat' dir='ltr'>inter-</span> 
     </span>
    </p>
   </div>
   <div class='ocr_carea' id='block_1_53' title="bbox 410 3494 2056 3573">
    <p class='ocr_par' dir='ltr' id='par_1_53' title="bbox 410 3494 2056 3573">
     <span class='ocr_line' id='line_1_53' title="bbox 410 3494 2056 3573; baseline 0.004 -23"><span class='ocrx_word' id='word_1_383' title='bbox 410 3495 597 3551; x_wconf 79' lang='lat' dir='ltr'>fectus</span> <span class='ocrx_word' id='word_1_384' title='bbox 627 3497 718 3550; x_wconf 91' lang='lat' dir='ltr'>est</span> <span class='ocrx_word' id='word_1_385' title='bbox 737 3494 1021 3551; x_wconf 89' lang='lat' dir='ltr'>exercitus</span> <span class='ocrx_word' id='word_1_386' title='bbox 1039 3495 1411 3568; x_wconf 80' lang='lat' dir='ltr'>Assyriorum</span> <span class='ocrx_word' id='word_1_387' title='bbox 1434 3511 1500 3550; x_wconf 89' lang='lat' dir='ltr'>eo</span> <span class='ocrx_word' id='word_1_388' title='bbox 1535 3496 1707 3550; x_wconf 88' lang='lat' dir='ltr'>modo</span> <span class='ocrx_word' id='word_1_389' title='bbox 1731 3515 1847 3569; x_wconf 88' lang='lat' dir='ltr'>quo</span> <span class='ocrx_word' id='word_1_390' title='bbox 1879 3517 2056 3573; x_wconf 89' lang='lat' dir='ltr'>supe-</span> 
     </span>
    </p>
   </div>
   <div class='ocr_carea' id='block_1_54' title="bbox 411 3583 2057 3657">
    <p class='ocr_par' dir='ltr' id='par_1_54' title="bbox 411 3583 2057 3657">
     <span class='ocr_line' id='line_1_54' title="bbox 411 3583 2057 3657; baseline 0.004 -17"><span class='ocrx_word' id='word_1_391' title='bbox 411 3585 536 3640; x_wconf 90' lang='lat' dir='ltr'>rius</span> <span class='ocrx_word' id='word_1_392' title='bbox 556 3583 780 3640; x_wconf 87' lang='lat' dir='ltr'>dictum</span> <span class='ocrx_word' id='word_1_393' title='bbox 811 3583 1022 3652; x_wconf 91' lang='lat' dir='ltr'>est,illi</span> <span class='ocrx_word' id='word_1_394' title='bbox 1056 3583 1156 3657; x_wconf 92' lang='lat' dir='ltr'>qui</span> <span class='ocrx_word' id='word_1_395' title='bbox 1186 3587 1589 3639; x_wconf 73' lang='lat' dir='ltr'>remanserant</span> <span class='ocrx_word' id='word_1_396' title='bbox 1612 3602 1682 3640; x_wconf 85' lang='lat' dir='ltr'>ex</span> <span class='ocrx_word' id='word_1_397' title='bbox 1727 3586 2057 3646; x_wconf 84' lang='lat' dir='ltr'>Sennache-</span> 
     </span>
    </p>
   </div>
   <div class='ocr_carea' id='block_1_55' title="bbox 411 3673 2059 3746">
    <p class='ocr_par' dir='ltr' id='par_1_55' title="bbox 411 3673 2059 3746">
     <span class='ocr_line' id='line_1_55' title="bbox 411 3673 2059 3746; baseline 0.004 -18"><span class='ocrx_word' id='word_1_398' title='bbox 411 3673 500 3729; x_wconf 92' lang='lat' dir='ltr'>rib</span> <span class='ocrx_word' id='word_1_399' title='bbox 532 3691 646 3728; x_wconf 93' lang='lat' dir='ltr'>non</span> <span class='ocrx_word' id='word_1_400' title='bbox 673 3677 1069 3746; x_wconf 88' lang='lat' dir='ltr'>cognoverunt</span> <span class='ocrx_word' id='word_1_401' title='bbox 1117 3673 1271 3745; x_wconf 89' lang='lat' dir='ltr'>quod</span> <span class='ocrx_word' id='word_1_402' title='bbox 1319 3673 1536 3727; x_wconf 89' lang='lat' dir='ltr'>factum</span> <span class='ocrx_word' id='word_1_403' title='bbox 1587 3677 1713 3729; x_wconf 86' lang='lat' dir='ltr'>erat</span> <span class='ocrx_word' id='word_1_404' title='bbox 1758 3674 1818 3730; x_wconf 91' lang='lat' dir='ltr'>in</span> <span class='ocrx_word' id='word_1_405' title='bbox 1851 3679 2059 3736; x_wconf 88' lang='lat' dir='ltr'>castris</span> 
     </span>
    </p>
   </div>
   <div class='ocr_carea' id='block_1_56' title="bbox 411 3761 2058 3835">
    <p class='ocr_par' dir='ltr' id='par_1_56' title="bbox 411 3761 2058 3835">
     <span class='ocr_line' id='line_1_56' title="bbox 411 3761 2058 3835; baseline 0.005 -19"><span class='ocrx_word' id='word_1_406' title='bbox 411 3778 636 3830; x_wconf 89' lang='lat' dir='ltr'>eorum,</span> <span class='ocrx_word' id='word_1_407' title='bbox 671 3779 979 3835; x_wconf 89' lang='lat' dir='ltr'>quousque</span> <span class='ocrx_word' id='word_1_408' title='bbox 1010 3777 1181 3816; x_wconf 89' lang='lat' dir='ltr'>mane</span> <span class='ocrx_word' id='word_1_409' title='bbox 1207 3765 1536 3833; x_wconf 86' lang='lat' dir='ltr'>surgerent,</span> <span class='ocrx_word' id='word_1_410' title='bbox 1569 3767 1626 3817; x_wconf 90' lang='lat' dir='ltr'>et</span> <span class='ocrx_word' id='word_1_411' title='bbox 1648 3761 1909 3821; x_wconf 84' lang='lat' dir='ltr'>viderent</span> <span class='ocrx_word' id='word_1_412' title='bbox 1937 3785 2058 3823; x_wconf 89' lang='lat' dir='ltr'>om-</span> 
     </span>
    </p>
   </div>
   <div class='ocr_carea' id='block_1_57' title="bbox 409 3849 2058 3926">
    <p class='ocr_par' dir='ltr' id='par_1_57' title="bbox 409 3849 2058 3926">
     <span class='ocr_line' id='line_1_57' title="bbox 409 3849 2058 3926; baseline 0.006 -22"><span class='ocrx_word' id='word_1_413' title='bbox 409 3850 507 3906; x_wconf 89' lang='lat' dir='ltr'>nia</span> <span class='ocrx_word' id='word_1_414' title='bbox 537 3868 780 3922; x_wconf 86' lang='lat' dir='ltr'>corpora</span> <span class='ocrx_word' id='word_1_415' title='bbox 808 3851 1135 3907; x_wconf 89' lang='lat' dir='ltr'>combusta.</span> <span class='ocrx_word' id='word_1_416' title='bbox 1161 3850 1326 3904; x_wconf 90' lang='lat' dir='ltr'>Tunc</span> <span class='ocrx_word' id='word_1_417' title='bbox 1358 3849 1538 3904; x_wconf 89' lang='lat' dir='ltr'>nimio</span> <span class='ocrx_word' id='word_1_418' title='bbox 1570 3851 1776 3908; x_wconf 90' lang='lat' dir='ltr'>timore</span> <span class='ocrx_word' id='word_1_419' title='bbox 1807 3857 2058 3926; x_wconf 87' lang='lat' dir='ltr'>perculsi</span> 
     </span>
    </p>
   </div>
   <div class='ocr_carea' id='block_1_58' title="bbox 408 3938 2058 4012">
    <p class='ocr_par' dir='ltr' id='par_1_58' title="bbox 408 3938 2058 4012">
     <span class='ocr_line' id='line_1_58' title="bbox 408 3938 2058 4012; baseline 0.006 -18"><span class='ocrx_word' id='word_1_420' title='bbox 408 3939 686 4012; x_wconf 86' lang='lat' dir='ltr'>fugerunt</span> <span class='ocrx_word' id='word_1_421' title='bbox 714 3940 774 3995; x_wconf 90' lang='lat' dir='ltr'>in</span> <span class='ocrx_word' id='word_1_422' title='bbox 805 3944 1020 3996; x_wconf 89' lang='lat' dir='ltr'>terram</span> <span class='ocrx_word' id='word_1_423' title='bbox 1050 3957 1240 3995; x_wconf 87' lang='lat' dir='ltr'>suam.</span> <span class='ocrx_word' id='word_1_424' title='bbox 1274 3939 1345 3994; x_wconf 81' lang='lat' dir='ltr'>Et</span> <span class='ocrx_word' id='word_1_425' title='bbox 1388 3938 1516 3994; x_wconf 90' lang='lat' dir='ltr'>ideo</span> <span class='ocrx_word' id='word_1_426' title='bbox 1565 3940 1707 4012; x_wconf 89' lang='lat' dir='ltr'>quia</span> <span class='ocrx_word' id='word_1_427' title='bbox 1757 3941 1839 3998; x_wconf 91' lang='lat' dir='ltr'>illi</span> <span class='ocrx_word' id='word_1_428' title='bbox 1886 3963 2058 4004; x_wconf 88' lang='lat' dir='ltr'>mane</span> 
     </span>
    </p>
   </div>
   <div class='ocr_carea' id='block_1_59' title="bbox 407 4029 2056 4107">
    <p class='ocr_par' dir='ltr' id='par_1_59' title="bbox 407 4029 2056 4107">
     <span class='ocr_line' id='line_1_59' title="bbox 407 4029 2056 4107; baseline -0.002 -26"><span class='ocrx_word' id='word_1_429' title='bbox 407 4033 805 4100; x_wconf 89' lang='lat' dir='ltr'>cognoverunt</span> <span class='ocrx_word' id='word_1_430' title='bbox 835 4029 984 4098; x_wconf 90' lang='lat' dir='ltr'>quod</span> <span class='ocrx_word' id='word_1_431' title='bbox 1015 4031 1138 4082; x_wconf 88' lang='lat' dir='ltr'>erat</span> <span class='ocrx_word' id='word_1_432' title='bbox 1167 4030 1494 4098; x_wconf 88' lang='lat' dir='ltr'>gestum,ct</span> <span class='ocrx_word' id='word_1_433' title='bbox 1523 4045 1694 4084; x_wconf 88' lang='lat' dir='ltr'>mane</span> <span class='ocrx_word' id='word_1_434' title='bbox 1725 4031 1924 4104; x_wconf 83' lang='lat' dir='ltr'>fugam</span> <span class='ocrx_word' id='word_1_435' title='bbox 1957 4053 2056 4107; x_wconf 69' lang='lat' dir='ltr'>pe-</span> 
     </span>
    </p>
   </div>
   <div class='ocr_carea' id='block_1_60' title="bbox 406 4115 2054 4186">
    <p class='ocr_par' dir='ltr' id='par_1_60' title="bbox 406 4115 2054 4186">
     <span class='ocr_line' id='line_1_60' title="bbox 406 4115 2054 4186; baseline 0.007 -18"><span class='ocrx_word' id='word_1_436' title='bbox 406 4115 644 4181; x_wconf 87' lang='lat' dir='ltr'>tierunt,</span> <span class='ocrx_word' id='word_1_437' title='bbox 676 4115 822 4170; x_wconf 91' lang='lat' dir='ltr'>dicit</span> <span class='ocrx_word' id='word_1_438' title='bbox 867 4115 1150 4186; x_wconf 87' lang='lat' dir='ltr'>propheta</span> <span class='ocrx_word' id='word_1_439' title='bbox 1181 4131 1194 4169; x_wconf 90' lang='lat'><strong>:</strong></span> <span class='ocrx_word' id='word_1_440' title='bbox 1227 4116 1364 4170; x_wconf 84' lang='lat' dir='ltr'>Esto</span> <span class='ocrx_word' id='word_1_441' title='bbox 1403 4115 1709 4173; x_wconf 87' lang='lat' dir='ltr'>brachium</span> <span class='ocrx_word' id='word_1_442' title='bbox 1759 4137 1961 4177; x_wconf 91' lang='lat' dir='ltr'>eorum</span> <span class='ocrx_word' id='word_1_443' title='bbox 1993 4123 2054 4179; x_wconf 90' lang='lat' dir='ltr'>in</span> 
     </span>
    </p>
   </div>
   <div class='ocr_carea' id='block_1_61' title="bbox 408 4202 2058 4274">
    <p class='ocr_par' dir='ltr' id='par_1_61' title="bbox 408 4202 2058 4274">
     <span class='ocr_line' id='line_1_61' title="bbox 408 4202 2058 4274; baseline 0.008 -19"><span class='ocrx_word' id='word_1_444' title='bbox 408 4219 599 4264; x_wconf 89' lang='lat' dir='ltr'>mane,</span> <span class='ocrx_word' id='word_1_445' title='bbox 633 4202 742 4256; x_wconf 92' lang='lat' dir='ltr'>hoc</span> <span class='ocrx_word' id='word_1_446' title='bbox 771 4206 860 4256; x_wconf 90' lang='lat' dir='ltr'>est</span> <span class='ocrx_word' id='word_1_447' title='bbox 887 4202 1238 4274; x_wconf 83' lang='lat' dir='ltr'>expugnatio</span> <span class='ocrx_word' id='word_1_448' title='bbox 1262 4206 1319 4257; x_wconf 91' lang='lat' dir='ltr'>et</span> <span class='ocrx_word' id='word_1_449' title='bbox 1340 4203 1616 4274; x_wconf 89' lang='lat' dir='ltr'>repulsio,</span> <span class='ocrx_word' id='word_1_450' title='bbox 1647 4211 1705 4262; x_wconf 89' lang='lat' dir='ltr'>et</span> <span class='ocrx_word' id='word_1_451' title='bbox 1734 4207 1896 4266; x_wconf 90' lang='lat' dir='ltr'>salus</span> <span class='ocrx_word' id='word_1_452' title='bbox 1927 4229 2058 4268; x_wconf 84' lang='lat' dir='ltr'>nos-</span> 
     </span>
    </p>
   </div>
   <div class='ocr_carea' id='block_1_62' title="bbox 406 4287 1026 4346">
    <p class='ocr_par' dir='ltr' id='par_1_62' title="bbox 406 4287 1026 4346">
     <span class='ocr_line' id='line_1_62' title="bbox 406 4287 1026 4346; baseline 0 -3"><span class='ocrx_word' id='word_1_453' title='bbox 406 4293 500 4343; x_wconf 91' lang='lat' dir='ltr'>tra</span> <span class='ocrx_word' id='word_1_454' title='bbox 528 4289 586 4343; x_wconf 91' lang='lat' dir='ltr'><strong>in</strong></span> <span class='ocrx_word' id='word_1_455' title='bbox 607 4287 1026 4346; x_wconf 87' lang='lat' dir='ltr'>tribulationis.</span> 
     </span>
    </p>
   </div>
   <div class='ocr_carea' id='block_1_63' title="bbox 480 4377 2055 4450">
    <p class='ocr_par' dir='ltr' id='par_1_63' title="bbox 480 4377 2055 4450">
     <span class='ocr_line' id='line_1_63' title="bbox 480 4377 2055 4450; baseline 0.009 -19"><span class='ocrx_word' id='word_1_456' title='bbox 480 4399 507 4425; x_wconf 86' lang='lat'><strong>«</strong></span> <span class='ocrx_word' id='word_1_457' title='bbox 537 4379 584 4432; x_wconf 87' lang='lat' dir='ltr'><strong>A</strong></span> <span class='ocrx_word' id='word_1_458' title='bbox 611 4393 747 4433; x_wconf 90' lang='lat' dir='ltr'>voce</span> <span class='ocrx_word' id='word_1_459' title='bbox 796 4377 985 4450; x_wconf 85' lang='lat' dir='ltr'>angeli</span> <span class='ocrx_word' id='word_1_460' title='bbox 1029 4379 1306 4449; x_wconf 83' lang='lat' dir='ltr'>fugerunt</span> <span class='ocrx_word' id='word_1_461' title='bbox 1345 4379 1564 4450; x_wconf 87' lang='lat' dir='ltr'>populi,</span> <span class='ocrx_word' id='word_1_462' title='bbox 1598 4383 1670 4438; x_wconf 88' lang='lat' dir='ltr'>ab</span> <span class='ocrx_word' id='word_1_463' title='bbox 1712 4385 2055 4446; x_wconf 82' lang='lat' dir='ltr'>exaltrtione</span> 
     </span>
    </p>
   </div>
   <div class='ocr_carea' id='block_1_64' title="bbox 2169 1813 3833 1888">
    <p class='ocr_par' dir='ltr' id='par_1_64' title="bbox 2169 1813 3833 1888">
     <span class='ocr_line' id='line_1_64' title="bbox 2169 1813 3833 1888; baseline -0.004 -13"><span class='ocrx_word' id='word_1_464' title='bbox 2169 1836 2240 1876; x_wconf 91' lang='lat' dir='ltr'>ex</span> <span class='ocrx_word' id='word_1_465' title='bbox 2263 1817 2640 1874; x_wconf 89' lang='lat' dir='ltr'>multitudine</span> <span class='ocrx_word' id='word_1_466' title='bbox 2661 1817 3040 1872; x_wconf 91' lang='lat' dir='ltr'>bruchorum.</span> <span class='ocrx_word' id='word_1_467' title='bbox 3059 1815 3115 1872; x_wconf 91' lang='lat' dir='ltr'>Si</span> <span class='ocrx_word' id='word_1_468' title='bbox 3141 1819 3338 1871; x_wconf 90' lang='lat' dir='ltr'>autem</span> <span class='ocrx_word' id='word_1_469' title='bbox 3357 1813 3679 1888; x_wconf 86' lang='lat' dir='ltr'>legerimus</span> <span class='ocrx_word' id='word_1_470' title='bbox 3703 1830 3833 1886; x_wconf 85' lang='lat' dir='ltr'>spo-</span> 
     </span>
    </p>
   </div>
   <div class='ocr_carea' id='block_1_65' title="bbox 2169 1901 3830 1976">
    <p class='ocr_par' dir='ltr' id='par_1_65' title="bbox 2169 1901 3830 1976">
     <span class='ocr_line' id='line_1_65' title="bbox 2169 1901 3830 1976; baseline -0.005 -12"><span class='ocrx_word' id='word_1_471' title='bbox 2169 1907 2248 1964; x_wconf 90' lang='lat' dir='ltr'>lia</span> <span class='ocrx_word' id='word_1_472' title='bbox 2297 1913 2516 1972; x_wconf 90' lang='lat' dir='ltr'>nostra,</span> <span class='ocrx_word' id='word_1_473' title='bbox 2549 1906 2660 1962; x_wconf 91' lang='lat' dir='ltr'>erit</span> <span class='ocrx_word' id='word_1_474' title='bbox 2708 1922 2920 1962; x_wconf 85' lang='lat' dir='ltr'>sensus</span> <span class='ocrx_word' id='word_1_475' title='bbox 2955 1922 2968 1961; x_wconf 93' lang='lat'>:</span> <span class='ocrx_word' id='word_1_476' title='bbox 3003 1904 3046 1960; x_wconf 94' lang='grc' dir='ltr'>Ο</span> <span class='ocrx_word' id='word_1_477' title='bbox 3093 1903 3282 1960; x_wconf 76' lang='lat' dir='ltr'>Judaei</span> <span class='ocrx_word' id='word_1_478' title='bbox 3313 1902 3414 1976; x_wconf 90' lang='lat' dir='ltr'>qui</span> <span class='ocrx_word' id='word_1_479' title='bbox 3452 1902 3743 1958; x_wconf 87' lang='lat' dir='ltr'>habitatis</span> <span class='ocrx_word' id='word_1_480' title='bbox 3772 1901 3830 1956; x_wconf 91' lang='lat' dir='ltr'>in</span> 
     </span>
    </p>
   </div>
   <div class='ocr_carea' id='block_1_66' title="bbox 2174 1983 3834 2066">
    <p class='ocr_par' dir='ltr' id='par_1_66' title="bbox 2174 1983 3834 2066">
     <span class='ocr_line' id='line_1_66' title="bbox 2174 1983 3834 2066; baseline -0.004 -13"><span class='ocrx_word' id='word_1_481' title='bbox 2174 1997 2553 2064; x_wconf 79' lang='lat' dir='ltr'>Hierusalem,</span> <span class='ocrx_word' id='word_1_482' title='bbox 2572 1983 2747 2051; x_wconf 88' lang='lat' dir='ltr'>nolite</span> <span class='ocrx_word' id='word_1_483' title='bbox 2777 1995 2981 2050; x_wconf 84' lang='lat' dir='ltr'>timere</span> <span class='ocrx_word' id='word_1_484' title='bbox 3007 2012 3042 2050; x_wconf 91' lang='lat' dir='ltr'>a</span> <span class='ocrx_word' id='word_1_485' title='bbox 3064 1993 3208 2050; x_wconf 86' lang='lat' dir='ltr'>facie</span> <span class='ocrx_word' id='word_1_486' title='bbox 3228 1990 3631 2066; x_wconf 85' lang='lat' dir='ltr'>Assyriorium</span> <span class='ocrx_word' id='word_1_487' title='bbox 3656 2009 3671 2046; x_wconf 93' lang='lat'><strong>:</strong></span> <span class='ocrx_word' id='word_1_488' title='bbox 3695 1990 3834 2064; x_wconf 83' lang='lat' dir='ltr'>quia</span> 
     </span>
    </p>
   </div>
   <div class='ocr_carea' id='block_1_67' title="bbox 2171 2081 3832 2158">
    <p class='ocr_par' dir='ltr' id='par_1_67' title="bbox 2171 2081 3832 2158">
     <span class='ocr_line' id='line_1_67' title="bbox 2171 2081 3832 2158; baseline -0.005 -16"><span class='ocrx_word' id='word_1_489' title='bbox 2171 2086 2372 2142; x_wconf 87' lang='lat' dir='ltr'>omnia</span> <span class='ocrx_word' id='word_1_490' title='bbox 2401 2085 2586 2158; x_wconf 89' lang='lat' dir='ltr'>spolia</span> <span class='ocrx_word' id='word_1_491' title='bbox 2615 2089 2670 2140; x_wconf 88' lang='lat' dir='ltr'>et</span> <span class='ocrx_word' id='word_1_492' title='bbox 2698 2100 2903 2140; x_wconf 91' lang='lat' dir='ltr'>omnes</span> <span class='ocrx_word' id='word_1_493' title='bbox 2935 2081 3147 2138; x_wconf 79' lang='lat' dir='ltr'>divitiae</span> <span class='ocrx_word' id='word_1_494' title='bbox 3178 2081 3414 2138; x_wconf 91' lang='lat' dir='ltr'>illorum</span> <span class='ocrx_word' id='word_1_495' title='bbox 3436 2081 3566 2153; x_wconf 87' lang='lat' dir='ltr'>jam</span> <span class='ocrx_word' id='word_1_496' title='bbox 3617 2084 3832 2136; x_wconf 72' lang='lat' dir='ltr'>nostra:</span> 
     </span>
    </p>
   </div>
   <div class='ocr_carea' id='block_1_68' title="bbox 2170 2168 3829 2246">
    <p class='ocr_par' dir='ltr' id='par_1_68' title="bbox 2170 2168 3829 2246">
     <span class='ocr_line' id='line_1_68' title="bbox 2170 2168 3829 2246; baseline -0.006 -14"><span class='ocrx_word' id='word_1_497' title='bbox 2170 2181 2328 2244; x_wconf 90' lang='lat' dir='ltr'>sunt,</span> <span class='ocrx_word' id='word_1_498' title='bbox 2348 2179 2405 2231; x_wconf 90' lang='lat' dir='ltr'>et</span> <span class='ocrx_word' id='word_1_499' title='bbox 2423 2173 2770 2246; x_wconf 87' lang='lat' dir='ltr'>colligentur</span> <span class='ocrx_word' id='word_1_500' title='bbox 2793 2191 2828 2228; x_wconf 90' lang='lat' dir='ltr'>a</span> <span class='ocrx_word' id='word_1_501' title='bbox 2856 2171 3026 2228; x_wconf 91' lang='lat' dir='ltr'>nobis</span> <span class='ocrx_word' id='word_1_502' title='bbox 3047 2172 3201 2228; x_wconf 90' lang='lat' dir='ltr'>sicut</span> <span class='ocrx_word' id='word_1_503' title='bbox 3221 2169 3516 2244; x_wconf 84' lang='lat' dir='ltr'>colligitur</span> <span class='ocrx_word' id='word_1_504' title='bbox 3534 2168 3829 2227; x_wconf 87' lang='lat' dir='ltr'>bruchus.</span> 
     </span>
    </p>
   </div>
   <div class='ocr_carea' id='block_1_69' title="bbox 2171 2259 3834 2334">
    <p class='ocr_par' dir='ltr' id='par_1_69' title="bbox 2171 2259 3834 2334">
     <span class='ocr_line' id='line_1_69' title="bbox 2171 2259 3834 2334; baseline -0.005 -14"><span class='ocrx_word' id='word_1_505' title='bbox 2171 2267 2254 2320; x_wconf 88' lang='lat' dir='ltr'>Ex</span> <span class='ocrx_word' id='word_1_506' title='bbox 2281 2263 2507 2320; x_wconf 87' lang='lat' dir='ltr'>locusta</span> <span class='ocrx_word' id='word_1_507' title='bbox 2527 2261 2789 2318; x_wconf 89' lang='lat' dir='ltr'>nascitur</span> <span class='ocrx_word' id='word_1_508' title='bbox 2819 2261 3101 2320; x_wconf 82' lang='lat' dir='ltr'>bruchus.</span> <span class='ocrx_word' id='word_1_509' title='bbox 3125 2259 3227 2334; x_wconf 90' lang='lat' dir='ltr'>qui</span> <span class='ocrx_word' id='word_1_510' title='bbox 3249 2260 3330 2315; x_wconf 89' lang='lat' dir='ltr'>ita</span> <span class='ocrx_word' id='word_1_511' title='bbox 3350 2262 3596 2315; x_wconf 86' lang='lat' dir='ltr'>vocatur</span> <span class='ocrx_word' id='word_1_512' title='bbox 3617 2275 3834 2330; x_wconf 86' lang='lat' dir='ltr'>quous-</span> 
     </span>
    </p>
   </div>
   <div class='ocr_carea' id='block_1_70' title="bbox 2171 2347 3828 2426">
    <p class='ocr_par' dir='ltr' id='par_1_70' title="bbox 2171 2347 3828 2426">
     <span class='ocr_line' id='line_1_70' title="bbox 2171 2347 3828 2426; baseline -0.002 -21"><span class='ocrx_word' id='word_1_513' title='bbox 2171 2371 2286 2426; x_wconf 88' lang='lat' dir='ltr'>que</span> <span class='ocrx_word' id='word_1_514' title='bbox 2311 2353 2434 2408; x_wconf 85' lang='lat' dir='ltr'>alas</span> <span class='ocrx_word' id='word_1_515' title='bbox 2456 2353 2686 2408; x_wconf 89' lang='lat' dir='ltr'>habeat.</span> <span class='ocrx_word' id='word_1_516' title='bbox 2703 2353 2814 2407; x_wconf 89' lang='lat' dir='ltr'>Sed</span> <span class='ocrx_word' id='word_1_517' title='bbox 2837 2368 2972 2406; x_wconf 90' lang='lat' dir='ltr'>cum</span> <span class='ocrx_word' id='word_1_518' title='bbox 3014 2349 3297 2423; x_wconf 81' lang='lat' dir='ltr'>cceperint</span> <span class='ocrx_word' id='word_1_519' title='bbox 3317 2348 3370 2406; x_wconf 88' lang='lat' dir='ltr'>ei</span> <span class='ocrx_word' id='word_1_520' title='bbox 3387 2349 3516 2420; x_wconf 89' lang='lat' dir='ltr'>jam</span> <span class='ocrx_word' id='word_1_521' title='bbox 3555 2347 3664 2403; x_wconf 65' lang='lat' dir='ltr'>ala:</span> <span class='ocrx_word' id='word_1_522' title='bbox 3695 2363 3828 2402; x_wconf 64' lang='lat' dir='ltr'>suco</span> 
     </span>
    </p>
   </div>
   <div class='ocr_carea' id='block_1_71' title="bbox 2173 2435 3832 2505">
    <p class='ocr_par' dir='ltr' id='par_1_71' title="bbox 2173 2435 3832 2505">
     <span class='ocr_line' id='line_1_71' title="bbox 2173 2435 3832 2505; baseline -0.004 -8"><span class='ocrx_word' id='word_1_523' title='bbox 2173 2459 2430 2498; x_wconf 89' lang='lat' dir='ltr'>crescere</span> <span class='ocrx_word' id='word_1_524' title='bbox 2462 2459 2527 2496; x_wconf 91' lang='lat' dir='ltr'>ac</span> <span class='ocrx_word' id='word_1_525' title='bbox 2561 2440 2727 2505; x_wconf 86' lang='lat' dir='ltr'>nisus</span> <span class='ocrx_word' id='word_1_526' title='bbox 2760 2441 2937 2496; x_wconf 89' lang='lat' dir='ltr'>fuerit</span> <span class='ocrx_word' id='word_1_527' title='bbox 2965 2439 3229 2504; x_wconf 89' lang='lat' dir='ltr'>volitare,</span> <span class='ocrx_word' id='word_1_528' title='bbox 3259 2441 3504 2494; x_wconf 87' lang='lat' dir='ltr'>vocatur</span> <span class='ocrx_word' id='word_1_529' title='bbox 3532 2435 3832 2492; x_wconf 83' lang='lat' dir='ltr'>athelech.</span> 
     </span>
    </p>
   </div>
   <div class='ocr_carea' id='block_1_72' title="bbox 2171 2525 3830 2602">
    <p class='ocr_par' dir='ltr' id='par_1_72' title="bbox 2171 2525 3830 2602">
     <span class='ocr_line' id='line_1_72' title="bbox 2171 2525 3830 2602; baseline -0.004 -16"><span class='ocrx_word' id='word_1_530' title='bbox 2171 2531 2318 2586; x_wconf 88' lang='lat' dir='ltr'>Cum</span> <span class='ocrx_word' id='word_1_531' title='bbox 2347 2548 2481 2586; x_wconf 78' lang='lat' dir='ltr'>vero</span> <span class='ocrx_word' id='word_1_532' title='bbox 2512 2529 2854 2602; x_wconf 86' lang='lat' dir='ltr'>plenissime</span> <span class='ocrx_word' id='word_1_533' title='bbox 2876 2527 3090 2600; x_wconf 90' lang='lat' dir='ltr'>poterit</span> <span class='ocrx_word' id='word_1_534' title='bbox 3108 2526 3322 2595; x_wconf 87' lang='lat' dir='ltr'>volare,</span> <span class='ocrx_word' id='word_1_535' title='bbox 3342 2525 3597 2581; x_wconf 80' lang='lat' dir='ltr'>efﬁcitur</span> <span class='ocrx_word' id='word_1_536' title='bbox 3616 2525 3830 2582; x_wconf 88' lang='lat' dir='ltr'>iterum</span> 
     </span>
    </p>
   </div>
   <div class='ocr_carea' id='block_1_73' title="bbox 2172 2613 3836 2690">
    <p class='ocr_par' dir='ltr' id='par_1_73' title="bbox 2172 2613 3836 2690">
     <span class='ocr_line' id='line_1_73' title="bbox 2172 2613 3836 2690; baseline -0.004 -14"><span class='ocrx_word' id='word_1_537' title='bbox 2172 2619 2504 2676; x_wconf 86' lang='lat' dir='ltr'>locusta.Et</span> <span class='ocrx_word' id='word_1_538' title='bbox 2534 2622 2624 2673; x_wconf 92' lang='lat' dir='ltr'>est</span> <span class='ocrx_word' id='word_1_539' title='bbox 2644 2617 2829 2673; x_wconf 90' lang='lat' dir='ltr'>multo</span> <span class='ocrx_word' id='word_1_540' title='bbox 2857 2615 3088 2690; x_wconf 89' lang='lat' dir='ltr'>gravior</span> <span class='ocrx_word' id='word_1_541' title='bbox 3119 2615 3380 2672; x_wconf 87' lang='lat' dir='ltr'>bruchus</span> <span class='ocrx_word' id='word_1_542' title='bbox 3403 2631 3584 2688; x_wconf 91' lang='lat' dir='ltr'>quam</span> <span class='ocrx_word' id='word_1_543' title='bbox 3606 2613 3836 2670; x_wconf 88' lang='lat' dir='ltr'>locusta</span> 
     </span>
    </p>
   </div>
   <div class='ocr_carea' id='block_1_74' title="bbox 2173 2701 3834 2778">
    <p class='ocr_par' dir='ltr' id='par_1_74' title="bbox 2173 2701 3834 2778">
     <span class='ocr_line' id='line_1_74' title="bbox 2173 2701 3834 2778; baseline -0.004 -14"><span class='ocrx_word' id='word_1_544' title='bbox 2173 2712 2230 2764; x_wconf 90' lang='lat' dir='ltr'>et</span> <span class='ocrx_word' id='word_1_545' title='bbox 2259 2705 2547 2772; x_wconf 90' lang='lat' dir='ltr'>athelech,</span> <span class='ocrx_word' id='word_1_546' title='bbox 2581 2706 2722 2778; x_wconf 90' lang='lat' dir='ltr'>quia</span> <span class='ocrx_word' id='word_1_547' title='bbox 2751 2707 2964 2762; x_wconf 88' lang='lat' dir='ltr'>desunt</span> <span class='ocrx_word' id='word_1_548' title='bbox 2991 2703 3043 2760; x_wconf 91' lang='lat' dir='ltr'>ei</span> <span class='ocrx_word' id='word_1_549' title='bbox 3070 2703 3173 2760; x_wconf 69' lang='lat' dir='ltr'>alae</span> <span class='ocrx_word' id='word_1_550' title='bbox 3211 2721 3316 2761; x_wconf 90' lang='lat' dir='ltr'>nec</span> <span class='ocrx_word' id='word_1_551' title='bbox 3358 2708 3552 2776; x_wconf 89' lang='lat' dir='ltr'>potest</span> <span class='ocrx_word' id='word_1_552' title='bbox 3567 2701 3682 2758; x_wconf 90' lang='lat' dir='ltr'>cito</span> <span class='ocrx_word' id='word_1_553' title='bbox 3713 2720 3834 2758; x_wconf 87' lang='lat' dir='ltr'>am-</span> 
     </span>
    </p>
   </div>
   <div class='ocr_carea' id='block_1_75' title="bbox 2173 2791 3836 2866">
    <p class='ocr_par' dir='ltr' id='par_1_75' title="bbox 2173 2791 3836 2866">
     <span class='ocr_line' id='line_1_75' title="bbox 2173 2791 3836 2866; baseline -0.004 -14"><span class='ocrx_word' id='word_1_554' title='bbox 2173 2796 2376 2852; x_wconf 89' lang='lat' dir='ltr'>bulare</span> <span class='ocrx_word' id='word_1_555' title='bbox 2399 2814 2411 2851; x_wconf 86' lang='lat'><strong>:</strong></span> <span class='ocrx_word' id='word_1_556' title='bbox 2439 2795 2684 2866; x_wconf 90' lang='lat' dir='ltr'>ideoque</span> <span class='ocrx_word' id='word_1_557' title='bbox 2708 2795 3045 2866; x_wconf 89' lang='lat' dir='ltr'>ubicunque</span> <span class='ocrx_word' id='word_1_558' title='bbox 3065 2792 3303 2859; x_wconf 88' lang='lat' dir='ltr'>venerit,</span> <span class='ocrx_word' id='word_1_559' title='bbox 3318 2791 3555 2864; x_wconf 89' lang='lat' dir='ltr'>penitus</span> <span class='ocrx_word' id='word_1_560' title='bbox 3576 2791 3836 2847; x_wconf 85' lang='lat' dir='ltr'>comedit</span> 
     </span>
    </p>
   </div>
   <div class='ocr_carea' id='block_1_76' title="bbox 2174 2879 3829 2957">
    <p class='ocr_par' dir='ltr' id='par_1_76' title="bbox 2174 2879 3829 2957">
     <span class='ocr_line' id='line_1_76' title="bbox 2174 2879 3829 2957; baseline -0.003 -16"><span class='ocrx_word' id='word_1_561' title='bbox 2174 2887 2392 2957; x_wconf 85' lang='lat' dir='ltr'>fruges.</span> <span class='ocrx_word' id='word_1_562' title='bbox 2413 2883 2613 2940; x_wconf 91' lang='lat' dir='ltr'>Solent</span> <span class='ocrx_word' id='word_1_563' title='bbox 2635 2889 2831 2938; x_wconf 90' lang='lat' dir='ltr'>autem</span> <span class='ocrx_word' id='word_1_564' title='bbox 2857 2883 3126 2938; x_wconf 87' lang='lat' dir='ltr'>homines</span> <span class='ocrx_word' id='word_1_565' title='bbox 3155 2881 3390 2938; x_wconf 90' lang='lat' dir='ltr'>illarum</span> <span class='ocrx_word' id='word_1_566' title='bbox 3423 2879 3731 2953; x_wconf 88' lang='lat' dir='ltr'>regionum</span> <span class='ocrx_word' id='word_1_567' title='bbox 3754 2881 3829 2936; x_wconf 88' lang='lat' dir='ltr'>ad</span> 
     </span>
    </p>
   </div>
   <div class='ocr_carea' id='block_1_77' title="bbox 2173 2968 3832 3046">
    <p class='ocr_par' dir='ltr' id='par_1_77' title="bbox 2173 2968 3832 3046">
     <span class='ocr_line' id='line_1_77' title="bbox 2173 2968 3832 3046; baseline -0.001 -18"><span class='ocrx_word' id='word_1_568' title='bbox 2173 2991 2322 3046; x_wconf 87' lang='lat' dir='ltr'>quas</span> <span class='ocrx_word' id='word_1_569' title='bbox 2353 2973 2586 3029; x_wconf 66' lang='lat' dir='ltr'>locustae</span> <span class='ocrx_word' id='word_1_570' title='bbox 2617 2971 2876 3040; x_wconf 87' lang='lat' dir='ltr'>veniuut,</span> <span class='ocrx_word' id='word_1_571' title='bbox 2910 2989 3010 3028; x_wconf 90' lang='lat' dir='ltr'>eas</span> <span class='ocrx_word' id='word_1_572' title='bbox 3032 2986 3385 3044; x_wconf 87' lang='lat' dir='ltr'>congregare</span> <span class='ocrx_word' id='word_1_573' title='bbox 3433 2969 3492 3024; x_wconf 89' lang='lat' dir='ltr'>in</span> <span class='ocrx_word' id='word_1_574' title='bbox 3526 2968 3738 3034; x_wconf 82' lang='lat' dir='ltr'>fossas,</span> <span class='ocrx_word' id='word_1_575' title='bbox 3770 2972 3832 3026; x_wconf 86' lang='lat' dir='ltr'>et</span> 
     </span>
    </p>
   </div>
   <div class='ocr_carea' id='block_1_78' title="bbox 2170 3059 3829 3136">
    <p class='ocr_par' dir='ltr' id='par_1_78' title="bbox 2170 3059 3829 3136">
     <span class='ocr_line' id='line_1_78' title="bbox 2170 3059 3829 3136; baseline -0.004 -18"><span class='ocrx_word' id='word_1_576' title='bbox 2170 3063 2395 3136; x_wconf 88' lang='lat' dir='ltr'>operire</span> <span class='ocrx_word' id='word_1_577' title='bbox 2425 3063 2606 3118; x_wconf 89' lang='lat' dir='ltr'>humo</span> <span class='ocrx_word' id='word_1_578' title='bbox 2641 3079 2653 3117; x_wconf 91' lang='lat'>:</span> <span class='ocrx_word' id='word_1_579' title='bbox 2690 3067 2754 3118; x_wconf 89' lang='lat' dir='ltr'>ut</span> <span class='ocrx_word' id='word_1_580' title='bbox 2782 3062 2832 3116; x_wconf 90' lang='lat' dir='ltr'>ei</span> <span class='ocrx_word' id='word_1_581' title='bbox 2867 3061 2977 3117; x_wconf 91' lang='lat' dir='ltr'>hoc</span> <span class='ocrx_word' id='word_1_582' title='bbox 3006 3059 3226 3116; x_wconf 84' lang='lat' dir='ltr'>venerit</span> <span class='ocrx_word' id='word_1_583' title='bbox 3255 3062 3548 3132; x_wconf 89' lang='lat' dir='ltr'>quatenus</span> <span class='ocrx_word' id='word_1_584' title='bbox 3593 3075 3628 3113; x_wconf 74' lang='grc' dir='ltr'>ιι</span> <span class='ocrx_word' id='word_1_585' title='bbox 3653 3063 3829 3114; x_wconf 83' lang='lat' dir='ltr'>vento</span> 
     </span>
    </p>
   </div>
   <div class='ocr_carea' id='block_1_79' title="bbox 2169 3145 3828 3225">
    <p class='ocr_par' dir='ltr' id='par_1_79' title="bbox 2169 3145 3828 3225">
     <span class='ocr_line' id='line_1_79' title="bbox 2169 3145 3828 3225; baseline -0.004 -17"><span class='ocrx_word' id='word_1_586' title='bbox 2169 3152 2554 3225; x_wconf 87' lang='lat' dir='ltr'>projiciantur</span> <span class='ocrx_word' id='word_1_587' title='bbox 2583 3150 2641 3204; x_wconf 91' lang='lat' dir='ltr'>in</span> <span class='ocrx_word' id='word_1_588' title='bbox 2676 3167 2854 3217; x_wconf 90' lang='lat' dir='ltr'>mare,</span> <span class='ocrx_word' id='word_1_589' title='bbox 2887 3157 2939 3206; x_wconf 87' lang='lat' dir='ltr'>et</span> <span class='ocrx_word' id='word_1_590' title='bbox 2993 3149 3066 3204; x_wconf 88' lang='lat' dir='ltr'>ab</span> <span class='ocrx_word' id='word_1_591' title='bbox 3113 3147 3288 3204; x_wconf 89' lang='lat' dir='ltr'>undis</span> <span class='ocrx_word' id='word_1_592' title='bbox 3338 3147 3725 3220; x_wconf 86' lang='lat' dir='ltr'>projiciantur</span> <span class='ocrx_word' id='word_1_593' title='bbox 3767 3145 3828 3201; x_wconf 87' lang='lat' dir='ltr'>in</span> 
     </span>
    </p>
   </div>
   <div class='ocr_carea' id='block_1_80' title="bbox 2168 3234 3823 3307">
    <p class='ocr_par' dir='ltr' id='par_1_80' title="bbox 2168 3234 3823 3307">
     <span class='ocr_line' id='line_1_80' title="bbox 2168 3234 3823 3307; baseline -0.004 -11"><span class='ocrx_word' id='word_1_594' title='bbox 2168 3245 2408 3307; x_wconf 88' lang='lat' dir='ltr'>terram,</span> <span class='ocrx_word' id='word_1_595' title='bbox 2427 3245 2484 3296; x_wconf 90' lang='lat' dir='ltr'>et</span> <span class='ocrx_word' id='word_1_596' title='bbox 2513 3239 2751 3296; x_wconf 61' lang='lat' dir='ltr'>fustibus</span> <span class='ocrx_word' id='word_1_597' title='bbox 2770 3239 3004 3294; x_wconf 87' lang='lat' dir='ltr'>illarum</span> <span class='ocrx_word' id='word_1_598' title='bbox 3026 3236 3291 3294; x_wconf 89' lang='lat' dir='ltr'>oriantur</span> <span class='ocrx_word' id='word_1_599' title='bbox 3309 3235 3642 3292; x_wconf 89' lang='lat' dir='ltr'>bruchi.Sic</span> <span class='ocrx_word' id='word_1_600' title='bbox 3662 3234 3823 3290; x_wconf 89' lang='lat' dir='ltr'>enim</span> 
     </span>
    </p>
   </div>
   <div class='ocr_carea' id='block_1_81' title="bbox 2170 3324 3826 3403">
    <p class='ocr_par' dir='ltr' id='par_1_81' title="bbox 2170 3324 3826 3403">
     <span class='ocr_line' id='line_1_81' title="bbox 2170 3324 3826 3403; baseline -0.004 -17"><span class='ocrx_word' id='word_1_601' title='bbox 2170 3347 2320 3403; x_wconf 67' lang='lat' dir='ltr'>saepe</span> <span class='ocrx_word' id='word_1_602' title='bbox 2351 3331 2418 3386; x_wconf 80' lang='lat' dir='ltr'>ﬁt</span> <span class='ocrx_word' id='word_1_603' title='bbox 2447 3333 2512 3384; x_wconf 92' lang='lat' dir='ltr'>ut</span> <span class='ocrx_word' id='word_1_604' title='bbox 2533 3345 2601 3384; x_wconf 91' lang='lat' dir='ltr'>ex</span> <span class='ocrx_word' id='word_1_605' title='bbox 2630 3327 2753 3384; x_wconf 92' lang='lat' dir='ltr'>ovis</span> <span class='ocrx_word' id='word_1_606' title='bbox 2787 3331 3267 3399; x_wconf 71' lang='lat' dir='ltr'>nascantur,quaa</span> <span class='ocrx_word' id='word_1_607' title='bbox 3300 3325 3493 3382; x_wconf 88' lang='lat' dir='ltr'>adhuc</span> <span class='ocrx_word' id='word_1_608' title='bbox 3533 3324 3594 3380; x_wconf 92' lang='lat' dir='ltr'>in</span> <span class='ocrx_word' id='word_1_609' title='bbox 3626 3329 3826 3380; x_wconf 79' lang='lat' dir='ltr'>ventre</span> 
     </span>
    </p>
   </div>
   <div class='ocr_carea' id='block_1_82' title="bbox 2169 3417 2592 3474">
    <p class='ocr_par' dir='ltr' id='par_1_82' title="bbox 2169 3417 2592 3474">
     <span class='ocr_line' id='line_1_82' title="bbox 2169 3417 2592 3474; baseline -0.007 0"><span class='ocrx_word' id='word_1_610' title='bbox 2169 3417 2376 3474; x_wconf 86' lang='lat' dir='ltr'>matris</span> <span class='ocrx_word' id='word_1_611' title='bbox 2405 3422 2592 3473; x_wconf 90' lang='lat' dir='ltr'>erant.</span> 
     </span>
    </p>
   </div>
   <div class='ocr_carea' id='block_1_83' title="bbox 2241 3500 3823 3579">
    <p class='ocr_par' dir='ltr' id='par_1_83' title="bbox 2241 3500 3823 3579">
     <span class='ocr_line' id='line_1_83' title="bbox 2241 3500 3823 3579; baseline -0.001 -22"><span class='ocrx_word' id='word_1_612' title='bbox 2241 3532 2268 3557; x_wconf 86' lang='grc'><strong>‹‹</strong></span> <span class='ocrx_word' id='word_1_613' title='bbox 2294 3506 2702 3579; x_wconf 82' lang='lat' dir='ltr'>Maguiﬁcatus</span> <span class='ocrx_word' id='word_1_614' title='bbox 2723 3509 2812 3561; x_wconf 87' lang='lat' dir='ltr'>est</span> <span class='ocrx_word' id='word_1_615' title='bbox 2830 3501 3432 3577; x_wconf 88' lang='lat' dir='ltr'>Dominus,quoniam</span> <span class='ocrx_word' id='word_1_616' title='bbox 3455 3500 3745 3558; x_wconf 80' lang='lat' dir='ltr'>habitavit</span> <span class='ocrx_word' id='word_1_617' title='bbox 3765 3501 3823 3556; x_wconf 88' lang='lat' dir='ltr'>in</span> 
     </span>
    </p>
   </div>
   <div class='ocr_carea' id='block_1_84' title="bbox 2167 3589 3824 3666">
    <p class='ocr_par' dir='ltr' id='par_1_84' title="bbox 2167 3589 3824 3666">
     <span class='ocr_line' id='line_1_84' title="bbox 2167 3589 3824 3666; baseline -0.004 -14"><span class='ocrx_word' id='word_1_618' title='bbox 2167 3595 2449 3652; x_wconf 85' lang='lat' dir='ltr'>excelso.»</span> <span class='ocrx_word' id='word_1_619' title='bbox 2468 3593 2876 3665; x_wconf 85' lang='lat' dir='ltr'>Magniticatus</span> <span class='ocrx_word' id='word_1_620' title='bbox 2897 3594 3069 3660; x_wconf 88' lang='lat' dir='ltr'>est,id</span> <span class='ocrx_word' id='word_1_621' title='bbox 3091 3597 3182 3650; x_wconf 89' lang='lat' dir='ltr'>est</span> <span class='ocrx_word' id='word_1_622' title='bbox 3202 3608 3452 3666; x_wconf 90' lang='lat' dir='ltr'>magnus</span> <span class='ocrx_word' id='word_1_623' title='bbox 3472 3589 3824 3662; x_wconf 79' lang='lat' dir='ltr'>praedicatus</span> 
     </span>
    </p>
   </div>
   <div class='ocr_carea' id='block_1_85' title="bbox 2167 3678 3824 3754">
    <p class='ocr_par' dir='ltr' id='par_1_85' title="bbox 2167 3678 3824 3754">
     <span class='ocr_line' id='line_1_85' title="bbox 2167 3678 3824 3754; baseline -0.005 -12"><span class='ocrx_word' id='word_1_624' title='bbox 2167 3689 2224 3742; x_wconf 90' lang='lat' dir='ltr'>et</span> <span class='ocrx_word' id='word_1_625' title='bbox 2245 3684 2520 3740; x_wconf 87' lang='lat' dir='ltr'>laudatus</span> <span class='ocrx_word' id='word_1_626' title='bbox 2543 3683 2616 3738; x_wconf 89' lang='lat' dir='ltr'>ab</span> <span class='ocrx_word' id='word_1_627' title='bbox 2631 3683 2956 3748; x_wconf 89' lang='lat' dir='ltr'>Ezechia,et</span> <span class='ocrx_word' id='word_1_628' title='bbox 2965 3683 3037 3738; x_wconf 89' lang='lat' dir='ltr'>ab</span> <span class='ocrx_word' id='word_1_629' title='bbox 3058 3681 3176 3738; x_wconf 91' lang='lat' dir='ltr'>illis</span> <span class='ocrx_word' id='word_1_630' title='bbox 3197 3681 3298 3754; x_wconf 93' lang='lat' dir='ltr'>qui</span> <span class='ocrx_word' id='word_1_631' title='bbox 3317 3679 3621 3736; x_wconf 85' lang='lat' dir='ltr'>victoriam</span> <span class='ocrx_word' id='word_1_632' title='bbox 3635 3678 3824 3735; x_wconf 89' lang='lat' dir='ltr'>Domi.</span> 
     </span>
    </p>
   </div>
   <div class='ocr_carea' id='block_1_86' title="bbox 2167 3767 3819 3842">
    <p class='ocr_par' dir='ltr' id='par_1_86' title="bbox 2167 3767 3819 3842">
     <span class='ocr_line' id='line_1_86' title="bbox 2167 3767 3819 3842; baseline -0.004 -12"><span class='ocrx_word' id='word_1_633' title='bbox 2167 3775 2224 3830; x_wconf 91' lang='lat' dir='ltr'>ni</span> <span class='ocrx_word' id='word_1_634' title='bbox 2250 3773 2522 3828; x_wconf 88' lang='lat' dir='ltr'>viderunt</span> <span class='ocrx_word' id='word_1_635' title='bbox 2543 3773 2613 3827; x_wconf 91' lang='lat' dir='ltr'>de</span> <span class='ocrx_word' id='word_1_636' title='bbox 2631 3771 2904 3827; x_wconf 84' lang='lat' dir='ltr'>hostibus</span> <span class='ocrx_word' id='word_1_637' title='bbox 2926 3770 3050 3828; x_wconf 91' lang='lat' dir='ltr'>suis</span> <span class='ocrx_word' id='word_1_638' title='bbox 3065 3771 3293 3842; x_wconf 79' lang='lat' dir='ltr'>(li’Reg.</span> <span class='ocrx_word' id='word_1_639' title='bbox 3308 3773 3490 3837; x_wconf 77' lang='lat' dir='ltr'>xvru).</span> <span class='ocrx_word' id='word_1_640' title='bbox 3509 3769 3573 3824; x_wconf 89' lang='lat' dir='ltr'>In</span> <span class='ocrx_word' id='word_1_641' title='bbox 3595 3767 3819 3824; x_wconf 79' lang='lat' dir='ltr'>excelso</span> 
     </span>
    </p>
   </div>
   <div class='ocr_carea' id='block_1_87' title="bbox 2167 3857 3821 3933">
    <p class='ocr_par' dir='ltr' id='par_1_87' title="bbox 2167 3857 3821 3933">
     <span class='ocr_line' id='line_1_87' title="bbox 2167 3857 3821 3933; baseline -0.004 -14"><span class='ocrx_word' id='word_1_642' title='bbox 2167 3868 2363 3919; x_wconf 90' lang='lat' dir='ltr'>autem</span> <span class='ocrx_word' id='word_1_643' title='bbox 2377 3861 2512 3916; x_wconf 92' lang='lat' dir='ltr'>habi</span> <span class='ocrx_word' id='word_1_644' title='bbox 2523 3859 2777 3928; x_wconf 89' lang='lat' dir='ltr'>tabit,vel</span> <span class='ocrx_word' id='word_1_645' title='bbox 2803 3861 2860 3914; x_wconf 89' lang='lat' dir='ltr'>in</span> <span class='ocrx_word' id='word_1_646' title='bbox 2883 3859 3100 3932; x_wconf 90' lang='lat' dir='ltr'>templo</span> <span class='ocrx_word' id='word_1_647' title='bbox 3116 3859 3314 3933; x_wconf 63' lang='lat' dir='ltr'>gloria:</span> <span class='ocrx_word' id='word_1_648' title='bbox 3335 3859 3544 3926; x_wconf 73' lang='lat' dir='ltr'>suae,in</span> <span class='ocrx_word' id='word_1_649' title='bbox 3557 3857 3821 3915; x_wconf 85' lang='lat' dir='ltr'>Hierusa-</span> 
     </span>
    </p>
   </div>
   <div class='ocr_carea' id='block_1_88' title="bbox 2165 3946 3816 4022">
    <p class='ocr_par' dir='ltr' id='par_1_88' title="bbox 2165 3946 3816 4022">
     <span class='ocr_line' id='line_1_88' title="bbox 2165 3946 3816 4022; baseline -0.004 -14"><span class='ocrx_word' id='word_1_650' title='bbox 2165 3953 2280 4008; x_wconf 90' lang='lat' dir='ltr'>lem</span> <span class='ocrx_word' id='word_1_651' title='bbox 2307 3952 2376 4022; x_wconf 86' lang='lat' dir='ltr'>(Il</span> <span class='ocrx_word' id='word_1_652' title='bbox 2399 3950 2588 4005; x_wconf 75' lang='lat' dir='ltr'>Paret.</span> <span class='ocrx_word' id='word_1_653' title='bbox 2617 3952 2791 4018; x_wconf 79' lang='lat' dir='ltr'>xxix).</span> <span class='ocrx_word' id='word_1_654' title='bbox 2815 3948 2918 4005; x_wconf 87' lang='lat' dir='ltr'>Vel</span> <span class='ocrx_word' id='word_1_655' title='bbox 2950 3949 3127 4004; x_wconf 91' lang='lat' dir='ltr'>etiam</span> <span class='ocrx_word' id='word_1_656' title='bbox 3157 3949 3218 4004; x_wconf 91' lang='lat' dir='ltr'>in</span> <span class='ocrx_word' id='word_1_657' title='bbox 3247 3946 3473 4005; x_wconf 86' lang='lat' dir='ltr'>excelso</span> <span class='ocrx_word' id='word_1_658' title='bbox 3513 3947 3816 4014; x_wconf 58' lang='lat' dir='ltr'>caelorum,</span> 
     </span>
    </p>
   </div>
   <div class='ocr_carea' id='block_1_89' title="bbox 2164 4035 3814 4110">
    <p class='ocr_par' dir='ltr' id='par_1_89' title="bbox 2164 4035 3814 4110">
     <span class='ocr_line' id='line_1_89' title="bbox 2164 4035 3814 4110; baseline -0.002 -15"><span class='ocrx_word' id='word_1_659' title='bbox 2164 4039 2250 4097; x_wconf 89' lang='lat' dir='ltr'>vel</span> <span class='ocrx_word' id='word_1_660' title='bbox 2281 4040 2338 4094; x_wconf 91' lang='lat' dir='ltr'><strong>in</strong></span> <span class='ocrx_word' id='word_1_661' title='bbox 2371 4038 2646 4094; x_wconf 89' lang='lat' dir='ltr'>cordibus</span> <span class='ocrx_word' id='word_1_662' title='bbox 2667 4037 3122 4110; x_wconf 81' lang='lat' dir='ltr'>clectorum,qui</span> <span class='ocrx_word' id='word_1_663' title='bbox 3146 4037 3220 4093; x_wconf 88' lang='lat' dir='ltr'>ad</span> <span class='ocrx_word' id='word_1_664' title='bbox 3241 4035 3502 4092; x_wconf 75' lang='lat' dir='ltr'>cmlestia</span> <span class='ocrx_word' id='word_1_665' title='bbox 3516 4035 3814 4092; x_wconf 88' lang='lat' dir='ltr'>anhelant.</span> 
     </span>
    </p>
   </div>
   <div class='ocr_carea' id='block_1_90' title="bbox 2169 4123 3815 4200">
    <p class='ocr_par' dir='ltr' id='par_1_90' title="bbox 2169 4123 3815 4200">
     <span class='ocr_line' id='line_1_90' title="bbox 2169 4123 3815 4200; baseline 0 -20"><span class='ocrx_word' id='word_1_666' title='bbox 2169 4153 2196 4180; x_wconf 87' lang='grc'>‹‹</span> <span class='ocrx_word' id='word_1_667' title='bbox 2229 4126 2493 4200; x_wconf 83' lang='lat' dir='ltr'>Implevit</span> <span class='ocrx_word' id='word_1_668' title='bbox 2523 4126 2659 4183; x_wconf 91' lang='lat' dir='ltr'>Sion</span> <span class='ocrx_word' id='word_1_669' title='bbox 2679 4126 2905 4196; x_wconf 85' lang='lat' dir='ltr'>judicio</span> <span class='ocrx_word' id='word_1_670' title='bbox 2935 4131 2993 4182; x_wconf 90' lang='lat' dir='ltr'>et</span> <span class='ocrx_word' id='word_1_671' title='bbox 3013 4125 3249 4198; x_wconf 87' lang='lat' dir='ltr'>justitia</span> <span class='ocrx_word' id='word_1_672' title='bbox 3280 4141 3294 4180; x_wconf 89' lang='lat'><strong>:</strong></span> <span class='ocrx_word' id='word_1_673' title='bbox 3331 4147 3358 4174; x_wconf 78' lang='grc' dir='ltr'>ι»</span> <span class='ocrx_word' id='word_1_674' title='bbox 3389 4123 3815 4197; x_wconf 86' lang='lat' dir='ltr'>quiaEzechias</span> 
     </span>
    </p>
   </div>
   <div class='ocr_carea' id='block_1_91' title="bbox 2165 4211 3811 4288">
    <p class='ocr_par' dir='ltr' id='par_1_91' title="bbox 2165 4211 3811 4288">
     <span class='ocr_line' id='line_1_91' title="bbox 2165 4211 3811 4288; baseline -0.003 -15"><span class='ocrx_word' id='word_1_675' title='bbox 2165 4235 2263 4273; x_wconf 88' lang='lat' dir='ltr'>rex</span> <span class='ocrx_word' id='word_1_676' title='bbox 2301 4219 2464 4287; x_wconf 89' lang='lat' dir='ltr'>juste</span> <span class='ocrx_word' id='word_1_677' title='bbox 2499 4213 2789 4284; x_wconf 87' lang='lat' dir='ltr'>judicavit</span> <span class='ocrx_word' id='word_1_678' title='bbox 2834 4215 3120 4288; x_wconf 91' lang='lat' dir='ltr'>populum</span> <span class='ocrx_word' id='word_1_679' title='bbox 3151 4213 3524 4270; x_wconf 87' lang='lat' dir='ltr'>habitantem</span> <span class='ocrx_word' id='word_1_680' title='bbox 3557 4211 3620 4268; x_wconf 90' lang='lat' dir='ltr'>in</span> <span class='ocrx_word' id='word_1_681' title='bbox 3657 4213 3811 4278; x_wconf 88' lang='lat' dir='ltr'>Sion,</span> 
     </span>
    </p>
   </div>
   <div class='ocr_carea' id='block_1_92' title="bbox 2163 4301 3812 4370">
    <p class='ocr_par' dir='ltr' id='par_1_92' title="bbox 2163 4301 3812 4370">
     <span class='ocr_line' id='line_1_92' title="bbox 2163 4301 3812 4370; baseline -0.004 -9"><span class='ocrx_word' id='word_1_682' title='bbox 2163 4305 2274 4361; x_wconf 91' lang='lat' dir='ltr'>hoc</span> <span class='ocrx_word' id='word_1_683' title='bbox 2295 4307 2384 4360; x_wconf 88' lang='lat' dir='ltr'>est</span> <span class='ocrx_word' id='word_1_684' title='bbox 2411 4303 2470 4358; x_wconf 92' lang='lat' dir='ltr'><strong>in</strong></span> <span class='ocrx_word' id='word_1_685' title='bbox 2493 4302 3159 4370; x_wconf 86' lang='lat' dir='ltr'>Hierusalem,revocans</span> <span class='ocrx_word' id='word_1_686' title='bbox 3181 4301 3350 4357; x_wconf 90' lang='lat' dir='ltr'>illum</span> <span class='ocrx_word' id='word_1_687' title='bbox 3371 4301 3444 4356; x_wconf 91' lang='lat' dir='ltr'>ad</span> <span class='ocrx_word' id='word_1_688' title='bbox 3462 4301 3695 4356; x_wconf 90' lang='lat' dir='ltr'>cultum</span> <span class='ocrx_word' id='word_1_689' title='bbox 3715 4301 3812 4358; x_wconf 88' lang='lat' dir='ltr'>Dei</span> 
     </span>
    </p>
   </div>
   <div class='ocr_carea' id='block_1_93' title="bbox 2164 4389 3810 4464">
    <p class='ocr_par' dir='ltr' id='par_1_93' title="bbox 2164 4389 3810 4464">
     <span class='ocr_line' id='line_1_93' title="bbox 2164 4389 3810 4464; baseline -0.004 -14"><span class='ocrx_word' id='word_1_690' title='bbox 2164 4395 2236 4450; x_wconf 91' lang='lat' dir='ltr'>ab</span> <span class='ocrx_word' id='word_1_691' title='bbox 2257 4391 2602 4449; x_wconf 81' lang='lat' dir='ltr'>idololatria.</span> <span class='ocrx_word' id='word_1_692' title='bbox 2637 4393 2707 4447; x_wconf 90' lang='lat' dir='ltr'>Et</span> <span class='ocrx_word' id='word_1_693' title='bbox 2739 4409 2840 4464; x_wconf 90' lang='lat' dir='ltr'>per</span> <span class='ocrx_word' id='word_1_694' title='bbox 2877 4390 2984 4447; x_wconf 90' lang='lat' dir='ltr'>hoc</span> <span class='ocrx_word' id='word_1_695' title='bbox 3025 4391 3315 4448; x_wconf 81' lang='lat' dir='ltr'>internum</span> <span class='ocrx_word' id='word_1_696' title='bbox 3365 4389 3810 4462; x_wconf 87' lang='lat' dir='ltr'>inspiratiouem</span> 
     </span>
    </p>
   </div>
   <div class='ocr_carea' id='block_1_94' title="bbox 405 4467 3808 4560">
    <p class='ocr_par' dir='ltr' id='par_1_94' title="bbox 405 4467 3808 4560">
     <span class='ocr_line' id='line_1_94' title="bbox 405 4467 3808 4560; baseline 0.002 -36"><span class='ocrx_word' id='word_1_697' title='bbox 405 4469 509 4560; x_wconf 75' lang='lat' dir='ltr'>tua</span> <span class='ocrx_word' id='word_1_698' title='bbox 532 4467 810 4560; x_wconf 71' lang='lat' dir='ltr'>dispersa:</span> <span class='ocrx_word' id='word_1_699' title='bbox 843 4473 982 4523; x_wconf 91' lang='lat' dir='ltr'>sunt</span> <span class='ocrx_word' id='word_1_700' title='bbox 1011 4472 1229 4560; x_wconf 80' lang='lat' dir='ltr'>gentes.</span> <span class='ocrx_word' id='word_1_701' title='bbox 1270 4490 1297 4516; x_wconf 86' lang='grc'><strong>››</strong></span> <span class='ocrx_word' id='word_1_702' title='bbox 1328 4468 1604 4560; x_wconf 63' lang='lat' dir='ltr'>l‘ionnulli</span> <span class='ocrx_word' id='word_1_703' title='bbox 1635 4473 1906 4545; x_wconf 85' lang='lat' dir='ltr'>angelum</span> <span class='ocrx_word' id='word_1_704' title='bbox 1949 4479 2054 4533; x_wconf 89' lang='lat' dir='ltr'>Mi-</span> <span class='ocrx_word' id='word_1_705' title='bbox 2086 4495 2132 4560; x_wconf 64' lang='grc' dir='ltr'>ι)</span> <span class='ocrx_word' id='word_1_706' title='bbox 2164 4487 2360 4538; x_wconf 90' lang='lat' dir='ltr'>actum</span> <span class='ocrx_word' id='word_1_707' title='bbox 2384 4485 2495 4550; x_wconf 85' lang='lat' dir='ltr'>est,</span> <span class='ocrx_word' id='word_1_708' title='bbox 2519 4483 2584 4535; x_wconf 91' lang='lat' dir='ltr'>ut</span> <span class='ocrx_word' id='word_1_709' title='bbox 2612 4479 2737 4552; x_wconf 87' lang='lat' dir='ltr'>ipse</span> <span class='ocrx_word' id='word_1_710' title='bbox 2760 4481 2922 4551; x_wconf 85' lang='lat' dir='ltr'>justo</span> <span class='ocrx_word' id='word_1_711' title='bbox 2952 4479 3188 4547; x_wconf 90' lang='lat' dir='ltr'>viveret,</span> <span class='ocrx_word' id='word_1_712' title='bbox 3219 4482 3277 4534; x_wconf 92' lang='lat' dir='ltr'>et</span> <span class='ocrx_word' id='word_1_713' title='bbox 3305 4478 3537 4551; x_wconf 87' lang='lat' dir='ltr'>plebem</span> <span class='ocrx_word' id='word_1_714' title='bbox 3582 4477 3808 4534; x_wconf 81' lang='lat' dir='ltr'>Domini</span> 
     </span>
    </p>
   </div>
   <div class='ocr_carea' id='block_1_95' title="bbox 403 4555 2050 4638">
    <p class='ocr_par' dir='ltr' id='par_1_95' title="bbox 403 4555 2050 4638">
     <span class='ocr_line' id='line_1_95' title="bbox 403 4555 2050 4638; baseline 0.008 -28"><span class='ocrx_word' id='word_1_715' title='bbox 403 4555 664 4611; x_wconf 87' lang='lat' dir='ltr'>chaelem</span> <span class='ocrx_word' id='word_1_716' title='bbox 695 4561 1007 4612; x_wconf 86' lang='lat' dir='ltr'>autumant</span> <span class='ocrx_word' id='word_1_717' title='bbox 1036 4556 1236 4623; x_wconf 86' lang='lat' dir='ltr'>fuisse,</span> <span class='ocrx_word' id='word_1_718' title='bbox 1256 4557 1355 4628; x_wconf 90' lang='lat' dir='ltr'>qui</span> <span class='ocrx_word' id='word_1_719' title='bbox 1389 4558 1744 4616; x_wconf 87' lang='lat' dir='ltr'>constitutus</span> <span class='ocrx_word' id='word_1_720' title='bbox 1773 4570 1861 4619; x_wconf 87' lang='lat' dir='ltr'>est</span> <span class='ocrx_word' id='word_1_721' title='bbox 1891 4567 2050 4638; x_wconf 84' lang='lat' dir='ltr'>prin-</span> 
     </span>
    </p>
   </div>
   <div class='ocr_carea' id='block_1_96' title="bbox 403 4645 2049 4718">
    <p class='ocr_par' dir='ltr' id='par_1_96' title="bbox 403 4645 2049 4718">
     <span class='ocr_line' id='line_1_96' title="bbox 403 4645 2049 4718; baseline 0.009 -20"><span class='ocrx_word' id='word_1_722' title='bbox 403 4660 539 4716; x_wconf 90' lang='lat' dir='ltr'>ceps</span> <span class='ocrx_word' id='word_1_723' title='bbox 569 4645 798 4701; x_wconf 87' lang='lat' dir='ltr'>Judaici</span> <span class='ocrx_word' id='word_1_724' title='bbox 830 4645 1051 4718; x_wconf 90' lang='lat' dir='ltr'>populi,</span> <span class='ocrx_word' id='word_1_725' title='bbox 1076 4645 1228 4701; x_wconf 88' lang='lat' dir='ltr'>sicut</span> <span class='ocrx_word' id='word_1_726' title='bbox 1253 4645 1310 4700; x_wconf 90' lang='lat' dir='ltr'>in</span> <span class='ocrx_word' id='word_1_727' title='bbox 1339 4645 1634 4704; x_wconf 91' lang='lat' dir='ltr'>volumine</span> <span class='ocrx_word' id='word_1_728' title='bbox 1657 4649 1913 4709; x_wconf 90' lang='lat' dir='ltr'>Danielis</span> <span class='ocrx_word' id='word_1_729' title='bbox 1946 4662 2049 4712; x_wconf 85' lang='lat' dir='ltr'>ha-</span> 
     </span>
    </p>
   </div>
   <div class='ocr_carea' id='block_1_97' title="bbox 401 4732 2050 4806">
    <p class='ocr_par' dir='ltr' id='par_1_97' title="bbox 401 4732 2050 4806">
     <span class='ocr_line' id='line_1_97' title="bbox 401 4732 2050 4806; baseline 0.008 -18"><span class='ocrx_word' id='word_1_730' title='bbox 401 4732 572 4788; x_wconf 85' lang='lat' dir='ltr'>betur</span> <span class='ocrx_word' id='word_1_731' title='bbox 603 4750 616 4788; x_wconf 94' lang='lat'><strong>:</strong></span> <span class='ocrx_word' id='word_1_732' title='bbox 650 4733 830 4788; x_wconf 91' lang='lat' dir='ltr'>Nemo</span> <span class='ocrx_word' id='word_1_733' title='bbox 855 4739 965 4803; x_wconf 90' lang='lat' dir='ltr'>est,</span> <span class='ocrx_word' id='word_1_734' title='bbox 1001 4733 1212 4806; x_wconf 87' lang='lat' dir='ltr'>inquit,</span> <span class='ocrx_word' id='word_1_735' title='bbox 1228 4734 1464 4805; x_wconf 81' lang='lat' dir='ltr'>adjutor</span> <span class='ocrx_word' id='word_1_736' title='bbox 1487 4753 1652 4793; x_wconf 89' lang='lat' dir='ltr'>meus</span> <span class='ocrx_word' id='word_1_737' title='bbox 1681 4739 1740 4794; x_wconf 91' lang='lat' dir='ltr'>in</span> <span class='ocrx_word' id='word_1_738' title='bbox 1772 4744 2050 4803; x_wconf 89' lang='lat' dir='ltr'>omnibus</span> 
     </span>
    </p>
   </div>
   <div class='ocr_carea' id='block_1_98' title="bbox 397 4819 2046 4898">
    <p class='ocr_par' dir='ltr' id='par_1_98' title="bbox 397 4819 2046 4898">
     <span class='ocr_line' id='line_1_98' title="bbox 397 4819 2046 4898; baseline 0.008 -23"><span class='ocrx_word' id='word_1_739' title='bbox 397 4819 514 4890; x_wconf 88' lang='lat' dir='ltr'>his,</span> <span class='ocrx_word' id='word_1_740' title='bbox 546 4820 658 4876; x_wconf 91' lang='lat' dir='ltr'>nisi</span> <span class='ocrx_word' id='word_1_741' title='bbox 691 4821 934 4877; x_wconf 84' lang='lat' dir='ltr'>Michael</span> <span class='ocrx_word' id='word_1_742' title='bbox 968 4823 1238 4894; x_wconf 88' lang='lat' dir='ltr'>princeps</span> <span class='ocrx_word' id='word_1_743' title='bbox 1267 4829 1459 4879; x_wconf 89' lang='lat' dir='ltr'>vester</span> <span class='ocrx_word' id='word_1_744' title='bbox 1488 4825 1646 4896; x_wconf 80' lang='lat' dir='ltr'>(Dan.</span> <span class='ocrx_word' id='word_1_745' title='bbox 1678 4833 1754 4897; x_wconf 65' lang='grc' dir='ltr'>Χ).</span> <span class='ocrx_word' id='word_1_746' title='bbox 1799 4832 2046 4898; x_wconf 85' lang='lat' dir='ltr'>Quidam</span> 
     </span>
    </p>
   </div>
   <div class='ocr_carea' id='block_1_99' title="bbox 395 4910 2046 4984">
    <p class='ocr_par' dir='ltr' id='par_1_99' title="bbox 395 4910 2046 4984">
     <span class='ocr_line' id='line_1_99' title="bbox 395 4910 2046 4984; baseline 0.008 -20"><span class='ocrx_word' id='word_1_747' title='bbox 395 4925 530 4965; x_wconf 89' lang='lat' dir='ltr'>vero</span> <span class='ocrx_word' id='word_1_748' title='bbox 562 4910 766 4966; x_wconf 90' lang='lat' dir='ltr'>dicunt</span> <span class='ocrx_word' id='word_1_749' title='bbox 795 4911 1124 4966; x_wconf 73' lang='lat' dir='ltr'>Gabrielvm</span> <span class='ocrx_word' id='word_1_750' title='bbox 1158 4911 1358 4978; x_wconf 84' lang='lat' dir='ltr'>fuisse,</span> <span class='ocrx_word' id='word_1_751' title='bbox 1385 4914 1484 4984; x_wconf 87' lang='lat' dir='ltr'>qui</span> <span class='ocrx_word' id='word_1_752' title='bbox 1517 4914 1614 4970; x_wconf 92' lang='lat' dir='ltr'>Dei</span> <span class='ocrx_word' id='word_1_753' title='bbox 1649 4916 1926 4975; x_wconf 88' lang='lat' dir='ltr'>fortitudo</span> <span class='ocrx_word' id='word_1_754' title='bbox 1957 4923 2046 4978; x_wconf 83' lang='lat' dir='ltr'>in-</span> 
     </span>
    </p>
   </div>
   <div class='ocr_carea' id='block_1_100' title="bbox 391 4998 2048 5078">
    <p class='ocr_par' dir='ltr' id='par_1_100' title="bbox 391 4998 2048 5078">
     <span class='ocr_line' id='line_1_100' title="bbox 391 4998 2048 5078; baseline 0.01 -26"><span class='ocrx_word' id='word_1_755' title='bbox 391 4998 764 5069; x_wconf 84' lang='lat' dir='ltr'>terpretatur,</span> <span class='ocrx_word' id='word_1_756' title='bbox 783 5015 850 5054; x_wconf 88' lang='lat' dir='ltr'>eo</span> <span class='ocrx_word' id='word_1_757' title='bbox 881 4999 1036 5070; x_wconf 89' lang='lat' dir='ltr'>quod</span> <span class='ocrx_word' id='word_1_758' title='bbox 1071 4999 1193 5069; x_wconf 89' lang='lat' dir='ltr'>ipse</span> <span class='ocrx_word' id='word_1_759' title='bbox 1224 4999 1422 5070; x_wconf 68' lang='lat' dir='ltr'>praesit</span> <span class='ocrx_word' id='word_1_760' title='bbox 1443 5003 1966 5078; x_wconf 84' lang='lat' dir='ltr'>populis.1dipsum</span> <span class='ocrx_word' id='word_1_761' title='bbox 1989 5017 2048 5068; x_wconf 90' lang='lat' dir='ltr'>et</span> 
     </span>
    </p>
   </div>
   <div class='ocr_carea' id='block_1_101' title="bbox 393 5085 2047 5162">
    <p class='ocr_par' dir='ltr' id='par_1_101' title="bbox 393 5085 2047 5162">
     <span class='ocr_line' id='line_1_101' title="bbox 393 5085 2047 5162; baseline 0.009 -23"><span class='ocrx_word' id='word_1_762' title='bbox 393 5085 657 5144; x_wconf 90' lang='lat' dir='ltr'>doctores</span> <span class='ocrx_word' id='word_1_763' title='bbox 677 5087 1014 5142; x_wconf 65' lang='lat' dir='ltr'>Judaaorum</span> <span class='ocrx_word' id='word_1_764' title='bbox 1038 5088 1518 5158; x_wconf 83' lang='lat' dir='ltr'>afﬁrmant,quod</span> <span class='ocrx_word' id='word_1_765' title='bbox 1546 5087 1669 5160; x_wconf 88' lang='lat' dir='ltr'>ipse</span> <span class='ocrx_word' id='word_1_766' title='bbox 1691 5099 2047 5162; x_wconf 89' lang='lat' dir='ltr'>percusserit</span> 
     </span>
    </p>
   </div>
   <div class='ocr_carea' id='block_1_102' title="bbox 385 5171 2040 5254">
    <p class='ocr_par' dir='ltr' id='par_1_102' title="bbox 385 5171 2040 5254">
     <span class='ocr_line' id='line_1_102' title="bbox 385 5171 2040 5254; baseline 0.008 -26"><span class='ocrx_word' id='word_1_767' title='bbox 385 5171 486 5228; x_wconf 88' lang='lat' dir='ltr'>illa</span> <span class='ocrx_word' id='word_1_768' title='bbox 517 5179 601 5229; x_wconf 82' lang='lat' dir='ltr'>tot</span> <span class='ocrx_word' id='word_1_769' title='bbox 632 5175 818 5231; x_wconf 90' lang='lat' dir='ltr'>millia</span> <span class='ocrx_word' id='word_1_770' title='bbox 837 5176 1230 5248; x_wconf 85' lang='lat' dir='ltr'>Assyriorum,</span> <span class='ocrx_word' id='word_1_771' title='bbox 1255 5180 1314 5231; x_wconf 90' lang='lat' dir='ltr'>et</span> <span class='ocrx_word' id='word_1_772' title='bbox 1335 5175 1568 5232; x_wconf 90' lang='lat' dir='ltr'>illorum</span> <span class='ocrx_word' id='word_1_773' title='bbox 1592 5181 1767 5235; x_wconf 91' lang='lat' dir='ltr'>corda</span> <span class='ocrx_word' id='word_1_774' title='bbox 1801 5200 1927 5254; x_wconf 68' lang='lat' dir='ltr'>quae</span> <span class='ocrx_word' id='word_1_775' title='bbox 1952 5203 2040 5240; x_wconf 90' lang='lat' dir='ltr'>re-</span> 
     </span>
    </p>
   </div>
   <div class='ocr_carea' id='block_1_103' title="bbox 389 5263 2036 5344">
    <p class='ocr_par' dir='ltr' id='par_1_103' title="bbox 389 5263 2036 5344">
     <span class='ocr_line' id='line_1_103' title="bbox 389 5263 2036 5344; baseline 0.009 -29"><span class='ocrx_word' id='word_1_776' title='bbox 389 5269 734 5320; x_wconf 89' lang='lat' dir='ltr'>manserunt</span> <span class='ocrx_word' id='word_1_777' title='bbox 762 5269 981 5320; x_wconf 90' lang='lat' dir='ltr'>terrore</span> <span class='ocrx_word' id='word_1_778' title='bbox 1010 5263 1192 5320; x_wconf 90' lang='lat' dir='ltr'>nimie</span> <span class='ocrx_word' id='word_1_779' title='bbox 1238 5263 1565 5336; x_wconf 88' lang='lat' dir='ltr'>impleverit</span> <span class='ocrx_word' id='word_1_780' title='bbox 1595 5269 1698 5334; x_wconf 85' lang='lat' dir='ltr'><strong><em>(III</em></strong></span> <span class='ocrx_word' id='word_1_781' title='bbox 1743 5271 1867 5341; x_wconf 82' lang='lat' dir='ltr'>Reg.</span> <span class='ocrx_word' id='word_1_782' title='bbox 1898 5280 2036 5344; x_wconf 69' lang='lat' dir='ltr'>xxx).</span> 
     </span>
    </p>
   </div>
   <div class='ocr_carea' id='block_1_104' title="bbox 2151 4565 3622 4645">
    <p class='ocr_par' dir='ltr' id='par_1_104' title="bbox 2151 4565 3622 4645">
     <span class='ocr_line' id='line_1_104' title="bbox 2151 4565 3622 4645; baseline -0.003 -19"><span class='ocrx_word' id='word_1_783' title='bbox 2151 4573 2313 4645; x_wconf 84' lang='lat' dir='ltr'>juste</span> <span class='ocrx_word' id='word_1_784' title='bbox 2334 4569 2650 4640; x_wconf 88' lang='lat' dir='ltr'>judicaret.</span> <span class='ocrx_word' id='word_1_785' title='bbox 2683 4569 2843 4634; x_wconf 89' lang='lat' dir='ltr'>Quod</span> <span class='ocrx_word' id='word_1_786' title='bbox 2876 4573 3072 4624; x_wconf 89' lang='lat' dir='ltr'>autem</span> <span class='ocrx_word' id='word_1_787' title='bbox 3103 4567 3265 4624; x_wconf 91' lang='lat' dir='ltr'>addit</span> <span class='ocrx_word' id='word_1_788' title='bbox 3293 4565 3622 4640; x_wconf 88' lang='lat' dir='ltr'>propheta:</span> 
     </span>
    </p>
   </div>
   <div class='ocr_carea' id='block_1_105' title="bbox 2231 4654 3806 4728">
    <p class='ocr_par' dir='ltr' id='par_1_105' title="bbox 2231 4654 3806 4728">
     <span class='ocr_line' id='line_1_105' title="bbox 2231 4654 3806 4728; baseline 0.001 -20"><span class='ocrx_word' id='word_1_789' title='bbox 2231 4683 2258 4708; x_wconf 90' lang='grc'>‹‹</span> <span class='ocrx_word' id='word_1_790' title='bbox 2291 4660 2361 4714; x_wconf 89' lang='lat' dir='ltr'>Et</span> <span class='ocrx_word' id='word_1_791' title='bbox 2389 4657 2498 4713; x_wconf 87' lang='lat' dir='ltr'>erit</span> <span class='ocrx_word' id='word_1_792' title='bbox 2529 4657 2672 4713; x_wconf 82' lang='lat' dir='ltr'>fides</span> <span class='ocrx_word' id='word_1_793' title='bbox 2703 4656 2762 4712; x_wconf 89' lang='lat' dir='ltr'>in</span> <span class='ocrx_word' id='word_1_794' title='bbox 2794 4655 3057 4728; x_wconf 88' lang='lat' dir='ltr'>temporil</span> <span class='ocrx_word' id='word_1_795' title='bbox 3087 4673 3156 4712; x_wconf 90' lang='lat' dir='ltr'>us</span> <span class='ocrx_word' id='word_1_796' title='bbox 3183 4655 3362 4724; x_wconf 84' lang='lat' dir='ltr'>tuis,»</span> <span class='ocrx_word' id='word_1_797' title='bbox 3391 4654 3619 4728; x_wconf 90' lang='lat' dir='ltr'>duplici</span> <span class='ocrx_word' id='word_1_798' title='bbox 3643 4655 3806 4712; x_wconf 88' lang='lat' dir='ltr'>modo</span> 
     </span>
    </p>
   </div>
   <div class='ocr_carea' id='block_1_106' title="bbox 2155 4743 3807 4820">
    <p class='ocr_par' dir='ltr' id='par_1_106' title="bbox 2155 4743 3807 4820">
     <span class='ocr_line' id='line_1_106' title="bbox 2155 4743 3807 4820; baseline -0.001 -18"><span class='ocrx_word' id='word_1_799' title='bbox 2155 4747 2400 4820; x_wconf 89' lang='lat' dir='ltr'>intelligi</span> <span class='ocrx_word' id='word_1_800' title='bbox 2423 4749 2632 4819; x_wconf 86' lang='lat' dir='ltr'>potest.</span> <span class='ocrx_word' id='word_1_801' title='bbox 2648 4746 2897 4812; x_wconf 89' lang='lat' dir='ltr'>Quidam</span> <span class='ocrx_word' id='word_1_802' title='bbox 2919 4745 3075 4801; x_wconf 90' lang='lat' dir='ltr'>enim</span> <span class='ocrx_word' id='word_1_803' title='bbox 3097 4745 3326 4802; x_wconf 89' lang='lat' dir='ltr'>codices</span> <span class='ocrx_word' id='word_1_804' title='bbox 3347 4743 3573 4801; x_wconf 86' lang='lat' dir='ltr'>habent</span> <span class='ocrx_word' id='word_1_805' title='bbox 3590 4745 3651 4800; x_wconf 91' lang='lat' dir='ltr'>in</span> <span class='ocrx_word' id='word_1_806' title='bbox 3675 4751 3807 4801; x_wconf 89' lang='lat' dir='ltr'>tem-</span> 
     </span>
    </p>
   </div>
   <div class='ocr_carea' id='block_1_107' title="bbox 2156 4833 3805 4909">
    <p class='ocr_par' dir='ltr' id='par_1_107' title="bbox 2156 4833 3805 4909">
     <span class='ocr_line' id='line_1_107' title="bbox 2156 4833 3805 4909; baseline -0.002 -17"><span class='ocrx_word' id='word_1_807' title='bbox 2156 4837 2398 4909; x_wconf 90' lang='lat' dir='ltr'>poribus</span> <span class='ocrx_word' id='word_1_808' title='bbox 2429 4835 2702 4890; x_wconf 91' lang='lat' dir='ltr'>suis.Sed</span> <span class='ocrx_word' id='word_1_809' title='bbox 2728 4835 2775 4890; x_wconf 90' lang='lat' dir='ltr'><strong>si</strong></span> <span class='ocrx_word' id='word_1_810' title='bbox 2810 4833 3129 4890; x_wconf 84' lang='lat' dir='ltr'>dixerimus</span> <span class='ocrx_word' id='word_1_811' title='bbox 3178 4833 3445 4900; x_wconf 88' lang='lat' dir='ltr'>tuis,erit</span> <span class='ocrx_word' id='word_1_812' title='bbox 3474 4851 3712 4902; x_wconf 89' lang='lat' dir='ltr'>sensus,</span> <span class='ocrx_word' id='word_1_813' title='bbox 3745 4839 3805 4888; x_wconf 88' lang='lat' dir='ltr'>ut</span> 
     </span>
    </p>
   </div>
   <div class='ocr_carea' id='block_1_108' title="bbox 2155 4921 3804 4996">
    <p class='ocr_par' dir='ltr' id='par_1_108' title="bbox 2155 4921 3804 4996">
     <span class='ocr_line' id='line_1_108' title="bbox 2155 4921 3804 4996; baseline -0.002 -16"><span class='ocrx_word' id='word_1_814' title='bbox 2155 4924 2490 4995; x_wconf 76' lang='lat' dir='ltr'>alloquetur</span> <span class='ocrx_word' id='word_1_815' title='bbox 2508 4923 2790 4996; x_wconf 69' lang='lat' dir='ltr'>propheta</span> <span class='ocrx_word' id='word_1_816' title='bbox 2809 4921 3112 4978; x_wconf 85' lang='lat' dir='ltr'>Ezechiam</span> <span class='ocrx_word' id='word_1_817' title='bbox 3137 4939 3150 4978; x_wconf 92' lang='lat'><strong>:</strong></span> <span class='ocrx_word' id='word_1_818' title='bbox 3175 4923 3220 4980; x_wconf 92' lang='grc' dir='ltr'>Ο</span> <span class='ocrx_word' id='word_1_819' title='bbox 3241 4921 3507 4990; x_wconf 88' lang='lat' dir='ltr'>Ezechia,</span> <span class='ocrx_word' id='word_1_820' title='bbox 3527 4939 3664 4979; x_wconf 90' lang='lat' dir='ltr'>cum</span> <span class='ocrx_word' id='word_1_821' title='bbox 3686 4940 3804 4996; x_wconf 88' lang='lat' dir='ltr'>per-</span> 
     </span>
    </p>
   </div>
   <div class='ocr_carea' id='block_1_109' title="bbox 2155 5011 3799 5084">
    <p class='ocr_par' dir='ltr' id='par_1_109' title="bbox 2155 5011 3799 5084">
     <span class='ocr_line' id='line_1_109' title="bbox 2155 5011 3799 5084; baseline -0.001 -16"><span class='ocrx_word' id='word_1_822' title='bbox 2155 5013 2577 5068; x_wconf 87' lang='lat' dir='ltr'>cusseritDeus</span> <span class='ocrx_word' id='word_1_823' title='bbox 2599 5011 2872 5066; x_wconf 90' lang='lat' dir='ltr'>inimicos</span> <span class='ocrx_word' id='word_1_824' title='bbox 2911 5011 3188 5078; x_wconf 89' lang='lat' dir='ltr'>tuos,erit</span> <span class='ocrx_word' id='word_1_825' title='bbox 3218 5011 3510 5078; x_wconf 84' lang='lat' dir='ltr'>fides,hoc</span> <span class='ocrx_word' id='word_1_826' title='bbox 3542 5016 3653 5080; x_wconf 83' lang='lat' dir='ltr'>cst,</span> <span class='ocrx_word' id='word_1_827' title='bbox 3675 5028 3799 5084; x_wconf 84' lang='lat' dir='ltr'>pro-</span> 
     </span>
    </p>
   </div>
   <div class='ocr_carea' id='block_1_110' title="bbox 2155 5099 3796 5173">
    <p class='ocr_par' dir='ltr' id='par_1_110' title="bbox 2155 5099 3796 5173">
     <span class='ocr_line' id='line_1_110' title="bbox 2155 5099 3796 5173; baseline 0 -17"><span class='ocrx_word' id='word_1_828' title='bbox 2155 5099 2456 5156; x_wconf 87' lang='lat' dir='ltr'>babituriu</span> <span class='ocrx_word' id='word_1_829' title='bbox 2483 5099 2846 5170; x_wconf 86' lang='lat' dir='ltr'>temporibus</span> <span class='ocrx_word' id='word_1_830' title='bbox 2863 5099 3008 5156; x_wconf 88' lang='lat' dir='ltr'>suis.</span> <span class='ocrx_word' id='word_1_831' title='bbox 3023 5100 3082 5156; x_wconf 93' lang='lat' dir='ltr'>Si</span> <span class='ocrx_word' id='word_1_832' title='bbox 3099 5105 3296 5156; x_wconf 89' lang='lat' dir='ltr'>autem</span> <span class='ocrx_word' id='word_1_833' title='bbox 3314 5099 3635 5173; x_wconf 87' lang='lat' dir='ltr'>legerimus</span> <span class='ocrx_word' id='word_1_834' title='bbox 3657 5101 3796 5167; x_wconf 87' lang='lat' dir='ltr'>suis,</span> 
     </span>
    </p>
   </div>
   <div class='ocr_carea' id='block_1_111' title="bbox 2151 5188 3794 5262">
    <p class='ocr_par' dir='ltr' id='par_1_111' title="bbox 2151 5188 3794 5262">
     <span class='ocr_line' id='line_1_111' title="bbox 2151 5188 3794 5262; baseline 0 -18"><span class='ocrx_word' id='word_1_835' title='bbox 2151 5189 2259 5244; x_wconf 88' lang='lat' dir='ltr'>erit</span> <span class='ocrx_word' id='word_1_836' title='bbox 2280 5205 2490 5244; x_wconf 90' lang='lat' dir='ltr'>sensus</span> <span class='ocrx_word' id='word_1_837' title='bbox 2515 5205 2528 5242; x_wconf 90' lang='lat'>:</span> <span class='ocrx_word' id='word_1_838' title='bbox 2563 5188 2710 5244; x_wconf 87' lang='lat' dir='ltr'>Cum</span> <span class='ocrx_word' id='word_1_839' title='bbox 2740 5188 3070 5246; x_wconf 87' lang='lat' dir='ltr'>liberaverit</span> <span class='ocrx_word' id='word_1_840' title='bbox 3096 5189 3252 5247; x_wconf 87' lang='lat' dir='ltr'>Deus</span> <span class='ocrx_word' id='word_1_841' title='bbox 3295 5188 3670 5262; x_wconf 88' lang='lat' dir='ltr'>omnipotens</span> <span class='ocrx_word' id='word_1_842' title='bbox 3698 5207 3794 5262; x_wconf 88' lang='lat' dir='ltr'>po-</span> 
     </span>
    </p>
   </div>
   <div class='ocr_carea' id='block_1_112' title="bbox 2148 5276 3791 5350">
    <p class='ocr_par' dir='ltr' id='par_1_112' title="bbox 2148 5276 3791 5350">
     <span class='ocr_line' id='line_1_112' title="bbox 2148 5276 3791 5350; baseline 0 -18"><span class='ocrx_word' id='word_1_843' title='bbox 2148 5276 2356 5349; x_wconf 91' lang='lat' dir='ltr'>pulum</span> <span class='ocrx_word' id='word_1_844' title='bbox 2378 5295 2551 5332; x_wconf 88' lang='lat' dir='ltr'>suum</span> <span class='ocrx_word' id='word_1_845' title='bbox 2583 5295 2617 5333; x_wconf 90' lang='lat' dir='ltr'>a</span> <span class='ocrx_word' id='word_1_846' title='bbox 2637 5277 2844 5346; x_wconf 87' lang='lat' dir='ltr'>timore</span> <span class='ocrx_word' id='word_1_847' title='bbox 2864 5278 3145 5350; x_wconf 88' lang='lat' dir='ltr'>hostium,</span> <span class='ocrx_word' id='word_1_848' title='bbox 3165 5278 3512 5350; x_wconf 89' lang='lat' dir='ltr'>probabitur</span> <span class='ocrx_word' id='word_1_849' title='bbox 3531 5280 3676 5336; x_wconf 82' lang='lat' dir='ltr'>ﬁdes</span> <span class='ocrx_word' id='word_1_850' title='bbox 3695 5279 3791 5334; x_wconf 85' lang='lat' dir='ltr'>ob-</span> 
     </span>
    </p>
   </div>
   <div class='ocr_carea' id='block_1_113' title="bbox 386 5347 3790 5449">
    <p class='ocr_par' dir='ltr' id='par_1_113' title="bbox 386 5347 3790 5449">
     <span class='ocr_line' id='line_1_113' title="bbox 386 5347 3790 5449; baseline 0.006 -47"><span class='ocrx_word' id='word_1_851' title='bbox 386 5347 883 5449; x_wconf 42' lang='lat' dir='ltr'>Et‘hoc‘estnquod</span> <span class='ocrx_word' id='word_1_852' title='bbox 916 5353 1126 5449; x_wconf 83' lang='lat' dir='ltr'>dicit,a</span> <span class='ocrx_word' id='word_1_853' title='bbox 1156 5371 1290 5449; x_wconf 76' lang='lat' dir='ltr'>voce</span> <span class='ocrx_word' id='word_1_854' title='bbox 1308 5354 1526 5449; x_wconf 79' lang='lat' dir='ltr'>angeli,</span> <span class='ocrx_word' id='word_1_855' title='bbox 1549 5355 1602 5411; x_wconf 88' lang='lat' dir='ltr'>id</span> <span class='ocrx_word' id='word_1_856' title='bbox 1637 5363 1724 5412; x_wconf 92' lang='lat' dir='ltr'>est</span> <span class='ocrx_word' id='word_1_857' title='bbox 1755 5377 1789 5414; x_wconf 89' lang='lat' dir='ltr'>a</span> <span class='ocrx_word' id='word_1_858' title='bbox 1820 5365 2036 5419; x_wconf 86' lang='lat' dir='ltr'>terrore</span> <span class='ocrx_word' id='word_1_859' title='bbox 2147 5347 2292 5422; x_wconf 83' lang='lat' dir='ltr'>sessi</span> <span class='ocrx_word' id='word_1_860' title='bbox 2313 5365 2506 5438; x_wconf 91' lang='lat' dir='ltr'>populi</span> <span class='ocrx_word' id='word_1_861' title='bbox 2531 5366 2586 5420; x_wconf 89' lang='lat' dir='ltr'>in</span> <span class='ocrx_word' id='word_1_862' title='bbox 2611 5367 2974 5438; x_wconf 87' lang='lat' dir='ltr'>temporibus</span> <span class='ocrx_word' id='word_1_863' title='bbox 2996 5347 3138 5424; x_wconf 50' lang='lat' dir='ltr'>suis:</span> <span class='ocrx_word' id='word_1_864' title='bbox 3159 5347 3221 5424; x_wconf 73' lang='lat' dir='ltr'>in</span> <span class='ocrx_word' id='word_1_865' title='bbox 3244 5369 3352 5425; x_wconf 92' lang='lat' dir='ltr'>hoc</span> <span class='ocrx_word' id='word_1_866' title='bbox 3372 5370 3534 5425; x_wconf 87' lang='lat' dir='ltr'>enim</span> <span class='ocrx_word' id='word_1_867' title='bbox 3557 5368 3790 5441; x_wconf 88' lang='lat' dir='ltr'>probata</span> 
     </span>
    </p>
   </div>
   <div class='ocr_carea' id='block_1_114' title="bbox 387 5433 3786 5526">
    <p class='ocr_par' dir='ltr' id='par_1_114' title="bbox 387 5433 3786 5526">
     <span class='ocr_line' id='line_1_114' title="bbox 387 5433 3786 5526; baseline 0.007 -39"><span class='ocrx_word' id='word_1_868' title='bbox 387 5433 671 5494; x_wconf 87' lang='lat' dir='ltr'>Gabrielis</span> <span class='ocrx_word' id='word_1_869' title='bbox 704 5441 978 5513; x_wconf 79' lang='lat' dir='ltr'>fugerunt</span> <span class='ocrx_word' id='word_1_870' title='bbox 1010 5441 1231 5513; x_wconf 89' lang='lat' dir='ltr'>populi,</span> <span class='ocrx_word' id='word_1_871' title='bbox 1267 5443 1325 5496; x_wconf 90' lang='lat' dir='ltr'>id</span> <span class='ocrx_word' id='word_1_872' title='bbox 1356 5449 1446 5498; x_wconf 89' lang='lat' dir='ltr'>est</span> <span class='ocrx_word' id='word_1_873' title='bbox 1473 5445 1672 5500; x_wconf 86' lang='lat' dir='ltr'>decem</span> <span class='ocrx_word' id='word_1_874' title='bbox 1725 5449 1902 5504; x_wconf 86' lang='lat' dir='ltr'>duces</span> <span class='ocrx_word' id='word_1_875' title='bbox 1934 5451 2032 5523; x_wconf 88' lang='lat' dir='ltr'>qui</span> <span class='ocrx_word' id='word_1_876' title='bbox 2143 5459 2250 5518; x_wconf 90' lang='lat' dir='ltr'>est,</span> <span class='ocrx_word' id='word_1_877' title='bbox 2271 5433 2409 5526; x_wconf 76' lang='lat' dir='ltr'>quia</span> <span class='ocrx_word' id='word_1_878' title='bbox 2428 5433 2824 5526; x_wconf 78' lang='lat' dir='ltr'>relinquentes</span> <span class='ocrx_word' id='word_1_879' title='bbox 2845 5456 3002 5512; x_wconf 90' lang='lat' dir='ltr'>idola</span> <span class='ocrx_word' id='word_1_880' title='bbox 3030 5457 3355 5514; x_wconf 90' lang='lat' dir='ltr'>servierunt</span> <span class='ocrx_word' id='word_1_881' title='bbox 3377 5433 3624 5514; x_wconf 76' lang='lat' dir='ltr'>Domino</span> <span class='ocrx_word' id='word_1_882' title='bbox 3656 5473 3786 5513; x_wconf 89' lang='lat' dir='ltr'>cum</span> 
     </span>
    </p>
   </div>
   <div class='ocr_carea' id='block_1_115' title="bbox 386 5530 3782 5622">
    <p class='ocr_par' dir='ltr' id='par_1_115' title="bbox 386 5530 3782 5622">
     <span class='ocr_line' id='line_1_115' title="bbox 386 5530 3782 5622; baseline 0.009 -46"><span class='ocrx_word' id='word_1_883' title='bbox 386 5534 806 5596; x_wconf 86' lang='lat' dir='ltr'>remanserant,</span> <span class='ocrx_word' id='word_1_884' title='bbox 827 5530 926 5602; x_wconf 86' lang='lat' dir='ltr'>qui</span> <span class='ocrx_word' id='word_1_885' title='bbox 949 5530 1122 5586; x_wconf 83' lang='lat' dir='ltr'>etiam</span> <span class='ocrx_word' id='word_1_886' title='bbox 1147 5548 1279 5586; x_wconf 89' lang='lat' dir='ltr'>cum</span> <span class='ocrx_word' id='word_1_887' title='bbox 1305 5531 1430 5605; x_wconf 88' lang='lat' dir='ltr'>ipso</span> <span class='ocrx_word' id='word_1_888' title='bbox 1454 5531 1847 5592; x_wconf 40' lang='lat' dir='ltr'>Sennacheri‘b</span> <span class='ocrx_word' id='word_1_889' title='bbox 1871 5556 2034 5596; x_wconf 85' lang='lat' dir='ltr'>vene-</span> <span class='ocrx_word' id='word_1_890' title='bbox 2139 5542 2440 5599; x_wconf 82' lang='lat' dir='ltr'>devotione</span> <span class='ocrx_word' id='word_1_891' title='bbox 2472 5545 2704 5600; x_wconf 87' lang='lat' dir='ltr'>mentis.</span> <span class='ocrx_word' id='word_1_892' title='bbox 2731 5569 2757 5595; x_wconf 84' lang='lat'><strong><em>«</em></strong></span> <span class='ocrx_word' id='word_1_893' title='bbox 2786 5545 3008 5603; x_wconf 72' lang='lat' dir='ltr'>Divitis:</span> <span class='ocrx_word' id='word_1_894' title='bbox 3040 5546 3248 5605; x_wconf 89' lang='lat' dir='ltr'>salutis</span> <span class='ocrx_word' id='word_1_895' title='bbox 3273 5572 3300 5598; x_wconf 86' lang='grc'><strong>››</strong></span> <span class='ocrx_word' id='word_1_896' title='bbox 3330 5548 3568 5606; x_wconf 84' lang='lat' dir='ltr'>Judicia</span> <span class='ocrx_word' id='word_1_897' title='bbox 3591 5546 3782 5622; x_wconf 85' lang='lat' dir='ltr'>populi</span> 
     </span>
    </p>
   </div>
  </div>
