  <div class='ocr_page' id='page_1' title='image "/cluster/home/n/w/nwhite01/storage/ocr_20150623/116/hvd.32044054759808/449.png"; bbox 0 0 4090 6192; ppageno 0'>
   <div class='ocr_carea' id='block_1_1' title="bbox 412 276 530 338">
    <p class='ocr_par' dir='ltr' id='par_1_1' title="bbox 412 276 530 338">
     <span class='ocr_line' id='line_1_1' title="bbox 412 276 530 338; baseline 0 0"><span class='ocrx_word' id='word_1_1' title='bbox 412 276 530 338; x_wconf 81' lang='lat'>887</span> 
     </span>
    </p>
   </div>
   <div class='ocr_carea' id='block_1_2' title="bbox 842 271 3388 339">
    <p class='ocr_par' dir='ltr' id='par_1_2' title="bbox 842 271 3388 339">
     <span class='ocr_line' id='line_1_2' title="bbox 842 271 3388 339; baseline -0 -4"><span class='ocrx_word' id='word_1_2' title='bbox 842 277 1245 339; x_wconf 86' lang='lat' dir='ltr'>HAYMONIS</span> <span class='ocrx_word' id='word_1_3' title='bbox 1277 276 1818 337; x_wconf 72' lang='lat' dir='ltr'>HALBERSTAT.</span> <span class='ocrx_word' id='word_1_4' title='bbox 1855 271 2108 335; x_wconf 66' lang='lat' dir='ltr'>EPISG-</span> <span class='ocrx_word' id='word_1_5' title='bbox 2131 272 2304 334; x_wconf 86' lang='lat' dir='ltr'>(lPP.</span> <span class='ocrx_word' id='word_1_6' title='bbox 2335 273 2536 336; x_wconf 75' lang='lat' dir='ltr'>PARS</span> <span class='ocrx_word' id='word_1_7' title='bbox 2567 275 2616 336; x_wconf 83' lang='grc' dir='ltr'><strong>Ι.</strong></span> <span class='ocrx_word' id='word_1_8' title='bbox 2648 307 2730 328; x_wconf 91' lang='lat'>——.</span> <span class='ocrx_word' id='word_1_9' title='bbox 2752 273 3154 336; x_wconf 86' lang='lat' dir='ltr'>COMMENT.</span> <span class='ocrx_word' id='word_1_10' title='bbox 3188 274 3388 336; x_wconf 88' lang='lat' dir='ltr'><strong>BIBL.</strong></span> 
     </span>
    </p>
   </div>
   <div class='ocr_carea' id='block_1_3' title="bbox 418 404 3820 481">
    <p class='ocr_par' dir='ltr' id='par_1_3' title="bbox 418 404 3820 481">
     <span class='ocr_line' id='line_1_3' title="bbox 418 404 3820 481; baseline 0 -17"><span class='ocrx_word' id='word_1_11' title='bbox 418 455 426 464; x_wconf 85' lang='lat'>.</span> <span class='ocrx_word' id='word_1_12' title='bbox 490 427 522 458; x_wconf 75' lang='grc' dir='ltr'>«ς</span> <span class='ocrx_word' id='word_1_13' title='bbox 548 407 780 475; x_wconf 81' lang='lat' dir='ltr'>Audite,</span> <span class='ocrx_word' id='word_1_14' title='bbox 815 428 843 456; x_wconf 89' lang='lat'>»</span> <span class='ocrx_word' id='word_1_15' title='bbox 875 425 908 463; x_wconf 90' lang='grc' dir='ltr'>ο</span> <span class='ocrx_word' id='word_1_16' title='bbox 936 406 1184 480; x_wconf 86' lang='lat' dir='ltr'>gentiles</span> <span class='ocrx_word' id='word_1_17' title='bbox 1215 430 1244 458; x_wconf 75' lang='grc' dir='ltr'><strong>α</strong></span> <span class='ocrx_word' id='word_1_18' title='bbox 1276 405 1378 479; x_wconf 89' lang='lat' dir='ltr'>qui</span> <span class='ocrx_word' id='word_1_19' title='bbox 1409 407 1579 481; x_wconf 87' lang='lat' dir='ltr'>longe</span> <span class='ocrx_word' id='word_1_20' title='bbox 1607 408 1750 464; x_wconf 89' lang='lat' dir='ltr'>estis</span> <span class='ocrx_word' id='word_1_21' title='bbox 1773 429 1802 458; x_wconf 94' lang='lat'>»</span> <span class='ocrx_word' id='word_1_22' title='bbox 1842 407 1918 464; x_wconf 90' lang='lat' dir='ltr'>ab</span> <span class='ocrx_word' id='word_1_23' title='bbox 1947 407 2056 462; x_wconf 88' lang='lat' dir='ltr'>hac</span> <span class='ocrx_word' id='word_1_24' title='bbox 2085 404 2142 472; x_wconf 70' lang='grc' dir='ltr'><strong>Α</strong></span> <span class='ocrx_word' id='word_1_25' title='bbox 2167 409 2259 462; x_wconf 90' lang='lat' dir='ltr'>est</span> <span class='ocrx_word' id='word_1_26' title='bbox 2285 404 2640 462; x_wconf 74' lang='lat' dir='ltr'>soliditatem</span> <span class='ocrx_word' id='word_1_27' title='bbox 2673 410 2901 463; x_wconf 65' lang='lat' dir='ltr'>interna:</span> <span class='ocrx_word' id='word_1_28' title='bbox 2949 406 3165 480; x_wconf 77' lang='lat' dir='ltr'>quietis</span> <span class='ocrx_word' id='word_1_29' title='bbox 3207 423 3366 464; x_wconf 86' lang='lat' dir='ltr'>nunc</span> <span class='ocrx_word' id='word_1_30' title='bbox 3411 405 3474 462; x_wconf 90' lang='lat' dir='ltr'>in</span> <span class='ocrx_word' id='word_1_31' title='bbox 3513 422 3641 480; x_wconf 86' lang='lat' dir='ltr'>spe,</span> <span class='ocrx_word' id='word_1_32' title='bbox 3673 410 3820 465; x_wconf 79' lang='lat' dir='ltr'>tunc</span> 
     </span>
    </p>
   </div>
   <div class='ocr_carea' id='block_1_4' title="bbox 414 495 2063 570">
    <p class='ocr_par' dir='ltr' id='par_1_4' title="bbox 414 495 2063 570">
     <span class='ocr_line' id='line_1_4' title="bbox 414 495 2063 570; baseline -0.002 -17"><span class='ocrx_word' id='word_1_33' title='bbox 414 495 684 563; x_wconf 76' lang='lat' dir='ltr'>terra,vel</span> <span class='ocrx_word' id='word_1_34' title='bbox 717 504 752 551; x_wconf 85' lang='lat' dir='ltr'>a</span> <span class='ocrx_word' id='word_1_35' title='bbox 781 495 896 551; x_wconf 89' lang='lat' dir='ltr'>Deo</span> <span class='ocrx_word' id='word_1_36' title='bbox 917 519 945 546; x_wconf 89' lang='grc'>‹‹</span> <span class='ocrx_word' id='word_1_37' title='bbox 970 501 1098 567; x_wconf 67' lang='lat' dir='ltr'>quae</span> <span class='ocrx_word' id='word_1_38' title='bbox 1120 495 1440 564; x_wconf 85' lang='lat' dir='ltr'>fecerim,ot</span> <span class='ocrx_word' id='word_1_39' title='bbox 1459 497 1794 570; x_wconf 88' lang='lat' dir='ltr'>cognoscite</span> <span class='ocrx_word' id='word_1_40' title='bbox 1811 495 2006 562; x_wconf 89' lang='lat' dir='ltr'>vieini,</span> <span class='ocrx_word' id='word_1_41' title='bbox 2035 517 2063 546; x_wconf 94' lang='lat'>»</span> 
     </span>
    </p>
   </div>
   <div class='ocr_carea' id='block_1_5' title="bbox 417 583 2064 660">
    <p class='ocr_par' dir='ltr' id='par_1_5' title="bbox 417 583 2064 660">
     <span class='ocr_line' id='line_1_5' title="bbox 417 583 2064 660; baseline -0.002 -16"><span class='ocrx_word' id='word_1_42' title='bbox 417 583 686 644; x_wconf 74' lang='lat' dir='ltr'>Moabitae</span> <span class='ocrx_word' id='word_1_43' title='bbox 715 588 776 640; x_wconf 89' lang='lat' dir='ltr'>et</span> <span class='ocrx_word' id='word_1_44' title='bbox 799 584 923 640; x_wconf 69' lang='lat' dir='ltr'>alia:</span> <span class='ocrx_word' id='word_1_45' title='bbox 953 588 1324 658; x_wconf 70' lang='lat' dir='ltr'>gentes,qute</span> <span class='ocrx_word' id='word_1_46' title='bbox 1354 586 1590 641; x_wconf 80' lang='lat' dir='ltr'>fecerim</span> <span class='ocrx_word' id='word_1_47' title='bbox 1611 603 1746 660; x_wconf 89' lang='lat' dir='ltr'>ego;</span> <span class='ocrx_word' id='word_1_48' title='bbox 1771 585 2064 659; x_wconf 90' lang='lat' dir='ltr'>quomodo</span> 
     </span>
    </p>
   </div>
   <div class='ocr_carea' id='block_1_6' title="bbox 413 672 2067 732">
    <p class='ocr_par' dir='ltr' id='par_1_6' title="bbox 413 672 2067 732">
     <span class='ocr_line' id='line_1_6' title="bbox 413 672 2067 732; baseline 0.001 -3"><span class='ocrx_word' id='word_1_49' title='bbox 413 673 579 730; x_wconf 80' lang='lat' dir='ltr'>ultus</span> <span class='ocrx_word' id='word_1_50' title='bbox 607 688 742 728; x_wconf 89' lang='lat' dir='ltr'>sum</span> <span class='ocrx_word' id='word_1_51' title='bbox 773 689 866 728; x_wconf 91' lang='lat' dir='ltr'>me</span> <span class='ocrx_word' id='word_1_52' title='bbox 895 673 966 728; x_wconf 91' lang='lat' dir='ltr'>de</span> <span class='ocrx_word' id='word_1_53' title='bbox 997 672 1254 730; x_wconf 89' lang='lat' dir='ltr'>inimicis</span> <span class='ocrx_word' id='word_1_54' title='bbox 1285 673 1430 730; x_wconf 86' lang='lat' dir='ltr'>meis</span> <span class='ocrx_word' id='word_1_55' title='bbox 1459 675 1698 732; x_wconf 73' lang='lat' dir='ltr'>Judmis.</span> <span class='ocrx_word' id='word_1_56' title='bbox 1728 675 2067 732; x_wconf 87' lang='lat' dir='ltr'>Vastatione</span> 
     </span>
    </p>
   </div>
   <div class='ocr_carea' id='block_1_7' title="bbox 415 762 2064 834">
    <p class='ocr_par' dir='ltr' id='par_1_7' title="bbox 415 762 2064 834">
     <span class='ocr_line' id='line_1_7' title="bbox 415 762 2064 834; baseline 0 -14"><span class='ocrx_word' id='word_1_57' title='bbox 415 762 756 820; x_wconf 65' lang='lat' dir='ltr'>Judaeorum</span> <span class='ocrx_word' id='word_1_58' title='bbox 786 766 1044 834; x_wconf 89' lang='lat' dir='ltr'>peracta,</span> <span class='ocrx_word' id='word_1_59' title='bbox 1078 763 1360 819; x_wconf 79' lang='lat' dir='ltr'>convertit</span> <span class='ocrx_word' id='word_1_60' title='bbox 1402 781 1465 820; x_wconf 89' lang='lat' dir='ltr'>se</span> <span class='ocrx_word' id='word_1_61' title='bbox 1511 781 1705 821; x_wconf 85' lang='lat' dir='ltr'><strong>sermo</strong></span> <span class='ocrx_word' id='word_1_62' title='bbox 1735 765 1971 821; x_wconf 87' lang='lat' dir='ltr'>divinus</span> <span class='ocrx_word' id='word_1_63' title='bbox 1991 765 2064 820; x_wconf 85' lang='lat' dir='ltr'>ad</span> 
     </span>
    </p>
   </div>
   <div class='ocr_carea' id='block_1_8' title="bbox 415 855 642 926">
    <p class='ocr_par' dir='ltr' id='par_1_8' title="bbox 415 855 642 926">
     <span class='ocr_line' id='line_1_8' title="bbox 415 855 642 926; baseline -0.009 -18"><span class='ocrx_word' id='word_1_64' title='bbox 415 855 642 926; x_wconf 74' lang='lat' dir='ltr'>gentes.</span> 
     </span>
    </p>
   </div>
   <div class='ocr_carea' id='block_1_9' title="bbox 489 940 2068 1011">
    <p class='ocr_par' dir='ltr' id='par_1_9' title="bbox 489 940 2068 1011">
     <span class='ocr_line' id='line_1_9' title="bbox 489 940 2068 1011; baseline 0.005 -19"><span class='ocrx_word' id='word_1_65' title='bbox 489 964 520 992; x_wconf 83' lang='lat'><strong><em>«</em></strong></span> <span class='ocrx_word' id='word_1_66' title='bbox 541 940 790 997; x_wconf 86' lang='lat' dir='ltr'>Contriti</span> <span class='ocrx_word' id='word_1_67' title='bbox 821 944 1028 1008; x_wconf 87' lang='lat' dir='ltr'>sunt,»</span> <span class='ocrx_word' id='word_1_68' title='bbox 1053 941 1110 997; x_wconf 87' lang='lat' dir='ltr'>id</span> <span class='ocrx_word' id='word_1_69' title='bbox 1143 941 1436 1008; x_wconf 87' lang='lat' dir='ltr'>est,deleti</span> <span class='ocrx_word' id='word_1_70' title='bbox 1473 965 1500 993; x_wconf 88' lang='grc'>‹‹</span> <span class='ocrx_word' id='word_1_71' title='bbox 1533 942 1590 998; x_wconf 90' lang='lat' dir='ltr'>in</span> <span class='ocrx_word' id='word_1_72' title='bbox 1625 943 1821 1011; x_wconf 89' lang='lat' dir='ltr'>Sion,»</span> <span class='ocrx_word' id='word_1_73' title='bbox 1847 944 1958 1000; x_wconf 91' lang='lat' dir='ltr'>hoc</span> <span class='ocrx_word' id='word_1_74' title='bbox 1977 949 2068 1000; x_wconf 85' lang='lat' dir='ltr'>est</span> 
     </span>
    </p>
   </div>
   <div class='ocr_carea' id='block_1_10' title="bbox 417 1028 2066 1101">
    <p class='ocr_par' dir='ltr' id='par_1_10' title="bbox 417 1028 2066 1101">
     <span class='ocr_line' id='line_1_10' title="bbox 417 1028 2066 1101; baseline 0.002 -15"><span class='ocrx_word' id='word_1_75' title='bbox 417 1029 478 1086; x_wconf 85' lang='lat' dir='ltr'>in</span> <span class='ocrx_word' id='word_1_76' title='bbox 509 1028 873 1086; x_wconf 74' lang='lat' dir='ltr'>Hierusalem</span> <span class='ocrx_word' id='word_1_77' title='bbox 907 1053 935 1080; x_wconf 85' lang='grc'><strong><em>‹‹</em></strong></span> <span class='ocrx_word' id='word_1_78' title='bbox 960 1034 1294 1101; x_wconf 90' lang='lat' dir='ltr'>peccatores</span> <span class='ocrx_word' id='word_1_79' title='bbox 1327 1049 1340 1086; x_wconf 92' lang='lat'>:</span> <span class='ocrx_word' id='word_1_80' title='bbox 1379 1053 1407 1080; x_wconf 94' lang='lat'>»</span> <span class='ocrx_word' id='word_1_81' title='bbox 1429 1031 1538 1097; x_wconf 85' lang='lat' dir='ltr'>Qui</span> <span class='ocrx_word' id='word_1_82' title='bbox 1560 1031 1869 1088; x_wconf 89' lang='lat' dir='ltr'>Dominum</span> <span class='ocrx_word' id='word_1_83' title='bbox 1891 1049 2066 1089; x_wconf 89' lang='lat' dir='ltr'>suum</span> 
     </span>
    </p>
   </div>
   <div class='ocr_carea' id='block_1_11' title="bbox 417 1119 2070 1194">
    <p class='ocr_par' dir='ltr' id='par_1_11' title="bbox 417 1119 2070 1194">
     <span class='ocr_line' id='line_1_11' title="bbox 417 1119 2070 1194; baseline 0.002 -20"><span class='ocrx_word' id='word_1_84' title='bbox 417 1119 764 1178; x_wconf 76' lang='lat' dir='ltr'>interfecere</span> <span class='ocrx_word' id='word_1_85' title='bbox 775 1123 858 1175; x_wconf 89' lang='lat' dir='ltr'>nt.</span> <span class='ocrx_word' id='word_1_86' title='bbox 895 1143 922 1169; x_wconf 88' lang='grc'><strong>‹‹</strong></span> <span class='ocrx_word' id='word_1_87' title='bbox 949 1120 1214 1176; x_wconf 85' lang='lat' dir='ltr'>Possedit</span> <span class='ocrx_word' id='word_1_88' title='bbox 1235 1119 1410 1175; x_wconf 92' lang='lat' dir='ltr'>timor</span> <span class='ocrx_word' id='word_1_89' title='bbox 1427 1121 1822 1194; x_wconf 81' lang='lat' dir='ltr'>hypocritas,»</span> <span class='ocrx_word' id='word_1_90' title='bbox 1843 1123 2070 1178; x_wconf 79' lang='lat' dir='ltr'>scribas</span> 
     </span>
    </p>
   </div>
   <div class='ocr_carea' id='block_1_12' title="bbox 417 1207 2066 1281">
    <p class='ocr_par' dir='ltr' id='par_1_12' title="bbox 417 1207 2066 1281">
     <span class='ocr_line' id='line_1_12' title="bbox 417 1207 2066 1281; baseline 0.001 -17"><span class='ocrx_word' id='word_1_91' title='bbox 417 1207 643 1264; x_wconf 78' lang='lat' dir='ltr'>scilicet</span> <span class='ocrx_word' id='word_1_92' title='bbox 653 1211 713 1264; x_wconf 90' lang='lat' dir='ltr'>et</span> <span class='ocrx_word' id='word_1_93' title='bbox 725 1207 1309 1281; x_wconf 73' lang='lat' dir='ltr'>Pharismos,‘propter</span> <span class='ocrx_word' id='word_1_94' title='bbox 1320 1209 1632 1265; x_wconf 84' lang='lat' dir='ltr'>adventum</span> <span class='ocrx_word' id='word_1_95' title='bbox 1649 1209 2066 1266; x_wconf 80' lang='lat' dir='ltr'>Romanorum.</span> 
     </span>
    </p>
   </div>
   <div class='ocr_carea' id='block_1_13' title="bbox 491 1295 2068 1367">
    <p class='ocr_par' dir='ltr' id='par_1_13' title="bbox 491 1295 2068 1367">
     <span class='ocr_line' id='line_1_13' title="bbox 491 1295 2068 1367; baseline 0.001 -15"><span class='ocrx_word' id='word_1_96' title='bbox 491 1296 718 1362; x_wconf 77' lang='lat' dir='ltr'>Quibus</span> <span class='ocrx_word' id='word_1_97' title='bbox 745 1300 803 1352; x_wconf 88' lang='lat' dir='ltr'>et</span> <span class='ocrx_word' id='word_1_98' title='bbox 829 1295 975 1352; x_wconf 84' lang='lat' dir='ltr'>dixit</span> <span class='ocrx_word' id='word_1_99' title='bbox 1007 1315 1020 1352; x_wconf 91' lang='lat'><strong>:</strong></span> <span class='ocrx_word' id='word_1_100' title='bbox 1057 1320 1083 1347; x_wconf 83' lang='lat'><strong><em>«</em></strong></span> <span class='ocrx_word' id='word_1_101' title='bbox 1117 1297 1213 1352; x_wconf 74' lang='lat' dir='ltr'>Vze</span> <span class='ocrx_word' id='word_1_102' title='bbox 1233 1297 1417 1363; x_wconf 88' lang='lat' dir='ltr'>vobis,</span> <span class='ocrx_word' id='word_1_103' title='bbox 1435 1298 1637 1354; x_wconf 67' lang='lat' dir='ltr'>scribas</span> <span class='ocrx_word' id='word_1_104' title='bbox 1671 1304 1732 1354; x_wconf 90' lang='lat' dir='ltr'>et</span> <span class='ocrx_word' id='word_1_105' title='bbox 1771 1299 2068 1367; x_wconf 60' lang='lat' dir='ltr'>Pharisaei,</span> 
     </span>
    </p>
   </div>
   <div class='ocr_carea' id='block_1_14' title="bbox 2173 494 3820 555">
    <p class='ocr_par' dir='ltr' id='par_1_14' title="bbox 2173 494 3820 555">
     <span class='ocr_line' id='line_1_14' title="bbox 2173 494 3820 555; baseline 0.004 -6"><span class='ocrx_word' id='word_1_106' title='bbox 2173 499 2369 550; x_wconf 89' lang='lat' dir='ltr'>autem</span> <span class='ocrx_word' id='word_1_107' title='bbox 2401 495 2460 550; x_wconf 92' lang='lat' dir='ltr'>in</span> <span class='ocrx_word' id='word_1_108' title='bbox 2493 511 2572 552; x_wconf 91' lang='lat' dir='ltr'>re.</span> <span class='ocrx_word' id='word_1_109' title='bbox 2611 497 2686 552; x_wconf 91' lang='lat' dir='ltr'>De</span> <span class='ocrx_word' id='word_1_110' title='bbox 2717 495 2828 552; x_wconf 87' lang='lat' dir='ltr'>hac</span> <span class='ocrx_word' id='word_1_111' title='bbox 2867 501 3026 554; x_wconf 87' lang='lat' dir='ltr'>terra</span> <span class='ocrx_word' id='word_1_112' title='bbox 3069 495 3215 552; x_wconf 81' lang='lat' dir='ltr'>dicit</span> <span class='ocrx_word' id='word_1_113' title='bbox 3258 494 3572 554; x_wconf 79' lang='lat' dir='ltr'>Psalmista</span> <span class='ocrx_word' id='word_1_114' title='bbox 3595 513 3611 553; x_wconf 86' lang='lat'><strong>:</strong></span> <span class='ocrx_word' id='word_1_115' title='bbox 3635 497 3820 555; x_wconf 81' lang='lat' dir='ltr'>Crede</span> 
     </span>
    </p>
   </div>
   <div class='ocr_carea' id='block_1_15' title="bbox 2173 584 3820 658">
    <p class='ocr_par' dir='ltr' id='par_1_15' title="bbox 2173 584 3820 658">
     <span class='ocr_line' id='line_1_15' title="bbox 2173 584 3820 658; baseline 0.002 -19"><span class='ocrx_word' id='word_1_116' title='bbox 2173 584 2366 640; x_wconf 78' lang='lat' dir='ltr'>videre</span> <span class='ocrx_word' id='word_1_117' title='bbox 2397 585 2550 641; x_wconf 92' lang='lat' dir='ltr'>bona</span> <span class='ocrx_word' id='word_1_118' title='bbox 2572 585 2807 641; x_wconf 86' lang='lat' dir='ltr'>Domini</span> <span class='ocrx_word' id='word_1_119' title='bbox 2833 585 2894 641; x_wconf 91' lang='lat' dir='ltr'>in</span> <span class='ocrx_word' id='word_1_120' title='bbox 2937 589 3095 642; x_wconf 82' lang='lat' dir='ltr'>terra</span> <span class='ocrx_word' id='word_1_121' title='bbox 3113 585 3428 642; x_wconf 82' lang='lat' dir='ltr'>viventium</span> <span class='ocrx_word' id='word_1_122' title='bbox 3450 587 3624 658; x_wconf 74' lang='lat' dir='ltr'>(Psal.</span> <span class='ocrx_word' id='word_1_123' title='bbox 3645 586 3820 658; x_wconf 77' lang='lat' dir='ltr'>xm).</span> 
     </span>
    </p>
   </div>
   <div class='ocr_carea' id='block_1_16' title="bbox 2219 674 3827 747">
    <p class='ocr_par' dir='ltr' id='par_1_16' title="bbox 2219 674 3827 747">
     <span class='ocr_line' id='line_1_16' title="bbox 2219 674 3827 747; baseline 0.002 -18"><span class='ocrx_word' id='word_1_124' title='bbox 2219 715 2223 718; x_wconf 75' lang='lat'>.</span> <span class='ocrx_word' id='word_1_125' title='bbox 2247 696 2276 724; x_wconf 75' lang='grc' dir='ltr'><strong><em>α</em></strong></span> <span class='ocrx_word' id='word_1_126' title='bbox 2311 674 2422 730; x_wconf 89' lang='lat' dir='ltr'>Cor</span> <span class='ocrx_word' id='word_1_127' title='bbox 2448 678 2642 742; x_wconf 88' lang='lat' dir='ltr'>tuum,</span> <span class='ocrx_word' id='word_1_128' title='bbox 2661 697 2687 724; x_wconf 96' lang='lat'>»</span> <span class='ocrx_word' id='word_1_129' title='bbox 2723 675 2782 730; x_wconf 89' lang='lat' dir='ltr'>id</span> <span class='ocrx_word' id='word_1_130' title='bbox 2812 679 2904 731; x_wconf 88' lang='lat' dir='ltr'>est</span> <span class='ocrx_word' id='word_1_131' title='bbox 2932 691 3101 732; x_wconf 88' lang='lat' dir='ltr'>mens</span> <span class='ocrx_word' id='word_1_132' title='bbox 3129 679 3252 745; x_wconf 89' lang='lat' dir='ltr'>tua,</span> <span class='ocrx_word' id='word_1_133' title='bbox 3271 691 3310 731; x_wconf 78' lang='grc' dir='ltr'>υ</span> <span class='ocrx_word' id='word_1_134' title='bbox 3327 675 3494 747; x_wconf 82' lang='lat' dir='ltr'>juste</span> <span class='ocrx_word' id='word_1_135' title='bbox 3522 697 3552 724; x_wconf 79' lang='grc' dir='ltr'>α</span> <span class='ocrx_word' id='word_1_136' title='bbox 3584 676 3827 732; x_wconf 61' lang='lat' dir='ltr'>mediter</span> 
     </span>
    </p>
   </div>
   <div class='ocr_carea' id='block_1_17' title="bbox 2175 761 3829 825">
    <p class='ocr_par' dir='ltr' id='par_1_17' title="bbox 2175 761 3829 825">
     <span class='ocr_line' id='line_1_17' title="bbox 2175 761 3829 825; baseline 0.004 -7"><span class='ocrx_word' id='word_1_137' title='bbox 2175 762 2337 818; x_wconf 90' lang='lat' dir='ltr'>bitur</span> <span class='ocrx_word' id='word_1_138' title='bbox 2367 761 2659 819; x_wconf 82' lang='lat' dir='ltr'>timorem.</span> <span class='ocrx_word' id='word_1_139' title='bbox 2689 785 2715 813; x_wconf 87' lang='lat'>»</span> <span class='ocrx_word' id='word_1_140' title='bbox 2749 763 2996 820; x_wconf 86' lang='lat' dir='ltr'>Difﬁcile</span> <span class='ocrx_word' id='word_1_141' title='bbox 3013 763 3296 820; x_wconf 79' lang='lat' dir='ltr'>sanctitas</span> <span class='ocrx_word' id='word_1_142' title='bbox 3321 763 3453 820; x_wconf 91' lang='lat' dir='ltr'>sine</span> <span class='ocrx_word' id='word_1_143' title='bbox 3469 761 3686 820; x_wconf 80' lang='lat' dir='ltr'>timore</span> <span class='ocrx_word' id='word_1_144' title='bbox 3705 781 3829 825; x_wconf 76' lang='lat' dir='ltr'>cus-</span> 
     </span>
    </p>
   </div>
   <div class='ocr_carea' id='block_1_18' title="bbox 2177 851 3827 926">
    <p class='ocr_par' dir='ltr' id='par_1_18' title="bbox 2177 851 3827 926">
     <span class='ocr_line' id='line_1_18' title="bbox 2177 851 3827 926; baseline 0.002 -18"><span class='ocrx_word' id='word_1_145' title='bbox 2177 852 2433 922; x_wconf 87' lang='lat' dir='ltr'>toditur;</span> <span class='ocrx_word' id='word_1_146' title='bbox 2465 853 2621 909; x_wconf 87' lang='lat' dir='ltr'>unde</span> <span class='ocrx_word' id='word_1_147' title='bbox 2651 852 2870 908; x_wconf 87' lang='lat' dir='ltr'>dicitur</span> <span class='ocrx_word' id='word_1_148' title='bbox 2899 869 2912 908; x_wconf 91' lang='lat'><strong>:</strong></span> <span class='ocrx_word' id='word_1_149' title='bbox 2947 851 3246 926; x_wconf 78' lang='lat' dir='ltr'>Sapientia</span> <span class='ocrx_word' id='word_1_150' title='bbox 3273 857 3363 909; x_wconf 88' lang='lat' dir='ltr'>est</span> <span class='ocrx_word' id='word_1_151' title='bbox 3386 852 3598 910; x_wconf 77' lang='lat' dir='ltr'>timare</span> <span class='ocrx_word' id='word_1_152' title='bbox 3641 853 3827 912; x_wconf 79' lang='lat' dir='ltr'>Deum</span> 
     </span>
    </p>
   </div>
   <div class='ocr_carea' id='block_1_19' title="bbox 2175 940 3827 1016">
    <p class='ocr_par' dir='ltr' id='par_1_19' title="bbox 2175 940 3827 1016">
     <span class='ocr_line' id='line_1_19' title="bbox 2175 940 3827 1016; baseline 0.001 -19"><span class='ocrx_word' id='word_1_153' title='bbox 2175 941 2342 1014; x_wconf 80' lang='lat' dir='ltr'>(Eccl.</span> <span class='ocrx_word' id='word_1_154' title='bbox 2373 942 2434 1014; x_wconf 81' lang='grc' dir='ltr'>ι).</span> <span class='ocrx_word' id='word_1_155' title='bbox 2471 943 2542 998; x_wconf 86' lang='lat' dir='ltr'>Et</span> <span class='ocrx_word' id='word_1_156' title='bbox 2571 941 2807 998; x_wconf 90' lang='lat' dir='ltr'>Simeon</span> <span class='ocrx_word' id='word_1_157' title='bbox 2831 943 3032 1015; x_wconf 90' lang='lat' dir='ltr'>justus</span> <span class='ocrx_word' id='word_1_158' title='bbox 3060 941 3274 1016; x_wconf 78' lang='lat' dir='ltr'>legitur</span> <span class='ocrx_word' id='word_1_159' title='bbox 3293 940 3478 998; x_wconf 82' lang='lat' dir='ltr'>fuisse</span> <span class='ocrx_word' id='word_1_160' title='bbox 3495 947 3556 998; x_wconf 84' lang='lat' dir='ltr'>et</span> <span class='ocrx_word' id='word_1_161' title='bbox 3578 941 3827 998; x_wconf 60' lang='lat' dir='ltr'>timorav</span> 
     </span>
    </p>
   </div>
   <div class='ocr_carea' id='block_1_20' title="bbox 2177 1029 3828 1105">
    <p class='ocr_par' dir='ltr' id='par_1_20' title="bbox 2177 1029 3828 1105">
     <span class='ocr_line' id='line_1_20' title="bbox 2177 1029 3828 1105; baseline 0 -19"><span class='ocrx_word' id='word_1_162' title='bbox 2177 1035 2296 1086; x_wconf 88' lang='lat' dir='ltr'>tus.</span> <span class='ocrx_word' id='word_1_163' title='bbox 2321 1054 2350 1081; x_wconf 88' lang='lat'>«</span> <span class='ocrx_word' id='word_1_164' title='bbox 2384 1031 2490 1087; x_wconf 84' lang='lat' dir='ltr'>Ubi</span> <span class='ocrx_word' id='word_1_165' title='bbox 2521 1035 2613 1086; x_wconf 90' lang='lat' dir='ltr'>est</span> <span class='ocrx_word' id='word_1_166' title='bbox 2642 1031 2957 1100; x_wconf 78' lang='lat' dir='ltr'>litteratus,</span> <span class='ocrx_word' id='word_1_167' title='bbox 2992 1033 3093 1088; x_wconf 83' lang='lat' dir='ltr'>ubi</span> <span class='ocrx_word' id='word_1_168' title='bbox 3123 1035 3214 1088; x_wconf 86' lang='lat' dir='ltr'>est</span> <span class='ocrx_word' id='word_1_169' title='bbox 3239 1032 3414 1088; x_wconf 86' lang='lat' dir='ltr'>verba</span> <span class='ocrx_word' id='word_1_170' title='bbox 3432 1029 3584 1105; x_wconf 84' lang='lat' dir='ltr'>legis</span> <span class='ocrx_word' id='word_1_171' title='bbox 3612 1032 3828 1104; x_wconf 50' lang='lat' dir='ltr'>ponde.</span> 
     </span>
    </p>
   </div>
   <div class='ocr_carea' id='block_1_21' title="bbox 2177 1119 3827 1194">
    <p class='ocr_par' dir='ltr' id='par_1_21' title="bbox 2177 1119 3827 1194">
     <span class='ocr_line' id='line_1_21' title="bbox 2177 1119 3827 1194; baseline 0.001 -20"><span class='ocrx_word' id='word_1_172' title='bbox 2177 1136 2340 1191; x_wconf 86' lang='lat' dir='ltr'>rans,</span> <span class='ocrx_word' id='word_1_173' title='bbox 2359 1119 2457 1175; x_wconf 91' lang='lat' dir='ltr'>ubi</span> <span class='ocrx_word' id='word_1_174' title='bbox 2491 1119 2682 1175; x_wconf 89' lang='lat' dir='ltr'>dictor</span> <span class='ocrx_word' id='word_1_175' title='bbox 2697 1119 3110 1192; x_wconf 83' lang='lat' dir='ltr'>parvulorum?</span> <span class='ocrx_word' id='word_1_176' title='bbox 3132 1143 3161 1170; x_wconf 92' lang='lat'>»</span> <span class='ocrx_word' id='word_1_177' title='bbox 3184 1121 3508 1194; x_wconf 82' lang='lat' dir='ltr'>Interrogat</span> <span class='ocrx_word' id='word_1_178' title='bbox 3523 1133 3728 1176; x_wconf 87' lang='lat' dir='ltr'>sermo</span> <span class='ocrx_word' id='word_1_179' title='bbox 3741 1120 3827 1176; x_wconf 55' lang='lat' dir='ltr'>di»</span> 
     </span>
    </p>
   </div>
   <div class='ocr_carea' id='block_1_22' title="bbox 2179 1207 3833 1287">
    <p class='ocr_par' dir='ltr' id='par_1_22' title="bbox 2179 1207 3833 1287">
     <span class='ocr_line' id='line_1_22' title="bbox 2179 1207 3833 1287; baseline 0 -23"><span class='ocrx_word' id='word_1_180' title='bbox 2179 1208 2352 1264; x_wconf 84' lang='lat' dir='ltr'>vinus</span> <span class='ocrx_word' id='word_1_181' title='bbox 2373 1209 2630 1280; x_wconf 90' lang='lat' dir='ltr'>justum,</span> <span class='ocrx_word' id='word_1_182' title='bbox 2651 1208 2752 1264; x_wconf 88' lang='lat' dir='ltr'>ubi</span> <span class='ocrx_word' id='word_1_183' title='bbox 2784 1209 2861 1264; x_wconf 89' lang='lat' dir='ltr'>sit</span> <span class='ocrx_word' id='word_1_184' title='bbox 2887 1208 3198 1278; x_wconf 84' lang='lat' dir='ltr'>litteratus,</span> <span class='ocrx_word' id='word_1_185' title='bbox 3217 1209 3280 1287; x_wconf 76' lang='lat' dir='ltr'>id</span> <span class='ocrx_word' id='word_1_186' title='bbox 3296 1213 3388 1265; x_wconf 89' lang='lat' dir='ltr'>est</span> <span class='ocrx_word' id='word_1_187' title='bbox 3403 1207 3833 1282; x_wconf 75' lang='lat' dir='ltr'>grammaticus</span> 
     </span>
    </p>
   </div>
   <div class='ocr_carea' id='block_1_23' title="bbox 2178 1295 3838 1370">
    <p class='ocr_par' dir='ltr' id='par_1_23' title="bbox 2178 1295 3838 1370">
     <span class='ocr_line' id='line_1_23' title="bbox 2178 1295 3838 1370; baseline -0.001 -14"><span class='ocrx_word' id='word_1_188' title='bbox 2178 1299 2544 1365; x_wconf 76' lang='lat' dir='ltr'>Judoeorum,</span> <span class='ocrx_word' id='word_1_189' title='bbox 2559 1295 2646 1352; x_wconf 86' lang='lat' dir='ltr'>vel</span> <span class='ocrx_word' id='word_1_190' title='bbox 2668 1297 2932 1370; x_wconf 82' lang='lat' dir='ltr'>gentium</span> <span class='ocrx_word' id='word_1_191' title='bbox 2954 1296 3287 1370; x_wconf 79' lang='lat' dir='ltr'>philosophi</span> <span class='ocrx_word' id='word_1_192' title='bbox 3313 1298 3588 1354; x_wconf 64' lang='lat' dir='ltr'>humana:</span> <span class='ocrx_word' id='word_1_193' title='bbox 3603 1298 3838 1370; x_wconf 60' lang='lat' dir='ltr'>sapiens-</span> 
     </span>
    </p>
   </div>
   <div class='ocr_carea' id='block_1_24' title="bbox 415 1384 3836 1460">
    <p class='ocr_par' dir='ltr' id='par_1_24' title="bbox 415 1384 3836 1460">
     <span class='ocr_line' id='line_1_24' title="bbox 415 1384 3836 1460; baseline 0.001 -19"><span class='ocrx_word' id='word_1_194' title='bbox 415 1384 736 1458; x_wconf 70' lang='lat' dir='ltr'>bypocrltaa</span> <span class='ocrx_word' id='word_1_195' title='bbox 765 1384 916 1456; x_wconf 83' lang='lat' dir='ltr'>(Luc.</span> <span class='ocrx_word' id='word_1_196' title='bbox 933 1387 1055 1452; x_wconf 75' lang='lat'>11).»</span> <span class='ocrx_word' id='word_1_197' title='bbox 1081 1407 1108 1436; x_wconf 82' lang='grc'>‹‹</span> <span class='ocrx_word' id='word_1_198' title='bbox 1130 1385 1272 1451; x_wconf 90' lang='lat' dir='ltr'>Quis</span> <span class='ocrx_word' id='word_1_199' title='bbox 1292 1386 1504 1457; x_wconf 89' lang='lat' dir='ltr'>poterit</span> <span class='ocrx_word' id='word_1_200' title='bbox 1523 1385 1787 1441; x_wconf 83' lang='lat' dir='ltr'>habitare</span> <span class='ocrx_word' id='word_1_201' title='bbox 1804 1407 1832 1436; x_wconf 95' lang='lat'>»</span> <span class='ocrx_word' id='word_1_202' title='bbox 1856 1385 1966 1442; x_wconf 88' lang='lat' dir='ltr'>hoc</span> <span class='ocrx_word' id='word_1_203' title='bbox 1985 1390 2075 1442; x_wconf 82' lang='lat' dir='ltr'>est</span> <span class='ocrx_word' id='word_1_204' title='bbox 2181 1387 2296 1456; x_wconf 72' lang='lat' dir='ltr'>tite,</span> <span class='ocrx_word' id='word_1_205' title='bbox 2311 1390 2370 1442; x_wconf 88' lang='lat' dir='ltr'>et</span> <span class='ocrx_word' id='word_1_206' title='bbox 2399 1385 2499 1442; x_wconf 89' lang='lat' dir='ltr'>ubi</span> <span class='ocrx_word' id='word_1_207' title='bbox 2532 1387 2612 1442; x_wconf 87' lang='lat' dir='ltr'>sit</span> <span class='ocrx_word' id='word_1_208' title='bbox 2632 1385 2778 1458; x_wconf 83' lang='lat' dir='ltr'>legis</span> <span class='ocrx_word' id='word_1_209' title='bbox 2799 1387 2974 1443; x_wconf 88' lang='lat' dir='ltr'>verba</span> <span class='ocrx_word' id='word_1_210' title='bbox 2993 1384 3544 1460; x_wconf 67' lang='lat' dir='ltr'>pendemus-scriba</span> <span class='ocrx_word' id='word_1_211' title='bbox 3557 1389 3622 1442; x_wconf 89' lang='lat' dir='ltr'>et</span> <span class='ocrx_word' id='word_1_212' title='bbox 3639 1387 3836 1451; x_wconf 59' lang='lat' dir='ltr'>Phari:</span> 
     </span>
    </p>
   </div>
   <div class='ocr_carea' id='block_1_25' title="bbox 416 1473 2070 1547">
    <p class='ocr_par' dir='ltr' id='par_1_25' title="bbox 416 1473 2070 1547">
     <span class='ocr_line' id='line_1_25' title="bbox 416 1473 2070 1547; baseline -0.003 -17"><span class='ocrx_word' id='word_1_213' title='bbox 416 1491 608 1530; x_wconf 59' lang='lat' dir='ltr'>essen</span> <span class='ocrx_word' id='word_1_214' title='bbox 639 1473 717 1529; x_wconf 88' lang='lat' dir='ltr'>de</span> <span class='ocrx_word' id='word_1_215' title='bbox 742 1473 908 1530; x_wconf 73' lang='lat' dir='ltr'>vobis</span> <span class='ocrx_word' id='word_1_216' title='bbox 943 1496 969 1522; x_wconf 95' lang='lat'>»</span> <span class='ocrx_word' id='word_1_217' title='bbox 992 1473 1265 1529; x_wconf 84' lang='lat' dir='ltr'>ﬁdelibus</span> <span class='ocrx_word' id='word_1_218' title='bbox 1299 1496 1327 1525; x_wconf 84' lang='lat'><strong>«</strong></span> <span class='ocrx_word' id='word_1_219' title='bbox 1348 1491 1484 1530; x_wconf 87' lang='lat' dir='ltr'>cum</span> <span class='ocrx_word' id='word_1_220' title='bbox 1513 1473 1648 1547; x_wconf 85' lang='lat' dir='ltr'>igne</span> <span class='ocrx_word' id='word_1_221' title='bbox 1669 1475 2021 1531; x_wconf 84' lang='lat' dir='ltr'>devorante?</span> <span class='ocrx_word' id='word_1_222' title='bbox 2043 1498 2070 1526; x_wconf 78' lang='lat'>»</span> 
     </span>
    </p>
   </div>
   <div class='ocr_carea' id='block_1_26' title="bbox 2181 1473 3837 1548">
    <p class='ocr_par' dir='ltr' id='par_1_26' title="bbox 2181 1473 3837 1548">
     <span class='ocr_line' id='line_1_26' title="bbox 2181 1473 3837 1548; baseline 0.001 -18"><span class='ocrx_word' id='word_1_223' title='bbox 2181 1492 2354 1541; x_wconf 65' lang='lat' dir='ltr'>smus,</span> <span class='ocrx_word' id='word_1_224' title='bbox 2369 1475 2467 1547; x_wconf 84' lang='lat' dir='ltr'>qui</span> <span class='ocrx_word' id='word_1_225' title='bbox 2499 1492 2609 1531; x_wconf 89' lang='lat' dir='ltr'>sua</span> <span class='ocrx_word' id='word_1_226' title='bbox 2637 1473 3118 1548; x_wconf 79' lang='lat' dir='ltr'>interpretatione</span> <span class='ocrx_word' id='word_1_227' title='bbox 3135 1473 3282 1532; x_wconf 85' lang='lat' dir='ltr'>falsa</span> <span class='ocrx_word' id='word_1_228' title='bbox 3299 1473 3487 1548; x_wconf 87' lang='lat' dir='ltr'>legem</span> <span class='ocrx_word' id='word_1_229' title='bbox 3503 1475 3837 1532; x_wconf 77' lang='lat' dir='ltr'>onerabant</span> 
     </span>
    </p>
   </div>
   <div class='ocr_carea' id='block_1_27' title="bbox 417 1562 3834 1637">
    <p class='ocr_par' dir='ltr' id='par_1_27' title="bbox 417 1562 3834 1637">
     <span class='ocr_line' id='line_1_27' title="bbox 417 1562 3834 1637; baseline 0.001 -19"><span class='ocrx_word' id='word_1_230' title='bbox 417 1562 752 1635; x_wconf 59' lang='lat' dir='ltr'>Alloquitur</span> <span class='ocrx_word' id='word_1_231' title='bbox 766 1577 959 1618; x_wconf 88' lang='lat' dir='ltr'>sermo</span> <span class='ocrx_word' id='word_1_232' title='bbox 977 1562 1352 1636; x_wconf 86' lang='lat' dir='ltr'>propheticus</span> <span class='ocrx_word' id='word_1_233' title='bbox 1363 1562 1449 1619; x_wconf 86' lang='lat' dir='ltr'>vel</span> <span class='ocrx_word' id='word_1_234' title='bbox 1464 1564 1663 1634; x_wconf 87' lang='lat' dir='ltr'>justos</span> <span class='ocrx_word' id='word_1_235' title='bbox 1681 1563 1928 1636; x_wconf 82' lang='lat' dir='ltr'>gentiles</span> <span class='ocrx_word' id='word_1_236' title='bbox 1941 1569 2075 1637; x_wconf 87' lang='lat' dir='ltr'>post</span> <span class='ocrx_word' id='word_1_237' title='bbox 2182 1568 2240 1620; x_wconf 89' lang='lat' dir='ltr'>et</span> <span class='ocrx_word' id='word_1_238' title='bbox 2259 1564 2682 1637; x_wconf 78' lang='lat' dir='ltr'>ponderabunt,</span> <span class='ocrx_word' id='word_1_239' title='bbox 2697 1567 2755 1620; x_wconf 92' lang='lat' dir='ltr'>et</span> <span class='ocrx_word' id='word_1_240' title='bbox 2783 1563 2883 1620; x_wconf 91' lang='lat' dir='ltr'>ubi</span> <span class='ocrx_word' id='word_1_241' title='bbox 2912 1563 2991 1621; x_wconf 86' lang='lat' dir='ltr'>sit</span> <span class='ocrx_word' id='word_1_242' title='bbox 3010 1563 3184 1620; x_wconf 90' lang='lat' dir='ltr'>modo</span> <span class='ocrx_word' id='word_1_243' title='bbox 3205 1564 3412 1620; x_wconf 84' lang='lat' dir='ltr'>doctor</span> <span class='ocrx_word' id='word_1_244' title='bbox 3429 1562 3834 1637; x_wconf 73' lang='lat' dir='ltr'>parvulorum,</span> 
     </span>
    </p>
   </div>
   <div class='ocr_carea' id='block_1_28' title="bbox 418 1650 2073 1727">
    <p class='ocr_par' dir='ltr' id='par_1_28' title="bbox 418 1650 2073 1727">
     <span class='ocr_line' id='line_1_28' title="bbox 418 1650 2073 1727; baseline 0.001 -19"><span class='ocrx_word' id='word_1_245' title='bbox 418 1651 524 1708; x_wconf 87' lang='lat' dir='ltr'>Dei</span> <span class='ocrx_word' id='word_1_246' title='bbox 543 1650 840 1724; x_wconf 84' lang='lat' dir='ltr'>magnalia</span> <span class='ocrx_word' id='word_1_247' title='bbox 860 1652 1321 1726; x_wconf 84' lang='lat' dir='ltr'>narrata.lgnem</span> <span class='ocrx_word' id='word_1_248' title='bbox 1336 1652 1590 1725; x_wconf 84' lang='lat' dir='ltr'>appellat</span> <span class='ocrx_word' id='word_1_249' title='bbox 1610 1653 1796 1708; x_wconf 89' lang='lat' dir='ltr'>Deum</span> <span class='ocrx_word' id='word_1_250' title='bbox 1813 1653 1971 1708; x_wconf 91' lang='lat' dir='ltr'>omni</span> <span class='ocrx_word' id='word_1_251' title='bbox 1979 1671 2073 1727; x_wconf 90' lang='lat' dir='ltr'>po-</span> 
     </span>
    </p>
   </div>
   <div class='ocr_carea' id='block_1_29' title="bbox 2183 1651 3440 1726">
    <p class='ocr_par' dir='ltr' id='par_1_29' title="bbox 2183 1651 3440 1726">
     <span class='ocr_line' id='line_1_29' title="bbox 2183 1651 3440 1726; baseline -0.001 -18"><span class='ocrx_word' id='word_1_252' title='bbox 2183 1653 2242 1708; x_wconf 89' lang='lat' dir='ltr'>id</span> <span class='ocrx_word' id='word_1_253' title='bbox 2273 1656 2384 1723; x_wconf 88' lang='lat' dir='ltr'>est,</span> <span class='ocrx_word' id='word_1_254' title='bbox 2417 1651 2612 1708; x_wconf 87' lang='lat' dir='ltr'>scriba</span> <span class='ocrx_word' id='word_1_255' title='bbox 2641 1651 3050 1726; x_wconf 89' lang='lat' dir='ltr'>insipientium</span> <span class='ocrx_word' id='word_1_256' title='bbox 3078 1652 3440 1709; x_wconf 61' lang='lat' dir='ltr'>Judaeorum.</span> 
     </span>
    </p>
   </div>
   <div class='ocr_carea' id='block_1_30' title="bbox 413 1739 3838 1842">
    <p class='ocr_par' dir='ltr' id='par_1_30' title="bbox 413 1739 3838 1842">
     <span class='ocr_line' id='line_1_30' title="bbox 413 1739 3838 1842; baseline 0 -46"><span class='ocrx_word' id='word_1_257' title='bbox 413 1743 660 1806; x_wconf 84' lang='lat' dir='ltr'>tentem,</span> <span class='ocrx_word' id='word_1_258' title='bbox 687 1741 757 1796; x_wconf 91' lang='lat' dir='ltr'>de</span> <span class='ocrx_word' id='word_1_259' title='bbox 789 1757 905 1812; x_wconf 93' lang='lat' dir='ltr'>quo</span> <span class='ocrx_word' id='word_1_260' title='bbox 935 1740 1079 1796; x_wconf 90' lang='lat' dir='ltr'>dicit</span> <span class='ocrx_word' id='word_1_261' title='bbox 1110 1741 1302 1797; x_wconf 89' lang='lat' dir='ltr'>Moses</span> <span class='ocrx_word' id='word_1_262' title='bbox 1329 1759 1342 1797; x_wconf 92' lang='lat'><strong>:</strong></span> <span class='ocrx_word' id='word_1_263' title='bbox 1368 1741 1524 1797; x_wconf 90' lang='lat' dir='ltr'>Deus</span> <span class='ocrx_word' id='word_1_264' title='bbox 1542 1740 1700 1814; x_wconf 87' lang='lat' dir='ltr'>ignis</span> <span class='ocrx_word' id='word_1_265' title='bbox 1721 1757 2074 1800; x_wconf 86' lang='lat' dir='ltr'>consumens</span> <span class='ocrx_word' id='word_1_266' title='bbox 2101 1775 2152 1842; x_wconf 72' lang='grc' dir='ltr'><strong>Β</strong></span> <span class='ocrx_word' id='word_1_267' title='bbox 2253 1763 2284 1842; x_wconf 50' lang='grc' dir='ltr'>«ξ</span> <span class='ocrx_word' id='word_1_268' title='bbox 2320 1741 2605 1841; x_wconf 74' lang='lat' dir='ltr'>Populum</span> <span class='ocrx_word' id='word_1_269' title='bbox 2635 1741 3042 1842; x_wconf 79' lang='lat' dir='ltr'>impudentem</span> <span class='ocrx_word' id='word_1_270' title='bbox 3067 1739 3498 1842; x_wconf 49' lang='lat' dir='ltr'>non‘videbis,»</span> <span class='ocrx_word' id='word_1_271' title='bbox 3520 1758 3555 1797; x_wconf 90' lang='grc' dir='ltr'><strong>ο</strong></span> <span class='ocrx_word' id='word_1_272' title='bbox 3575 1739 3838 1842; x_wconf 50' lang='lat' dir='ltr'>jus-tata</span> 
     </span>
    </p>
   </div>
   <div class='ocr_carea' id='block_1_31' title="bbox 413 1829 2066 1904">
    <p class='ocr_par' dir='ltr' id='par_1_31' title="bbox 413 1829 2066 1904">
     <span class='ocr_line' id='line_1_31' title="bbox 413 1829 2066 1904; baseline 0.001 -19"><span class='ocrx_word' id='word_1_273' title='bbox 413 1829 601 1885; x_wconf 75' lang='lat' dir='ltr'>estLEt</span> <span class='ocrx_word' id='word_1_274' title='bbox 615 1831 746 1900; x_wconf 87' lang='lat' dir='ltr'>ipse</span> <span class='ocrx_word' id='word_1_275' title='bbox 767 1829 1053 1884; x_wconf 90' lang='lat' dir='ltr'>Dominus</span> <span class='ocrx_word' id='word_1_276' title='bbox 1067 1829 1124 1884; x_wconf 90' lang='lat' dir='ltr'>in</span> <span class='ocrx_word' id='word_1_277' title='bbox 1148 1829 1457 1901; x_wconf 87' lang='lat' dir='ltr'>Evangelio</span> <span class='ocrx_word' id='word_1_278' title='bbox 1484 1848 1498 1898; x_wconf 89' lang='lat'><strong>;</strong></span> <span class='ocrx_word' id='word_1_279' title='bbox 1523 1853 1551 1880; x_wconf 82' lang='grc'>‹‹</span> <span class='ocrx_word' id='word_1_280' title='bbox 1577 1831 1774 1904; x_wconf 88' lang='lat' dir='ltr'>Ignem</span> <span class='ocrx_word' id='word_1_281' title='bbox 1791 1831 1921 1887; x_wconf 88' lang='lat' dir='ltr'>veni</span> <span class='ocrx_word' id='word_1_282' title='bbox 1942 1831 2066 1887; x_wconf 83' lang='lat' dir='ltr'>mit-</span> 
     </span>
    </p>
   </div>
   <div class='ocr_carea' id='block_1_32' title="bbox 411 1917 2070 1992">
    <p class='ocr_par' dir='ltr' id='par_1_32' title="bbox 411 1917 2070 1992">
     <span class='ocr_line' id='line_1_32' title="bbox 411 1917 2070 1992; baseline 0.001 -18"><span class='ocrx_word' id='word_1_283' title='bbox 411 1921 532 1974; x_wconf 78' lang='lat' dir='ltr'>tere</span> <span class='ocrx_word' id='word_1_284' title='bbox 555 1917 612 1972; x_wconf 85' lang='lat' dir='ltr'>in</span> <span class='ocrx_word' id='word_1_285' title='bbox 631 1920 846 1973; x_wconf 84' lang='lat' dir='ltr'>terram</span> <span class='ocrx_word' id='word_1_286' title='bbox 869 1919 1022 1987; x_wconf 80' lang='lat' dir='ltr'>(Luc.</span> <span class='ocrx_word' id='word_1_287' title='bbox 1047 1919 1169 1990; x_wconf 80' lang='lat' dir='ltr'>xu).</span> <span class='ocrx_word' id='word_1_288' title='bbox 1196 1941 1224 1968; x_wconf 92' lang='lat'>»</span> <span class='ocrx_word' id='word_1_289' title='bbox 1248 1919 1378 1990; x_wconf 88' lang='lat' dir='ltr'>Ipse</span> <span class='ocrx_word' id='word_1_290' title='bbox 1408 1919 1564 1975; x_wconf 90' lang='lat' dir='ltr'>enim</span> <span class='ocrx_word' id='word_1_291' title='bbox 1605 1924 1694 1975; x_wconf 90' lang='lat' dir='ltr'>est</span> <span class='ocrx_word' id='word_1_292' title='bbox 1730 1919 1906 1991; x_wconf 84' lang='lat' dir='ltr'>ignis,</span> <span class='ocrx_word' id='word_1_293' title='bbox 1930 1921 2070 1992; x_wconf 83' lang='lat' dir='ltr'>quia</span> 
     </span>
    </p>
   </div>
   <div class='ocr_carea' id='block_1_33' title="bbox 407 2005 2067 2080">
    <p class='ocr_par' dir='ltr' id='par_1_33' title="bbox 407 2005 2067 2080">
     <span class='ocr_line' id='line_1_33' title="bbox 407 2005 2067 2080; baseline 0.002 -19"><span class='ocrx_word' id='word_1_294' title='bbox 407 2005 546 2078; x_wconf 81' lang='lat' dir='ltr'>igne</span> <span class='ocrx_word' id='word_1_295' title='bbox 573 2005 974 2062; x_wconf 83' lang='lat' dir='ltr'>tribulationis</span> <span class='ocrx_word' id='word_1_296' title='bbox 995 2007 1268 2063; x_wconf 87' lang='lat' dir='ltr'>contrivit</span> <span class='ocrx_word' id='word_1_297' title='bbox 1293 2008 1550 2074; x_wconf 69' lang='lat' dir='ltr'>Judzeos,</span> <span class='ocrx_word' id='word_1_298' title='bbox 1571 2012 1629 2064; x_wconf 89' lang='lat' dir='ltr'>et</span> <span class='ocrx_word' id='word_1_299' title='bbox 1659 2008 1719 2064; x_wconf 91' lang='lat' dir='ltr'>in</span> <span class='ocrx_word' id='word_1_300' title='bbox 1752 2009 1845 2063; x_wconf 90' lang='lat' dir='ltr'>die</span> <span class='ocrx_word' id='word_1_301' title='bbox 1857 2009 2067 2080; x_wconf 89' lang='lat' dir='ltr'>judicii</span> 
     </span>
    </p>
   </div>
   <div class='ocr_carea' id='block_1_34' title="bbox 409 2095 2070 2169">
    <p class='ocr_par' dir='ltr' id='par_1_34' title="bbox 409 2095 2070 2169">
     <span class='ocr_line' id='line_1_34' title="bbox 409 2095 2070 2169; baseline 0.002 -19"><span class='ocrx_word' id='word_1_302' title='bbox 409 2110 619 2150; x_wconf 86' lang='lat' dir='ltr'>omnes</span> <span class='ocrx_word' id='word_1_303' title='bbox 639 2095 919 2166; x_wconf 90' lang='lat' dir='ltr'>reprobos</span> <span class='ocrx_word' id='word_1_304' title='bbox 943 2095 1250 2151; x_wconf 87' lang='lat' dir='ltr'>damnabit</span> <span class='ocrx_word' id='word_1_305' title='bbox 1267 2095 1402 2169; x_wconf 88' lang='lat' dir='ltr'>igne</span> <span class='ocrx_word' id='word_1_306' title='bbox 1423 2113 1540 2152; x_wconf 74' lang='lat' dir='ltr'>suae</span> <span class='ocrx_word' id='word_1_307' title='bbox 1567 2096 1886 2152; x_wconf 70' lang='lat' dir='ltr'>sententiis.</span> <span class='ocrx_word' id='word_1_308' title='bbox 1905 2120 1934 2148; x_wconf 80' lang='grc' dir='ltr'><strong>(ι</strong></span> <span class='ocrx_word' id='word_1_309' title='bbox 1953 2099 2070 2153; x_wconf 85' lang='lat' dir='ltr'>Aut</span> 
     </span>
    </p>
   </div>
   <div class='ocr_carea' id='block_1_35' title="bbox 407 2181 2066 2257">
    <p class='ocr_par' dir='ltr' id='par_1_35' title="bbox 407 2181 2066 2257">
     <span class='ocr_line' id='line_1_35' title="bbox 407 2181 2066 2257; baseline 0 -21"><span class='ocrx_word' id='word_1_310' title='bbox 407 2181 545 2254; x_wconf 87' lang='lat' dir='ltr'>quis</span> <span class='ocrx_word' id='word_1_311' title='bbox 557 2181 848 2238; x_wconf 86' lang='lat' dir='ltr'>habitabit</span> <span class='ocrx_word' id='word_1_312' title='bbox 864 2200 931 2238; x_wconf 81' lang='lat' dir='ltr'>ex</span> <span class='ocrx_word' id='word_1_313' title='bbox 943 2184 1108 2240; x_wconf 89' lang='lat' dir='ltr'>vobis</span> <span class='ocrx_word' id='word_1_314' title='bbox 1129 2200 1264 2239; x_wconf 91' lang='lat' dir='ltr'>cum</span> <span class='ocrx_word' id='word_1_315' title='bbox 1289 2185 1598 2240; x_wconf 90' lang='lat' dir='ltr'>ardoribus</span> <span class='ocrx_word' id='word_1_316' title='bbox 1619 2185 2066 2257; x_wconf 70' lang='lat' dir='ltr'>sempiternis?»</span> 
     </span>
    </p>
   </div>
   <div class='ocr_carea' id='block_1_36' title="bbox 407 2271 2069 2346">
    <p class='ocr_par' dir='ltr' id='par_1_36' title="bbox 407 2271 2069 2346">
     <span class='ocr_line' id='line_1_36' title="bbox 407 2271 2069 2346; baseline 0.004 -21"><span class='ocrx_word' id='word_1_317' title='bbox 407 2271 606 2326; x_wconf 79' lang='lat' dir='ltr'>Ardor</span> <span class='ocrx_word' id='word_1_318' title='bbox 631 2271 788 2327; x_wconf 87' lang='lat' dir='ltr'>Deus</span> <span class='ocrx_word' id='word_1_319' title='bbox 817 2271 1189 2342; x_wconf 89' lang='lat' dir='ltr'>omnipotens</span> <span class='ocrx_word' id='word_1_320' title='bbox 1210 2277 1319 2339; x_wconf 89' lang='lat' dir='ltr'>est,</span> <span class='ocrx_word' id='word_1_321' title='bbox 1353 2273 1496 2344; x_wconf 89' lang='lat' dir='ltr'>quia</span> <span class='ocrx_word' id='word_1_322' title='bbox 1541 2273 1664 2346; x_wconf 85' lang='lat' dir='ltr'>ipse</span> <span class='ocrx_word' id='word_1_323' title='bbox 1695 2275 1835 2330; x_wconf 80' lang='lat' dir='ltr'>facit</span> <span class='ocrx_word' id='word_1_324' title='bbox 1863 2275 2069 2331; x_wconf 86' lang='lat' dir='ltr'>ardere</span> 
     </span>
    </p>
   </div>
   <div class='ocr_carea' id='block_1_37' title="bbox 413 2359 2069 2433">
    <p class='ocr_par' dir='ltr' id='par_1_37' title="bbox 413 2359 2069 2433">
     <span class='ocr_line' id='line_1_37' title="bbox 413 2359 2069 2433; baseline 0.004 -20"><span class='ocrx_word' id='word_1_325' title='bbox 413 2359 593 2414; x_wconf 91' lang='lat' dir='ltr'>corda</span> <span class='ocrx_word' id='word_1_326' title='bbox 623 2359 940 2414; x_wconf 89' lang='lat' dir='ltr'>electorum</span> <span class='ocrx_word' id='word_1_327' title='bbox 965 2364 1022 2414; x_wconf 88' lang='lat' dir='ltr'>et</span> <span class='ocrx_word' id='word_1_328' title='bbox 1050 2376 1309 2416; x_wconf 89' lang='lat' dir='ltr'>amorem</span> <span class='ocrx_word' id='word_1_329' title='bbox 1333 2366 1596 2426; x_wconf 89' lang='lat' dir='ltr'>suum,et</span> <span class='ocrx_word' id='word_1_330' title='bbox 1615 2362 1739 2433; x_wconf 90' lang='lat' dir='ltr'>ipse</span> <span class='ocrx_word' id='word_1_331' title='bbox 1759 2365 2069 2420; x_wconf 84' lang='lat' dir='ltr'>consumet</span> 
     </span>
    </p>
   </div>
   <div class='ocr_carea' id='block_1_38' title="bbox 411 2445 1779 2521">
    <p class='ocr_par' dir='ltr' id='par_1_38' title="bbox 411 2445 1779 2521">
     <span class='ocr_line' id='line_1_38' title="bbox 411 2445 1779 2521; baseline 0.001 -19"><span class='ocrx_word' id='word_1_332' title='bbox 411 2451 649 2520; x_wconf 85' lang='lat' dir='ltr'>peccata</span> <span class='ocrx_word' id='word_1_333' title='bbox 677 2447 1087 2519; x_wconf 74' lang='lat' dir='ltr'>pmnitentium</span> <span class='ocrx_word' id='word_1_334' title='bbox 1117 2445 1251 2520; x_wconf 89' lang='lat' dir='ltr'>igne</span> <span class='ocrx_word' id='word_1_335' title='bbox 1283 2449 1471 2504; x_wconf 86' lang='lat' dir='ltr'>sancti</span> <span class='ocrx_word' id='word_1_336' title='bbox 1502 2448 1779 2521; x_wconf 83' lang='lat' dir='ltr'>Spiritus.</span> 
     </span>
    </p>
   </div>
   <div class='ocr_carea' id='block_1_39' title="bbox 481 2533 2065 2612">
    <p class='ocr_par' dir='ltr' id='par_1_39' title="bbox 481 2533 2065 2612">
     <span class='ocr_line' id='line_1_39' title="bbox 481 2533 2065 2612; baseline 0.004 -24"><span class='ocrx_word' id='word_1_337' title='bbox 481 2559 510 2586; x_wconf 85' lang='grc'>‹‹</span> <span class='ocrx_word' id='word_1_338' title='bbox 537 2533 648 2600; x_wconf 85' lang='lat' dir='ltr'>Qui</span> <span class='ocrx_word' id='word_1_339' title='bbox 670 2533 935 2590; x_wconf 86' lang='lat' dir='ltr'>ambulat</span> <span class='ocrx_word' id='word_1_340' title='bbox 967 2533 1024 2589; x_wconf 90' lang='lat' dir='ltr'>in</span> <span class='ocrx_word' id='word_1_341' title='bbox 1048 2534 1320 2606; x_wconf 86' lang='lat' dir='ltr'>justitiis,</span> <span class='ocrx_word' id='word_1_342' title='bbox 1353 2559 1381 2588; x_wconf 91' lang='lat'>»</span> <span class='ocrx_word' id='word_1_343' title='bbox 1415 2537 1525 2594; x_wconf 90' lang='lat' dir='ltr'>hoc</span> <span class='ocrx_word' id='word_1_344' title='bbox 1553 2542 1664 2607; x_wconf 89' lang='lat' dir='ltr'>est,</span> <span class='ocrx_word' id='word_1_345' title='bbox 1699 2539 1800 2612; x_wconf 91' lang='lat' dir='ltr'>qui</span> <span class='ocrx_word' id='word_1_346' title='bbox 1832 2541 2065 2612; x_wconf 85' lang='lat' dir='ltr'>proﬁcit</span> 
     </span>
    </p>
   </div>
   <div class='ocr_carea' id='block_1_40' title="bbox 412 2622 2066 2696">
    <p class='ocr_par' dir='ltr' id='par_1_40' title="bbox 412 2622 2066 2696">
     <span class='ocr_line' id='line_1_40' title="bbox 412 2622 2066 2696; baseline 0.003 -17"><span class='ocrx_word' id='word_1_347' title='bbox 412 2623 474 2679; x_wconf 81' lang='lat' dir='ltr'>in</span> <span class='ocrx_word' id='word_1_348' title='bbox 501 2622 876 2690; x_wconf 74' lang='lat' dir='ltr'>virtutibus,«</span> <span class='ocrx_word' id='word_1_349' title='bbox 899 2628 956 2678; x_wconf 89' lang='lat' dir='ltr'>et</span> <span class='ocrx_word' id='word_1_350' title='bbox 983 2622 1248 2696; x_wconf 90' lang='lat' dir='ltr'>loquitur</span> <span class='ocrx_word' id='word_1_351' title='bbox 1269 2625 1632 2694; x_wconf 80' lang='lat' dir='ltr'>veritatem,»</span> <span class='ocrx_word' id='word_1_352' title='bbox 1658 2627 1944 2685; x_wconf 86' lang='lat' dir='ltr'>subaudis</span> <span class='ocrx_word' id='word_1_353' title='bbox 1965 2627 2066 2696; x_wconf 80' lang='lat' dir='ltr'>ille</span> 
     </span>
    </p>
   </div>
   <div class='ocr_carea' id='block_1_41' title="bbox 413 2712 2064 2790">
    <p class='ocr_par' dir='ltr' id='par_1_41' title="bbox 413 2712 2064 2790">
     <span class='ocr_line' id='line_1_41' title="bbox 413 2712 2064 2790; baseline 0.004 -22"><span class='ocrx_word' id='word_1_354' title='bbox 413 2712 626 2786; x_wconf 68' lang='lat' dir='ltr'>putarit</span> <span class='ocrx_word' id='word_1_355' title='bbox 652 2713 919 2770; x_wconf 84' lang='lat' dir='ltr'>habitare</span> <span class='ocrx_word' id='word_1_356' title='bbox 949 2729 1084 2770; x_wconf 86' lang='lat' dir='ltr'>cum</span> <span class='ocrx_word' id='word_1_357' title='bbox 1134 2713 1270 2770; x_wconf 90' lang='lat' dir='ltr'>Deo.</span> <span class='ocrx_word' id='word_1_358' title='bbox 1302 2714 1545 2772; x_wconf 87' lang='lat' dir='ltr'>Justitia</span> <span class='ocrx_word' id='word_1_359' title='bbox 1575 2720 1666 2773; x_wconf 89' lang='lat' dir='ltr'>est</span> <span class='ocrx_word' id='word_1_360' title='bbox 1706 2718 1874 2786; x_wconf 80' lang='lat' dir='ltr'>fides,</span> <span class='ocrx_word' id='word_1_361' title='bbox 1907 2735 2064 2790; x_wconf 86' lang='lat' dir='ltr'>spes,</span> 
     </span>
    </p>
   </div>
   <div class='ocr_carea' id='block_1_42' title="bbox 412 2801 2064 2877">
    <p class='ocr_par' dir='ltr' id='par_1_42' title="bbox 412 2801 2064 2877">
     <span class='ocr_line' id='line_1_42' title="bbox 412 2801 2064 2877; baseline 0.002 -19"><span class='ocrx_word' id='word_1_362' title='bbox 412 2801 1046 2875; x_wconf 72' lang='lat' dir='ltr'>charitas,caateraeque</span> <span class='ocrx_word' id='word_1_363' title='bbox 1069 2802 1314 2860; x_wconf 86' lang='lat' dir='ltr'>virtutes</span> <span class='ocrx_word' id='word_1_364' title='bbox 1346 2821 1472 2876; x_wconf 67' lang='lat' dir='ltr'>quae</span> <span class='ocrx_word' id='word_1_365' title='bbox 1503 2805 1562 2859; x_wconf 90' lang='lat' dir='ltr'>in</span> <span class='ocrx_word' id='word_1_366' title='bbox 1586 2804 1821 2877; x_wconf 88' lang='lat' dir='ltr'>justitia</span> <span class='ocrx_word' id='word_1_367' title='bbox 1841 2806 2064 2862; x_wconf 56' lang='lat' dir='ltr'>censis.</span> 
     </span>
    </p>
   </div>
   <div class='ocr_carea' id='block_1_43' title="bbox 413 2891 2062 2963">
    <p class='ocr_par' dir='ltr' id='par_1_43' title="bbox 413 2891 2062 2963">
     <span class='ocr_line' id='line_1_43' title="bbox 413 2891 2062 2963; baseline 0.001 -17"><span class='ocrx_word' id='word_1_368' title='bbox 413 2893 567 2946; x_wconf 76' lang='lat' dir='ltr'>t&#39;utit.</span> <span class='ocrx_word' id='word_1_369' title='bbox 603 2891 788 2963; x_wconf 80' lang='lat' dir='ltr'>Loqui</span> <span class='ocrx_word' id='word_1_370' title='bbox 817 2892 1120 2949; x_wconf 81' lang='lat' dir='ltr'>veritatem</span> <span class='ocrx_word' id='word_1_371' title='bbox 1147 2896 1261 2962; x_wconf 90' lang='lat' dir='ltr'>est,</span> <span class='ocrx_word' id='word_1_372' title='bbox 1275 2910 1390 2948; x_wconf 91' lang='lat' dir='ltr'>non</span> <span class='ocrx_word' id='word_1_373' title='bbox 1422 2911 1556 2949; x_wconf 90' lang='lat' dir='ltr'>cum</span> <span class='ocrx_word' id='word_1_374' title='bbox 1589 2893 1721 2949; x_wconf 91' lang='lat' dir='ltr'>dolo</span> <span class='ocrx_word' id='word_1_375' title='bbox 1751 2896 1810 2948; x_wconf 90' lang='lat' dir='ltr'>et</span> <span class='ocrx_word' id='word_1_376' title='bbox 1837 2894 2062 2962; x_wconf 81' lang='lat' dir='ltr'>fraude,</span> 
     </span>
    </p>
   </div>
   <div class='ocr_carea' id='block_1_44' title="bbox 413 2979 2064 3052">
    <p class='ocr_par' dir='ltr' id='par_1_44' title="bbox 413 2979 2064 3052">
     <span class='ocr_line' id='line_1_44' title="bbox 413 2979 2064 3052; baseline 0.001 -17"><span class='ocrx_word' id='word_1_377' title='bbox 413 2979 516 3035; x_wconf 87' lang='lat' dir='ltr'>sed</span> <span class='ocrx_word' id='word_1_378' title='bbox 537 2995 672 3034; x_wconf 88' lang='lat' dir='ltr'>cum</span> <span class='ocrx_word' id='word_1_379' title='bbox 699 2979 819 3044; x_wconf 84' lang='lat' dir='ltr'>&#39;ﬁde</span> <span class='ocrx_word' id='word_1_380' title='bbox 849 2985 1026 3036; x_wconf 82' lang='lat' dir='ltr'>recta.</span> <span class='ocrx_word' id='word_1_381' title='bbox 1061 3004 1088 3030; x_wconf 86' lang='grc'><em>‹‹</em></span> <span class='ocrx_word' id='word_1_382' title='bbox 1122 2980 1230 3046; x_wconf 88' lang='lat' dir='ltr'>Qui</span> <span class='ocrx_word' id='word_1_383' title='bbox 1263 2981 1498 3052; x_wconf 89' lang='lat' dir='ltr'>projioit</span> <span class='ocrx_word' id='word_1_384' title='bbox 1525 2980 1828 3037; x_wconf 85' lang='lat' dir='ltr'>avaritiam</span> <span class='ocrx_word' id='word_1_385' title='bbox 1859 2998 1928 3036; x_wconf 81' lang='lat' dir='ltr'>ex</span> <span class='ocrx_word' id='word_1_386' title='bbox 1961 2998 2064 3037; x_wconf 85' lang='lat' dir='ltr'>ca-</span> 
     </span>
    </p>
   </div>
   <div class='ocr_carea' id='block_1_45' title="bbox 411 3065 2061 3132">
    <p class='ocr_par' dir='ltr' id='par_1_45' title="bbox 411 3065 2061 3132">
     <span class='ocr_line' id='line_1_45' title="bbox 411 3065 2061 3132; baseline -0.001 -10"><span class='ocrx_word' id='word_1_387' title='bbox 411 3065 662 3132; x_wconf 80' lang='lat' dir='ltr'>lumnia,</span> <span class='ocrx_word' id='word_1_388' title='bbox 693 3071 752 3122; x_wconf 87' lang='lat' dir='ltr'>et</span> <span class='ocrx_word' id='word_1_389' title='bbox 781 3069 999 3124; x_wconf 80' lang='lat' dir='ltr'>excutit</span> <span class='ocrx_word' id='word_1_390' title='bbox 1030 3081 1242 3124; x_wconf 86' lang='lat' dir='ltr'>manus</span> <span class='ocrx_word' id='word_1_391' title='bbox 1274 3085 1413 3124; x_wconf 90' lang='lat' dir='ltr'>suas</span> <span class='ocrx_word' id='word_1_392' title='bbox 1440 3069 1512 3123; x_wconf 88' lang='lat' dir='ltr'>ab</span> <span class='ocrx_word' id='word_1_393' title='bbox 1543 3067 1702 3123; x_wconf 91' lang='lat' dir='ltr'>omni</span> <span class='ocrx_word' id='word_1_394' title='bbox 1733 3085 1999 3126; x_wconf 88' lang='lat' dir='ltr'>munere.</span> <span class='ocrx_word' id='word_1_395' title='bbox 2032 3093 2061 3122; x_wconf 81' lang='grc'><strong>››</strong></span> 
     </span>
    </p>
   </div>
   <div class='ocr_carea' id='block_1_46' title="bbox 2177 1828 3840 1904">
    <p class='ocr_par' dir='ltr' id='par_1_46' title="bbox 2177 1828 3840 1904">
     <span class='ocr_line' id='line_1_46' title="bbox 2177 1828 3840 1904; baseline 0 -18"><span class='ocrx_word' id='word_1_396' title='bbox 2177 1829 2396 1886; x_wconf 76' lang='lat' dir='ltr'>caelesti</span> <span class='ocrx_word' id='word_1_397' title='bbox 2417 1829 2806 1898; x_wconf 83' lang='lat' dir='ltr'>Hierusalem,</span> <span class='ocrx_word' id='word_1_398' title='bbox 2826 1845 3018 1902; x_wconf 87' lang='lat' dir='ltr'>neque</span> <span class='ocrx_word' id='word_1_399' title='bbox 3037 1828 3325 1903; x_wconf 85' lang='lat' dir='ltr'>populum</span> <span class='ocrx_word' id='word_1_400' title='bbox 3355 1829 3456 1887; x_wconf 83' lang='lat' dir='ltr'>alti</span> <span class='ocrx_word' id='word_1_401' title='bbox 3483 1834 3543 1887; x_wconf 87' lang='lat' dir='ltr'>et</span> <span class='ocrx_word' id='word_1_402' title='bbox 3558 1831 3840 1904; x_wconf 82' lang='lat' dir='ltr'>profundi</span> 
     </span>
    </p>
   </div>
   <div class='ocr_carea' id='block_1_47' title="bbox 2175 1918 3839 1993">
    <p class='ocr_par' dir='ltr' id='par_1_47' title="bbox 2175 1918 3839 1993">
     <span class='ocr_line' id='line_1_47' title="bbox 2175 1918 3839 1993; baseline -0.001 -17"><span class='ocrx_word' id='word_1_403' title='bbox 2175 1919 2469 1977; x_wconf 89' lang='lat' dir='ltr'>sermonis</span> <span class='ocrx_word' id='word_1_404' title='bbox 2497 1919 2726 1975; x_wconf 85' lang='lat' dir='ltr'>videbis</span> <span class='ocrx_word' id='word_1_405' title='bbox 2758 1918 2861 1988; x_wconf 89' lang='lat' dir='ltr'>ibi,</span> <span class='ocrx_word' id='word_1_406' title='bbox 2895 1919 2980 1975; x_wconf 89' lang='lat' dir='ltr'>ita</span> <span class='ocrx_word' id='word_1_407' title='bbox 3008 1922 3074 1974; x_wconf 87' lang='lat' dir='ltr'>ut</span> <span class='ocrx_word' id='word_1_408' title='bbox 3101 1933 3217 1976; x_wconf 88' lang='lat' dir='ltr'>non</span> <span class='ocrx_word' id='word_1_409' title='bbox 3261 1919 3460 1992; x_wconf 88' lang='lat' dir='ltr'>possis</span> <span class='ocrx_word' id='word_1_410' title='bbox 3506 1919 3839 1993; x_wconf 62' lang='lat' dir='ltr'>intelligam</span> 
     </span>
    </p>
   </div>
   <div class='ocr_carea' id='block_1_48' title="bbox 2173 2006 3842 2082">
    <p class='ocr_par' dir='ltr' id='par_1_48' title="bbox 2173 2006 3842 2082">
     <span class='ocr_line' id='line_1_48' title="bbox 2173 2006 3842 2082; baseline 0.001 -17"><span class='ocrx_word' id='word_1_411' title='bbox 2173 2006 2648 2065; x_wconf 84' lang='lat' dir='ltr'>disertitudinem</span> <span class='ocrx_word' id='word_1_412' title='bbox 2679 2007 2896 2080; x_wconf 81' lang='lat' dir='ltr'>linguae</span> <span class='ocrx_word' id='word_1_413' title='bbox 2927 2008 3078 2082; x_wconf 89' lang='lat' dir='ltr'>ejus.</span> <span class='ocrx_word' id='word_1_414' title='bbox 3111 2030 3140 2058; x_wconf 83' lang='lat'>«</span> <span class='ocrx_word' id='word_1_415' title='bbox 3175 2010 3240 2067; x_wconf 88' lang='lat' dir='ltr'>In</span> <span class='ocrx_word' id='word_1_416' title='bbox 3271 2008 3389 2082; x_wconf 84' lang='lat' dir='ltr'>quo</span> <span class='ocrx_word' id='word_1_417' title='bbox 3422 2032 3452 2058; x_wconf 90' lang='lat'>»</span> <span class='ocrx_word' id='word_1_418' title='bbox 3483 2009 3842 2067; x_wconf 74' lang='lat' dir='ltr'>subauditur</span> 
     </span>
    </p>
   </div>
   <div class='ocr_carea' id='block_1_49' title="bbox 2175 2094 3838 2171">
    <p class='ocr_par' dir='ltr' id='par_1_49' title="bbox 2175 2094 3838 2171">
     <span class='ocr_line' id='line_1_49' title="bbox 2175 2094 3838 2171; baseline 0.002 -18"><span class='ocrx_word' id='word_1_419' title='bbox 2175 2097 2524 2170; x_wconf 83' lang='lat' dir='ltr'>philosopho</span> <span class='ocrx_word' id='word_1_420' title='bbox 2545 2094 2632 2152; x_wconf 88' lang='lat' dir='ltr'>vel</span> <span class='ocrx_word' id='word_1_421' title='bbox 2663 2097 2864 2170; x_wconf 87' lang='lat' dir='ltr'>gentili</span> <span class='ocrx_word' id='word_1_422' title='bbox 2893 2119 2923 2148; x_wconf 87' lang='grc'><em>‹‹</em></span> <span class='ocrx_word' id='word_1_423' title='bbox 2946 2105 3062 2154; x_wconf 85' lang='lat' dir='ltr'>nou</span> <span class='ocrx_word' id='word_1_424' title='bbox 3085 2101 3176 2154; x_wconf 89' lang='lat' dir='ltr'>est</span> <span class='ocrx_word' id='word_1_425' title='bbox 3201 2099 3493 2171; x_wconf 81' lang='lat' dir='ltr'>sapientia</span> <span class='ocrx_word' id='word_1_426' title='bbox 3507 2115 3706 2156; x_wconf 78' lang='lat' dir='ltr'>vera.»</span> <span class='ocrx_word' id='word_1_427' title='bbox 3735 2099 3838 2157; x_wconf 84' lang='lat' dir='ltr'>Po-</span> 
     </span>
    </p>
   </div>
   <div class='ocr_carea' id='block_1_50' title="bbox 2177 2186 3834 2260">
    <p class='ocr_par' dir='ltr' id='par_1_50' title="bbox 2177 2186 3834 2260">
     <span class='ocr_line' id='line_1_50' title="bbox 2177 2186 3834 2260; baseline 0.001 -18"><span class='ocrx_word' id='word_1_428' title='bbox 2177 2187 2384 2260; x_wconf 87' lang='lat' dir='ltr'>pulum</span> <span class='ocrx_word' id='word_1_429' title='bbox 2417 2187 2820 2260; x_wconf 86' lang='lat' dir='ltr'>impudentem</span> <span class='ocrx_word' id='word_1_430' title='bbox 2869 2191 3040 2244; x_wconf 86' lang='lat' dir='ltr'>vocat</span> <span class='ocrx_word' id='word_1_431' title='bbox 3085 2186 3405 2256; x_wconf 85' lang='lat' dir='ltr'>Platonem,</span> <span class='ocrx_word' id='word_1_432' title='bbox 3437 2187 3834 2254; x_wconf 69' lang='lat' dir='ltr'>Aristetelem,</span> 
     </span>
    </p>
   </div>
   <div class='ocr_carea' id='block_1_51' title="bbox 2173 2268 3837 2348">
    <p class='ocr_par' dir='ltr' id='par_1_51' title="bbox 2173 2268 3837 2348">
     <span class='ocr_line' id='line_1_51' title="bbox 2173 2268 3837 2348; baseline 0.002 -18"><span class='ocrx_word' id='word_1_433' title='bbox 2173 2277 2531 2347; x_wconf 67' lang='lat' dir='ltr'>czsterosque</span> <span class='ocrx_word' id='word_1_434' title='bbox 2561 2275 2828 2346; x_wconf 86' lang='lat' dir='ltr'>gentium</span> <span class='ocrx_word' id='word_1_435' title='bbox 2851 2268 3360 2348; x_wconf 70' lang='lat' dir='ltr'>philosophus,qui</span> <span class='ocrx_word' id='word_1_436' title='bbox 3377 2276 3837 2334; x_wconf 80' lang='lat' dir='ltr'>inverecundose</span> 
     </span>
    </p>
   </div>
   <div class='ocr_carea' id='block_1_52' title="bbox 2175 2362 3833 2438">
    <p class='ocr_par' dir='ltr' id='par_1_52' title="bbox 2175 2362 3833 2438">
     <span class='ocr_line' id='line_1_52' title="bbox 2175 2362 3833 2438; baseline 0.002 -20"><span class='ocrx_word' id='word_1_437' title='bbox 2175 2363 2540 2418; x_wconf 87' lang='lat' dir='ltr'>miscuerunt</span> <span class='ocrx_word' id='word_1_438' title='bbox 2555 2362 2703 2418; x_wconf 89' lang='lat' dir='ltr'>falsa</span> <span class='ocrx_word' id='word_1_439' title='bbox 2715 2363 3181 2421; x_wconf 87' lang='lat' dir='ltr'>veris.Similiter</span> <span class='ocrx_word' id='word_1_440' title='bbox 3198 2364 3484 2438; x_wconf 84' lang='lat' dir='ltr'>populum</span> <span class='ocrx_word' id='word_1_441' title='bbox 3498 2365 3833 2422; x_wconf 83' lang='lat' dir='ltr'>altitudinis</span> 
     </span>
    </p>
   </div>
   <div class='ocr_carea' id='block_1_53' title="bbox 2175 2449 3832 2527">
    <p class='ocr_par' dir='ltr' id='par_1_53' title="bbox 2175 2449 3832 2527">
     <span class='ocr_line' id='line_1_53' title="bbox 2175 2449 3832 2527; baseline 0.002 -20"><span class='ocrx_word' id='word_1_442' title='bbox 2175 2451 2486 2508; x_wconf 87' lang='lat' dir='ltr'>habentem</span> <span class='ocrx_word' id='word_1_443' title='bbox 2515 2451 2992 2508; x_wconf 80' lang='lat' dir='ltr'>disertitudinem</span> <span class='ocrx_word' id='word_1_444' title='bbox 3025 2449 3238 2526; x_wconf 65' lang='lat' dir='ltr'>linguae</span> <span class='ocrx_word' id='word_1_445' title='bbox 3268 2451 3530 2526; x_wconf 79' lang='lat' dir='ltr'>appellat</span> <span class='ocrx_word' id='word_1_446' title='bbox 3570 2455 3832 2527; x_wconf 71' lang='lat' dir='ltr'>philosoo</span> 
     </span>
    </p>
   </div>
   <div class='ocr_carea' id='block_1_54' title="bbox 2175 2537 3833 2616">
    <p class='ocr_par' dir='ltr' id='par_1_54' title="bbox 2175 2537 3833 2616">
     <span class='ocr_line' id='line_1_54' title="bbox 2175 2537 3833 2616; baseline 0.002 -20"><span class='ocrx_word' id='word_1_447' title='bbox 2175 2541 2324 2614; x_wconf 88' lang='lat' dir='ltr'>phos</span> <span class='ocrx_word' id='word_1_448' title='bbox 2352 2540 2624 2598; x_wconf 67' lang='lat' dir='ltr'>humanas</span> <span class='ocrx_word' id='word_1_449' title='bbox 2655 2541 2976 2612; x_wconf 69' lang='lat' dir='ltr'>sapientiae,</span> <span class='ocrx_word' id='word_1_450' title='bbox 3011 2537 3112 2614; x_wconf 90' lang='lat' dir='ltr'>qui</span> <span class='ocrx_word' id='word_1_451' title='bbox 3160 2540 3378 2598; x_wconf 73' lang='lat' dir='ltr'>diserte</span> <span class='ocrx_word' id='word_1_452' title='bbox 3422 2545 3483 2598; x_wconf 84' lang='lat' dir='ltr'>et</span> <span class='ocrx_word' id='word_1_453' title='bbox 3527 2542 3720 2616; x_wconf 78' lang='lat' dir='ltr'>polite</span> <span class='ocrx_word' id='word_1_454' title='bbox 3747 2543 3833 2601; x_wconf 67' lang='grc' dir='ltr'>ιο.</span> 
     </span>
    </p>
   </div>
   <div class='ocr_carea' id='block_1_55' title="bbox 2173 2629 3832 2704">
    <p class='ocr_par' dir='ltr' id='par_1_55' title="bbox 2173 2629 3832 2704">
     <span class='ocr_line' id='line_1_55' title="bbox 2173 2629 3832 2704; baseline 0.003 -18"><span class='ocrx_word' id='word_1_455' title='bbox 2173 2629 2646 2704; x_wconf 86' lang='lat' dir='ltr'>quuntur,aliqui</span> <span class='ocrx_word' id='word_1_456' title='bbox 2669 2630 2998 2686; x_wconf 89' lang='lat' dir='ltr'>secundum</span> <span class='ocrx_word' id='word_1_457' title='bbox 3010 2629 3485 2704; x_wconf 82' lang='lat' dir='ltr'>Tullium,aliqui</span> <span class='ocrx_word' id='word_1_458' title='bbox 3500 2633 3832 2691; x_wconf 80' lang='lat' dir='ltr'>secundum</span> 
     </span>
    </p>
   </div>
   <div class='ocr_carea' id='block_1_56' title="bbox 2172 2717 3836 2793">
    <p class='ocr_par' dir='ltr' id='par_1_56' title="bbox 2172 2717 3836 2793">
     <span class='ocr_line' id='line_1_56' title="bbox 2172 2717 3836 2793; baseline 0.002 -19"><span class='ocrx_word' id='word_1_459' title='bbox 2172 2717 2566 2788; x_wconf 85' lang='lat' dir='ltr'>Aristotelem,</span> <span class='ocrx_word' id='word_1_460' title='bbox 2631 2718 2730 2791; x_wconf 90' lang='lat' dir='ltr'>qui</span> <span class='ocrx_word' id='word_1_461' title='bbox 2767 2719 3205 2776; x_wconf 75' lang='lat' dir='ltr'>tantummodo</span> <span class='ocrx_word' id='word_1_462' title='bbox 3258 2733 3535 2793; x_wconf 84' lang='lat' dir='ltr'>pompam</span> <span class='ocrx_word' id='word_1_463' title='bbox 3613 2721 3836 2780; x_wconf 82' lang='lat' dir='ltr'>habent</span> 
     </span>
    </p>
   </div>
   <div class='ocr_carea' id='block_1_57' title="bbox 2172 2805 3831 2882">
    <p class='ocr_par' dir='ltr' id='par_1_57' title="bbox 2172 2805 3831 2882">
     <span class='ocr_line' id='line_1_57' title="bbox 2172 2805 3831 2882; baseline 0.004 -20"><span class='ocrx_word' id='word_1_464' title='bbox 2172 2807 2508 2872; x_wconf 86' lang='lat' dir='ltr'>verborum,</span> <span class='ocrx_word' id='word_1_465' title='bbox 2542 2822 2660 2862; x_wconf 90' lang='lat' dir='ltr'>non</span> <span class='ocrx_word' id='word_1_466' title='bbox 2691 2805 2998 2864; x_wconf 87' lang='lat' dir='ltr'>scientiam</span> <span class='ocrx_word' id='word_1_467' title='bbox 3027 2806 3356 2864; x_wconf 86' lang='lat' dir='ltr'>divinorum</span> <span class='ocrx_word' id='word_1_468' title='bbox 3387 2810 3831 2882; x_wconf 70' lang='lat' dir='ltr'>mysteriorum.</span> 
     </span>
    </p>
   </div>
   <div class='ocr_carea' id='block_1_58' title="bbox 2246 2895 3832 2968">
    <p class='ocr_par' dir='ltr' id='par_1_58' title="bbox 2246 2895 3832 2968">
     <span class='ocr_line' id='line_1_58' title="bbox 2246 2895 3832 2968; baseline 0.007 -23"><span class='ocrx_word' id='word_1_469' title='bbox 2246 2915 2274 2945; x_wconf 72' lang='grc' dir='ltr'><strong><em>α</em></strong></span> <span class='ocrx_word' id='word_1_470' title='bbox 2301 2895 2691 2968; x_wconf 84' lang='lat' dir='ltr'>RespiceSion</span> <span class='ocrx_word' id='word_1_471' title='bbox 2707 2895 3004 2952; x_wconf 87' lang='lat' dir='ltr'>civitatem</span> <span class='ocrx_word' id='word_1_472' title='bbox 3027 2896 3422 2953; x_wconf 84' lang='lat' dir='ltr'>solemnitatis</span> <span class='ocrx_word' id='word_1_473' title='bbox 3444 2902 3725 2955; x_wconf 66' lang='lat' dir='ltr'>nostras.»</span> <span class='ocrx_word' id='word_1_474' title='bbox 3744 2899 3832 2956; x_wconf 71' lang='grc' dir='ltr'>Αι-</span> 
     </span>
    </p>
   </div>
   <div class='ocr_carea' id='block_1_59' title="bbox 2179 2983 3836 3060">
    <p class='ocr_par' dir='ltr' id='par_1_59' title="bbox 2179 2983 3836 3060">
     <span class='ocr_line' id='line_1_59' title="bbox 2179 2983 3836 3060; baseline 0.004 -21"><span class='ocrx_word' id='word_1_475' title='bbox 2179 2983 2444 3058; x_wconf 82' lang='lat' dir='ltr'>loquitur</span> <span class='ocrx_word' id='word_1_476' title='bbox 2463 2983 2648 3040; x_wconf 86' lang='lat' dir='ltr'>Isalas</span> <span class='ocrx_word' id='word_1_477' title='bbox 2666 2983 2951 3057; x_wconf 82' lang='lat' dir='ltr'>propheta</span> <span class='ocrx_word' id='word_1_478' title='bbox 2961 2985 3197 3058; x_wconf 86' lang='lat' dir='ltr'>justum</span> <span class='ocrx_word' id='word_1_479' title='bbox 3217 2985 3292 3041; x_wconf 85' lang='lat' dir='ltr'>de</span> <span class='ocrx_word' id='word_1_480' title='bbox 3310 3001 3426 3058; x_wconf 89' lang='lat' dir='ltr'>quo</span> <span class='ocrx_word' id='word_1_481' title='bbox 3463 2997 3652 3060; x_wconf 84' lang='lat' dir='ltr'>supra</span> <span class='ocrx_word' id='word_1_482' title='bbox 3682 2987 3836 3045; x_wconf 83' lang='lat' dir='ltr'>loeu-</span> 
     </span>
    </p>
   </div>
   <div class='ocr_carea' id='block_1_60' title="bbox 2173 3073 3832 3150">
    <p class='ocr_par' dir='ltr' id='par_1_60' title="bbox 2173 3073 3832 3150">
     <span class='ocr_line' id='line_1_60' title="bbox 2173 3073 3832 3150; baseline 0.004 -22"><span class='ocrx_word' id='word_1_483' title='bbox 2173 3076 2270 3128; x_wconf 91' lang='lat' dir='ltr'>tus</span> <span class='ocrx_word' id='word_1_484' title='bbox 2299 3077 2480 3142; x_wconf 87' lang='lat' dir='ltr'>est,et</span> <span class='ocrx_word' id='word_1_485' title='bbox 2499 3073 2702 3146; x_wconf 83' lang='lat' dir='ltr'>jungit</span> <span class='ocrx_word' id='word_1_486' title='bbox 2731 3089 2793 3132; x_wconf 88' lang='lat' dir='ltr'>se</span> <span class='ocrx_word' id='word_1_487' title='bbox 2823 3089 3068 3131; x_wconf 88' lang='lat' dir='ltr'>numero</span> <span class='ocrx_word' id='word_1_488' title='bbox 3098 3073 3440 3142; x_wconf 79' lang='lat' dir='ltr'>electorum,</span> <span class='ocrx_word' id='word_1_489' title='bbox 3478 3073 3737 3150; x_wconf 74' lang='lat' dir='ltr'>loquens</span> <span class='ocrx_word' id='word_1_490' title='bbox 3763 3079 3832 3135; x_wconf 78' lang='lat' dir='ltr'>de</span> 
     </span>
    </p>
   </div>
   <div class='ocr_carea' id='block_1_61' title="bbox 409 3144 3828 3237">
    <p class='ocr_par' dir='ltr' id='par_1_61' title="bbox 409 3144 3828 3237">
     <span class='ocr_line' id='line_1_61' title="bbox 409 3144 3828 3237; baseline 0.005 -30"><span class='ocrx_word' id='word_1_491' title='bbox 409 3152 728 3208; x_wconf 85' lang='lat' dir='ltr'>Avaritiam</span> <span class='ocrx_word' id='word_1_492' title='bbox 743 3152 999 3224; x_wconf 89' lang='lat' dir='ltr'>appellat</span> <span class='ocrx_word' id='word_1_493' title='bbox 1011 3152 1392 3224; x_wconf 87' lang='lat' dir='ltr'>cupiditatem</span> <span class='ocrx_word' id='word_1_494' title='bbox 1408 3152 1960 3212; x_wconf 65' lang='lat' dir='ltr'>malamﬂalumnia</span> <span class='ocrx_word' id='word_1_495' title='bbox 1975 3161 2064 3214; x_wconf 82' lang='lat' dir='ltr'>est</span> <span class='ocrx_word' id='word_1_496' title='bbox 2093 3144 2146 3213; x_wconf 63' lang='grc' dir='ltr'>θ’</span> <span class='ocrx_word' id='word_1_497' title='bbox 2175 3144 2536 3218; x_wconf 86' lang='lat' dir='ltr'>Hierusalem</span> <span class='ocrx_word' id='word_1_498' title='bbox 2569 3144 2790 3218; x_wconf 64' lang='lat' dir='ltr'>omlesti</span> <span class='ocrx_word' id='word_1_499' title='bbox 2823 3176 2836 3218; x_wconf 71' lang='grc' dir='ltr'>ζ</span> <span class='ocrx_word' id='word_1_500' title='bbox 2871 3162 2915 3218; x_wconf 90' lang='lat'><strong>0</strong></span> <span class='ocrx_word' id='word_1_501' title='bbox 2936 3163 3124 3234; x_wconf 73' lang='lat' dir='ltr'>justo,</span> <span class='ocrx_word' id='word_1_502' title='bbox 3149 3161 3249 3220; x_wconf 81' lang='lat' dir='ltr'>cui</span> <span class='ocrx_word' id='word_1_503' title='bbox 3279 3144 3692 3237; x_wconf 70' lang='lat' dir='ltr'>supradictum</span> <span class='ocrx_word' id='word_1_504' title='bbox 3722 3171 3828 3234; x_wconf 83' lang='lat' dir='ltr'>est,</span> 
     </span>
    </p>
   </div>
   <div class='ocr_carea' id='block_1_62' title="bbox 412 3238 2065 3316">
    <p class='ocr_par' dir='ltr' id='par_1_62' title="bbox 412 3238 2065 3316">
     <span class='ocr_line' id='line_1_62' title="bbox 412 3238 2065 3316; baseline 0.004 -21"><span class='ocrx_word' id='word_1_505' title='bbox 412 3238 730 3308; x_wconf 80' lang='lat' dir='ltr'>aliquando</span> <span class='ocrx_word' id='word_1_506' title='bbox 743 3239 1040 3294; x_wconf 80' lang='lat' dir='ltr'>accusatio</span> <span class='ocrx_word' id='word_1_507' title='bbox 1063 3239 1350 3295; x_wconf 83' lang='lat' dir='ltr'>falsa.Sed</span> <span class='ocrx_word' id='word_1_508' title='bbox 1374 3240 1485 3296; x_wconf 88' lang='lat' dir='ltr'>isto</span> <span class='ocrx_word' id='word_1_509' title='bbox 1510 3241 1568 3296; x_wconf 88' lang='lat' dir='ltr'>in</span> <span class='ocrx_word' id='word_1_510' title='bbox 1593 3241 1719 3298; x_wconf 91' lang='lat' dir='ltr'>loco</span> <span class='ocrx_word' id='word_1_511' title='bbox 1733 3260 1837 3316; x_wconf 90' lang='lat' dir='ltr'>pro</span> <span class='ocrx_word' id='word_1_512' title='bbox 1849 3245 2065 3302; x_wconf 88' lang='lat' dir='ltr'>damno</span> 
     </span>
    </p>
   </div>
   <div class='ocr_carea' id='block_1_63' title="bbox 413 3323 2066 3400">
    <p class='ocr_par' dir='ltr' id='par_1_63' title="bbox 413 3323 2066 3400">
     <span class='ocr_line' id='line_1_63' title="bbox 413 3323 2066 3400; baseline 0.008 -23"><span class='ocrx_word' id='word_1_513' title='bbox 413 3323 672 3398; x_wconf 80' lang='lat' dir='ltr'>ponitur.</span> <span class='ocrx_word' id='word_1_514' title='bbox 695 3325 804 3390; x_wconf 85' lang='lat' dir='ltr'>Qui</span> <span class='ocrx_word' id='word_1_515' title='bbox 833 3342 971 3398; x_wconf 91' lang='lat' dir='ltr'>ergo</span> <span class='ocrx_word' id='word_1_516' title='bbox 1003 3343 1118 3382; x_wconf 88' lang='lat' dir='ltr'>non</span> <span class='ocrx_word' id='word_1_517' title='bbox 1141 3327 1320 3383; x_wconf 89' lang='lat' dir='ltr'>habet</span> <span class='ocrx_word' id='word_1_518' title='bbox 1346 3328 1725 3400; x_wconf 87' lang='lat' dir='ltr'>cupiditatem</span> <span class='ocrx_word' id='word_1_519' title='bbox 1759 3333 1974 3390; x_wconf 89' lang='lat' dir='ltr'>malam</span> <span class='ocrx_word' id='word_1_520' title='bbox 1996 3352 2066 3391; x_wconf 81' lang='lat' dir='ltr'>ex</span> 
     </span>
    </p>
   </div>
   <div class='ocr_carea' id='block_1_64' title="bbox 415 3411 2063 3485">
    <p class='ocr_par' dir='ltr' id='par_1_64' title="bbox 415 3411 2063 3485">
     <span class='ocr_line' id='line_1_64' title="bbox 415 3411 2063 3485; baseline 0.007 -17"><span class='ocrx_word' id='word_1_521' title='bbox 415 3413 632 3468; x_wconf 89' lang='lat' dir='ltr'>damno</span> <span class='ocrx_word' id='word_1_522' title='bbox 662 3411 926 3485; x_wconf 86' lang='lat' dir='ltr'>alterius,</span> <span class='ocrx_word' id='word_1_523' title='bbox 945 3419 1002 3470; x_wconf 85' lang='lat' dir='ltr'>et</span> <span class='ocrx_word' id='word_1_524' title='bbox 1021 3415 1244 3470; x_wconf 82' lang='lat' dir='ltr'>excutit</span> <span class='ocrx_word' id='word_1_525' title='bbox 1264 3433 1475 3473; x_wconf 88' lang='lat' dir='ltr'>manus</span> <span class='ocrx_word' id='word_1_526' title='bbox 1497 3435 1639 3475; x_wconf 86' lang='lat' dir='ltr'>suas</span> <span class='ocrx_word' id='word_1_527' title='bbox 1656 3421 1729 3476; x_wconf 88' lang='lat' dir='ltr'>ab</span> <span class='ocrx_word' id='word_1_528' title='bbox 1749 3423 1910 3477; x_wconf 91' lang='lat' dir='ltr'>omni</span> <span class='ocrx_word' id='word_1_529' title='bbox 1933 3441 2063 3480; x_wconf 88' lang='lat' dir='ltr'>mu-</span> 
     </span>
    </p>
   </div>
   <div class='ocr_carea' id='block_1_65' title="bbox 417 3503 2064 3577">
    <p class='ocr_par' dir='ltr' id='par_1_65' title="bbox 417 3503 2064 3577">
     <span class='ocr_line' id='line_1_65' title="bbox 417 3503 2064 3577; baseline 0.009 -19"><span class='ocrx_word' id='word_1_530' title='bbox 417 3519 572 3570; x_wconf 87' lang='lat' dir='ltr'>nere,</span> <span class='ocrx_word' id='word_1_531' title='bbox 605 3503 892 3560; x_wconf 85' lang='lat' dir='ltr'>subaudis</span> <span class='ocrx_word' id='word_1_532' title='bbox 924 3503 1022 3560; x_wconf 92' lang='lat' dir='ltr'>ille</span> <span class='ocrx_word' id='word_1_533' title='bbox 1043 3505 1260 3577; x_wconf 89' lang='lat' dir='ltr'>poterit</span> <span class='ocrx_word' id='word_1_534' title='bbox 1289 3505 1553 3563; x_wconf 87' lang='lat' dir='ltr'>habitare</span> <span class='ocrx_word' id='word_1_535' title='bbox 1583 3526 1717 3566; x_wconf 89' lang='lat' dir='ltr'>cum</span> <span class='ocrx_word' id='word_1_536' title='bbox 1761 3511 1897 3566; x_wconf 91' lang='lat' dir='ltr'>Deo.</span> <span class='ocrx_word' id='word_1_537' title='bbox 1931 3513 2064 3572; x_wconf 91' lang='lat' dir='ltr'>Ideo</span> 
     </span>
    </p>
   </div>
   <div class='ocr_carea' id='block_1_66' title="bbox 416 3591 2064 3668">
    <p class='ocr_par' dir='ltr' id='par_1_66' title="bbox 416 3591 2064 3668">
     <span class='ocr_line' id='line_1_66' title="bbox 416 3591 2064 3668; baseline 0.006 -20"><span class='ocrx_word' id='word_1_538' title='bbox 416 3595 614 3648; x_wconf 85' lang='lat' dir='ltr'>autem</span> <span class='ocrx_word' id='word_1_539' title='bbox 633 3591 776 3648; x_wconf 88' lang='lat' dir='ltr'>dicit</span> <span class='ocrx_word' id='word_1_540' title='bbox 789 3593 862 3648; x_wconf 89' lang='lat' dir='ltr'>ab</span> <span class='ocrx_word' id='word_1_541' title='bbox 877 3593 1035 3650; x_wconf 90' lang='lat' dir='ltr'>omni</span> <span class='ocrx_word' id='word_1_542' title='bbox 1050 3595 1461 3668; x_wconf 88' lang='lat' dir='ltr'>munere,quia</span> <span class='ocrx_word' id='word_1_543' title='bbox 1481 3601 1574 3653; x_wconf 90' lang='lat' dir='ltr'>est</span> <span class='ocrx_word' id='word_1_544' title='bbox 1593 3615 1811 3656; x_wconf 88' lang='lat' dir='ltr'>munus</span> <span class='ocrx_word' id='word_1_545' title='bbox 1831 3617 1866 3656; x_wconf 90' lang='lat' dir='ltr'>a</span> <span class='ocrx_word' id='word_1_546' title='bbox 1885 3619 2064 3658; x_wconf 84' lang='lat' dir='ltr'>manu</span> 
     </span>
    </p>
   </div>
   <div class='ocr_carea' id='block_1_67' title="bbox 413 3679 2068 3751">
    <p class='ocr_par' dir='ltr' id='par_1_67' title="bbox 413 3679 2068 3751">
     <span class='ocr_line' id='line_1_67' title="bbox 413 3679 2068 3751; baseline 0.006 -15"><span class='ocrx_word' id='word_1_547' title='bbox 413 3682 473 3736; x_wconf 82' lang='lat' dir='ltr'>et</span> <span class='ocrx_word' id='word_1_548' title='bbox 501 3692 721 3735; x_wconf 85' lang='lat' dir='ltr'>munus</span> <span class='ocrx_word' id='word_1_549' title='bbox 749 3679 824 3734; x_wconf 91' lang='lat' dir='ltr'>ab</span> <span class='ocrx_word' id='word_1_550' title='bbox 851 3690 970 3736; x_wconf 81' lang='lat' dir='ltr'>Ore.</span> <span class='ocrx_word' id='word_1_551' title='bbox 991 3681 1207 3738; x_wconf 89' lang='lat' dir='ltr'>Munus</span> <span class='ocrx_word' id='word_1_552' title='bbox 1238 3699 1270 3738; x_wconf 91' lang='lat' dir='ltr'>a</span> <span class='ocrx_word' id='word_1_553' title='bbox 1302 3700 1504 3751; x_wconf 91' lang='lat' dir='ltr'>manu,</span> <span class='ocrx_word' id='word_1_554' title='bbox 1521 3688 1611 3740; x_wconf 89' lang='lat' dir='ltr'>est</span> <span class='ocrx_word' id='word_1_555' title='bbox 1629 3703 1665 3741; x_wconf 92' lang='lat' dir='ltr'>a</span> <span class='ocrx_word' id='word_1_556' title='bbox 1685 3687 1879 3744; x_wconf 89' lang='lat' dir='ltr'>dando</span> <span class='ocrx_word' id='word_1_557' title='bbox 1901 3693 1959 3745; x_wconf 92' lang='lat' dir='ltr'>et</span> <span class='ocrx_word' id='word_1_558' title='bbox 1979 3707 2068 3746; x_wconf 55' lang='lat' dir='ltr'>ac.</span> 
     </span>
    </p>
   </div>
   <div class='ocr_carea' id='block_1_68' title="bbox 413 3767 2064 3840">
    <p class='ocr_par' dir='ltr' id='par_1_68' title="bbox 413 3767 2064 3840">
     <span class='ocr_line' id='line_1_68' title="bbox 413 3767 2064 3840; baseline 0.007 -17"><span class='ocrx_word' id='word_1_559' title='bbox 413 3767 716 3840; x_wconf 79' lang='lat' dir='ltr'>cipiendo;</span> <span class='ocrx_word' id='word_1_560' title='bbox 751 3785 970 3826; x_wconf 90' lang='lat' dir='ltr'>munus</span> <span class='ocrx_word' id='word_1_561' title='bbox 999 3770 1073 3826; x_wconf 91' lang='lat' dir='ltr'>ab</span> <span class='ocrx_word' id='word_1_562' title='bbox 1104 3787 1201 3828; x_wconf 90' lang='lat' dir='ltr'>ore</span> <span class='ocrx_word' id='word_1_563' title='bbox 1230 3770 1360 3828; x_wconf 89' lang='lat' dir='ltr'>laus</span> <span class='ocrx_word' id='word_1_564' title='bbox 1383 3771 1643 3830; x_wconf 88' lang='lat' dir='ltr'>humana</span> <span class='ocrx_word' id='word_1_565' title='bbox 1659 3778 1720 3831; x_wconf 87' lang='lat' dir='ltr'>et</span> <span class='ocrx_word' id='word_1_566' title='bbox 1737 3776 1898 3832; x_wconf 81' lang='lat' dir='ltr'>favor</span> <span class='ocrx_word' id='word_1_567' title='bbox 1917 3777 2064 3834; x_wconf 83' lang='lat' dir='ltr'>nihil</span> 
     </span>
    </p>
   </div>
   <div class='ocr_carea' id='block_1_69' title="bbox 409 3859 2068 3932">
    <p class='ocr_par' dir='ltr' id='par_1_69' title="bbox 409 3859 2068 3932">
     <span class='ocr_line' id='line_1_69' title="bbox 409 3859 2068 3932; baseline 0.006 -18"><span class='ocrx_word' id='word_1_568' title='bbox 409 3859 744 3932; x_wconf 83' lang='lat' dir='ltr'>proﬁciens.</span> <span class='ocrx_word' id='word_1_569' title='bbox 767 3861 927 3928; x_wconf 71' lang='grc' dir='ltr'>«ζρυί</span> <span class='ocrx_word' id='word_1_570' title='bbox 961 3861 1199 3918; x_wconf 89' lang='lat' dir='ltr'>obturat</span> <span class='ocrx_word' id='word_1_571' title='bbox 1229 3878 1402 3918; x_wconf 89' lang='lat' dir='ltr'>aures</span> <span class='ocrx_word' id='word_1_572' title='bbox 1436 3880 1575 3919; x_wconf 84' lang='lat' dir='ltr'>suas</span> <span class='ocrx_word' id='word_1_573' title='bbox 1607 3881 1680 3920; x_wconf 89' lang='lat' dir='ltr'>ne</span> <span class='ocrx_word' id='word_1_574' title='bbox 1714 3865 1913 3922; x_wconf 89' lang='lat' dir='ltr'>audiat</span> <span class='ocrx_word' id='word_1_575' title='bbox 1935 3885 2068 3924; x_wconf 75' lang='lat' dir='ltr'>san-</span> 
     </span>
    </p>
   </div>
   <div class='ocr_carea' id='block_1_70' title="bbox 411 3947 2062 4023">
    <p class='ocr_par' dir='ltr' id='par_1_70' title="bbox 411 3947 2062 4023">
     <span class='ocr_line' id='line_1_70' title="bbox 411 3947 2062 4023; baseline 0.007 -22"><span class='ocrx_word' id='word_1_576' title='bbox 411 3947 681 4020; x_wconf 81' lang='lat' dir='ltr'>guinem,</span> <span class='ocrx_word' id='word_1_577' title='bbox 710 3971 738 3999; x_wconf 88' lang='lat'>»</span> <span class='ocrx_word' id='word_1_578' title='bbox 770 3949 828 4003; x_wconf 91' lang='lat' dir='ltr'>id</span> <span class='ocrx_word' id='word_1_579' title='bbox 853 3953 944 4006; x_wconf 91' lang='lat' dir='ltr'>est</span> <span class='ocrx_word' id='word_1_580' title='bbox 963 3967 1036 4005; x_wconf 91' lang='lat' dir='ltr'>no</span> <span class='ocrx_word' id='word_1_581' title='bbox 1071 3950 1400 4006; x_wconf 89' lang='lat' dir='ltr'>consentiat</span> <span class='ocrx_word' id='word_1_582' title='bbox 1417 3957 1725 4023; x_wconf 89' lang='lat' dir='ltr'>peccatum</span> <span class='ocrx_word' id='word_1_583' title='bbox 1745 3959 1803 4010; x_wconf 90' lang='lat' dir='ltr'>et</span> <span class='ocrx_word' id='word_1_584' title='bbox 1831 3973 1946 4012; x_wconf 89' lang='lat' dir='ltr'>non</span> <span class='ocrx_word' id='word_1_585' title='bbox 1979 3959 2062 4012; x_wconf 53' lang='lat' dir='ltr'>fa.</span> 
     </span>
    </p>
   </div>
   <div class='ocr_carea' id='block_1_71' title="bbox 413 4034 2062 4113">
    <p class='ocr_par' dir='ltr' id='par_1_71' title="bbox 413 4034 2062 4113">
     <span class='ocr_line' id='line_1_71' title="bbox 413 4034 2062 4113; baseline 0.004 -23"><span class='ocrx_word' id='word_1_586' title='bbox 413 4034 555 4102; x_wconf 81' lang='lat' dir='ltr'>aiat,</span> <span class='ocrx_word' id='word_1_587' title='bbox 587 4057 616 4086; x_wconf 78' lang='grc' dir='ltr'>α</span> <span class='ocrx_word' id='word_1_588' title='bbox 647 4040 708 4091; x_wconf 87' lang='lat' dir='ltr'>et</span> <span class='ocrx_word' id='word_1_589' title='bbox 734 4035 956 4092; x_wconf 89' lang='lat' dir='ltr'>claudit</span> <span class='ocrx_word' id='word_1_590' title='bbox 985 4038 1185 4095; x_wconf 90' lang='lat' dir='ltr'>oculos</span> <span class='ocrx_word' id='word_1_591' title='bbox 1235 4057 1376 4096; x_wconf 89' lang='lat' dir='ltr'>suos</span> <span class='ocrx_word' id='word_1_592' title='bbox 1426 4057 1498 4096; x_wconf 92' lang='lat' dir='ltr'>ne</span> <span class='ocrx_word' id='word_1_593' title='bbox 1537 4041 1732 4098; x_wconf 87' lang='lat' dir='ltr'>videat</span> <span class='ocrx_word' id='word_1_594' title='bbox 1762 4045 2006 4113; x_wconf 89' lang='lat' dir='ltr'>malum,</span> <span class='ocrx_word' id='word_1_595' title='bbox 2034 4066 2062 4097; x_wconf 70' lang='grc' dir='ltr'>ιο</span> 
     </span>
    </p>
   </div>
   <div class='ocr_carea' id='block_1_72' title="bbox 410 4121 2063 4202">
    <p class='ocr_par' dir='ltr' id='par_1_72' title="bbox 410 4121 2063 4202">
     <span class='ocr_line' id='line_1_72' title="bbox 410 4121 2063 4202; baseline 0.008 -25"><span class='ocrx_word' id='word_1_596' title='bbox 410 4121 643 4178; x_wconf 82' lang='lat' dir='ltr'>hcc&#39;est</span> <span class='ocrx_word' id='word_1_597' title='bbox 691 4123 792 4194; x_wconf 89' lang='lat' dir='ltr'>qui</span> <span class='ocrx_word' id='word_1_598' title='bbox 841 4125 1050 4180; x_wconf 81' lang='lat' dir='ltr'>a‘vertit</span> <span class='ocrx_word' id='word_1_599' title='bbox 1090 4125 1292 4184; x_wconf 90' lang='lat' dir='ltr'>oculos</span> <span class='ocrx_word' id='word_1_600' title='bbox 1340 4145 1375 4184; x_wconf 87' lang='lat' dir='ltr'>a</span> <span class='ocrx_word' id='word_1_601' title='bbox 1418 4130 1893 4202; x_wconf 87' lang='lat' dir='ltr'>concupiscentia</span> <span class='ocrx_word' id='word_1_602' title='bbox 1926 4134 2063 4192; x_wconf 89' lang='lat' dir='ltr'>:ille</span> 
     </span>
    </p>
   </div>
   <div class='ocr_carea' id='block_1_73' title="bbox 410 4207 1420 4280">
    <p class='ocr_par' dir='ltr' id='par_1_73' title="bbox 410 4207 1420 4280">
     <span class='ocr_line' id='line_1_73' title="bbox 410 4207 1420 4280; baseline 0.01 -18"><span class='ocrx_word' id='word_1_603' title='bbox 410 4207 550 4264; x_wconf 86' lang='lat' dir='ltr'>talis</span> <span class='ocrx_word' id='word_1_604' title='bbox 580 4209 796 4280; x_wconf 89' lang='lat' dir='ltr'>poterit</span> <span class='ocrx_word' id='word_1_605' title='bbox 823 4210 1086 4268; x_wconf 88' lang='lat' dir='ltr'>habitare</span> <span class='ocrx_word' id='word_1_606' title='bbox 1115 4231 1251 4270; x_wconf 90' lang='lat' dir='ltr'>cum</span> <span class='ocrx_word' id='word_1_607' title='bbox 1283 4215 1420 4272; x_wconf 91' lang='lat' dir='ltr'>Deo.</span> 
     </span>
    </p>
   </div>
   <div class='ocr_carea' id='block_1_74' title="bbox 484 4296 2060 4371">
    <p class='ocr_par' dir='ltr' id='par_1_74' title="bbox 484 4296 2060 4371">
     <span class='ocr_line' id='line_1_74' title="bbox 484 4296 2060 4371; baseline 0.011 -22"><span class='ocrx_word' id='word_1_608' title='bbox 484 4317 514 4349; x_wconf 67' lang='lat' dir='ltr'><strong>cc</strong></span> <span class='ocrx_word' id='word_1_609' title='bbox 540 4297 612 4352; x_wconf 86' lang='lat' dir='ltr'>Et</span> <span class='ocrx_word' id='word_1_610' title='bbox 638 4296 930 4355; x_wconf 85' lang='lat' dir='ltr'>habitabit</span> <span class='ocrx_word' id='word_1_611' title='bbox 959 4300 1020 4355; x_wconf 91' lang='lat' dir='ltr'>in</span> <span class='ocrx_word' id='word_1_612' title='bbox 1053 4301 1357 4371; x_wconf 81' lang='lat' dir='ltr'>excelsis,»</span> <span class='ocrx_word' id='word_1_613' title='bbox 1387 4302 1446 4358; x_wconf 90' lang='lat' dir='ltr'>id</span> <span class='ocrx_word' id='word_1_614' title='bbox 1479 4309 1570 4360; x_wconf 89' lang='lat' dir='ltr'>est</span> <span class='ocrx_word' id='word_1_615' title='bbox 1597 4306 1658 4361; x_wconf 91' lang='lat' dir='ltr'>in</span> <span class='ocrx_word' id='word_1_616' title='bbox 1689 4311 1905 4366; x_wconf 67' lang='lat' dir='ltr'>aeterna</span> <span class='ocrx_word' id='word_1_617' title='bbox 1935 4309 2060 4366; x_wconf 63' lang='lat' dir='ltr'>felio</span> 
     </span>
    </p>
   </div>
   <div class='ocr_carea' id='block_1_75' title="bbox 411 4383 2060 4472">
    <p class='ocr_par' dir='ltr' id='par_1_75' title="bbox 411 4383 2060 4472">
     <span class='ocr_line' id='line_1_75' title="bbox 411 4383 2060 4472; baseline 0.009 -31"><span class='ocrx_word' id='word_1_618' title='bbox 411 4383 586 4442; x_wconf 67' lang='lat' dir='ltr'>citate</span> <span class='ocrx_word' id='word_1_619' title='bbox 613 4387 1034 4446; x_wconf 79' lang='lat' dir='ltr'>eumChristo.</span> <span class='ocrx_word' id='word_1_620' title='bbox 1069 4388 1224 4448; x_wconf 86' lang='lat' dir='ltr'>Felix</span> <span class='ocrx_word' id='word_1_621' title='bbox 1253 4407 1510 4464; x_wconf 88' lang='lat' dir='ltr'>namque</span> <span class='ocrx_word' id='word_1_622' title='bbox 1537 4395 1917 4467; x_wconf 88' lang='lat' dir='ltr'>conscientia,</span> <span class='ocrx_word' id='word_1_623' title='bbox 1931 4415 2060 4472; x_wconf 70' lang='lat' dir='ltr'>qua:</span> 
     </span>
    </p>
   </div>
   <div class='ocr_carea' id='block_1_76' title="bbox 2175 3249 3829 3327">
    <p class='ocr_par' dir='ltr' id='par_1_76' title="bbox 2175 3249 3829 3327">
     <span class='ocr_line' id='line_1_76' title="bbox 2175 3249 3829 3327; baseline 0.003 -21"><span class='ocrx_word' id='word_1_624' title='bbox 2175 3265 2275 3306; x_wconf 88' lang='lat' dir='ltr'>eor</span> <span class='ocrx_word' id='word_1_625' title='bbox 2302 3255 2470 3306; x_wconf 90' lang='lat' dir='ltr'>tuum</span> <span class='ocrx_word' id='word_1_626' title='bbox 2505 3249 2897 3308; x_wconf 86' lang='lat' dir='ltr'>meditabitur</span> <span class='ocrx_word' id='word_1_627' title='bbox 2927 3251 3292 3321; x_wconf 84' lang='lat' dir='ltr'>timerem,et</span> <span class='ocrx_word' id='word_1_628' title='bbox 3314 3251 3606 3326; x_wconf 81' lang='lat' dir='ltr'>populum</span> <span class='ocrx_word' id='word_1_629' title='bbox 3636 3254 3829 3327; x_wconf 66' lang='lat' dir='ltr'>impuo</span> 
     </span>
    </p>
   </div>
   <div class='ocr_carea' id='block_1_77' title="bbox 2175 3339 3825 3413">
    <p class='ocr_par' dir='ltr' id='par_1_77' title="bbox 2175 3339 3825 3413">
     <span class='ocr_line' id='line_1_77' title="bbox 2175 3339 3825 3413; baseline 0.003 -18"><span class='ocrx_word' id='word_1_630' title='bbox 2175 3340 2408 3395; x_wconf 86' lang='lat' dir='ltr'>dentem</span> <span class='ocrx_word' id='word_1_631' title='bbox 2439 3355 2558 3396; x_wconf 86' lang='lat' dir='ltr'>non</span> <span class='ocrx_word' id='word_1_632' title='bbox 2590 3339 2816 3396; x_wconf 82' lang='lat' dir='ltr'>videbis</span> <span class='ocrx_word' id='word_1_633' title='bbox 2843 3357 2857 3396; x_wconf 91' lang='lat'><strong>:</strong></span> <span class='ocrx_word' id='word_1_634' title='bbox 2889 3341 3115 3413; x_wconf 86' lang='lat' dir='ltr'>respice</span> <span class='ocrx_word' id='word_1_635' title='bbox 3147 3339 3441 3400; x_wconf 77' lang='lat' dir='ltr'>emlestem</span> <span class='ocrx_word' id='word_1_636' title='bbox 3457 3341 3604 3399; x_wconf 81' lang='lat' dir='ltr'>Sion</span> <span class='ocrx_word' id='word_1_637' title='bbox 3627 3342 3825 3400; x_wconf 74' lang='lat' dir='ltr'>civita~</span> 
     </span>
    </p>
   </div>
   <div class='ocr_carea' id='block_1_78' title="bbox 2174 3427 3826 3504">
    <p class='ocr_par' dir='ltr' id='par_1_78' title="bbox 2174 3427 3826 3504">
     <span class='ocr_line' id='line_1_78' title="bbox 2174 3427 3826 3504; baseline 0.003 -21"><span class='ocrx_word' id='word_1_638' title='bbox 2174 3433 2292 3484; x_wconf 87' lang='lat' dir='ltr'>tem</span> <span class='ocrx_word' id='word_1_639' title='bbox 2318 3427 2710 3486; x_wconf 88' lang='lat' dir='ltr'>solemnitatis</span> <span class='ocrx_word' id='word_1_640' title='bbox 2751 3435 2811 3486; x_wconf 88' lang='lat' dir='ltr'>et</span> <span class='ocrx_word' id='word_1_641' title='bbox 2859 3429 3069 3486; x_wconf 70' lang='lat' dir='ltr'>laetitias</span> <span class='ocrx_word' id='word_1_642' title='bbox 3115 3435 3428 3504; x_wconf 62' lang='lat' dir='ltr'>perpetuat.</span> <span class='ocrx_word' id='word_1_643' title='bbox 3463 3453 3500 3483; x_wconf 77' lang='grc' dir='ltr'><strong><em>κ</em></strong></span> <span class='ocrx_word' id='word_1_644' title='bbox 3543 3433 3712 3490; x_wconf 78' lang='lat' dir='ltr'>Oculi</span> <span class='ocrx_word' id='word_1_645' title='bbox 3737 3433 3826 3490; x_wconf 75' lang='lat' dir='ltr'>tui</span> 
     </span>
    </p>
   </div>
   <div class='ocr_carea' id='block_1_79' title="bbox 2172 3517 3826 3594">
    <p class='ocr_par' dir='ltr' id='par_1_79' title="bbox 2172 3517 3826 3594">
     <span class='ocr_line' id='line_1_79' title="bbox 2172 3517 3826 3594; baseline 0.005 -22"><span class='ocrx_word' id='word_1_646' title='bbox 2172 3517 2508 3586; x_wconf 86' lang='lat' dir='ltr'>videbunt,»</span> <span class='ocrx_word' id='word_1_647' title='bbox 2539 3535 2572 3574; x_wconf 80' lang='grc' dir='ltr'>ο</span> <span class='ocrx_word' id='word_1_648' title='bbox 2585 3519 2770 3590; x_wconf 88' lang='lat' dir='ltr'>juste,</span> <span class='ocrx_word' id='word_1_649' title='bbox 2797 3543 2825 3569; x_wconf 88' lang='grc'>‹‹</span> <span class='ocrx_word' id='word_1_650' title='bbox 2859 3521 3223 3578; x_wconf 80' lang='lat' dir='ltr'>Hierusalem</span> <span class='ocrx_word' id='word_1_651' title='bbox 3253 3519 3659 3594; x_wconf 67' lang='lat' dir='ltr'>cpulentam.»</span> <span class='ocrx_word' id='word_1_652' title='bbox 3679 3525 3758 3580; x_wconf 78' lang='lat' dir='ltr'>Ae</span> <span class='ocrx_word' id='word_1_653' title='bbox 3778 3523 3826 3580; x_wconf 78' lang='lat' dir='ltr'>sl</span> 
     </span>
    </p>
   </div>
   <div class='ocr_carea' id='block_1_80' title="bbox 2175 3605 3822 3683">
    <p class='ocr_par' dir='ltr' id='par_1_80' title="bbox 2175 3605 3822 3683">
     <span class='ocr_line' id='line_1_80' title="bbox 2175 3605 3822 3683; baseline 0.005 -22"><span class='ocrx_word' id='word_1_654' title='bbox 2175 3605 2394 3661; x_wconf 84' lang='lat' dir='ltr'>diceret</span> <span class='ocrx_word' id='word_1_655' title='bbox 2421 3605 2553 3662; x_wconf 88' lang='lat' dir='ltr'>aliis</span> <span class='ocrx_word' id='word_1_656' title='bbox 2581 3607 2775 3663; x_wconf 88' lang='lat' dir='ltr'>verbis</span> <span class='ocrx_word' id='word_1_657' title='bbox 2809 3625 2824 3663; x_wconf 87' lang='lat'><strong>:</strong></span> <span class='ocrx_word' id='word_1_658' title='bbox 2857 3608 2966 3674; x_wconf 85' lang='lat' dir='ltr'>Qui</span> <span class='ocrx_word' id='word_1_659' title='bbox 3010 3611 3184 3667; x_wconf 89' lang='lat' dir='ltr'>modo</span> <span class='ocrx_word' id='word_1_660' title='bbox 3235 3609 3655 3683; x_wconf 77' lang='lat' dir='ltr'>contempleris</span> <span class='ocrx_word' id='word_1_661' title='bbox 3699 3627 3822 3670; x_wconf 83' lang='lat' dir='ltr'>eam</span> 
     </span>
    </p>
   </div>
   <div class='ocr_carea' id='block_1_81' title="bbox 2177 3695 3856 3773">
    <p class='ocr_par' dir='ltr' id='par_1_81' title="bbox 2177 3695 3856 3773">
     <span class='ocr_line' id='line_1_81' title="bbox 2177 3695 3856 3773; baseline 0.004 -23"><span class='ocrx_word' id='word_1_662' title='bbox 2177 3698 2394 3763; x_wconf 83' lang='lat' dir='ltr'>mente,</span> <span class='ocrx_word' id='word_1_663' title='bbox 2426 3699 2564 3750; x_wconf 88' lang='lat' dir='ltr'>tunc</span> <span class='ocrx_word' id='word_1_664' title='bbox 2591 3695 2818 3752; x_wconf 85' lang='lat' dir='ltr'>videbis</span> <span class='ocrx_word' id='word_1_665' title='bbox 2860 3696 3022 3754; x_wconf 87' lang='lat' dir='ltr'>illam</span> <span class='ocrx_word' id='word_1_666' title='bbox 3071 3699 3131 3754; x_wconf 89' lang='lat' dir='ltr'>in</span> <span class='ocrx_word' id='word_1_667' title='bbox 3170 3700 3413 3756; x_wconf 86' lang='lat' dir='ltr'>veritate</span> <span class='ocrx_word' id='word_1_668' title='bbox 3458 3701 3820 3773; x_wconf 80' lang='lat' dir='ltr'>opulentam,</span> <span class='ocrx_word' id='word_1_669' title='bbox 3851 3711 3856 3716; x_wconf 80' lang='lat'><strong><em>‘</em></strong></span> 
     </span>
    </p>
   </div>
   <div class='ocr_carea' id='block_1_82' title="bbox 2175 3783 3819 3861">
    <p class='ocr_par' dir='ltr' id='par_1_82' title="bbox 2175 3783 3819 3861">
     <span class='ocr_line' id='line_1_82' title="bbox 2175 3783 3819 3861; baseline 0.005 -22"><span class='ocrx_word' id='word_1_670' title='bbox 2175 3783 2284 3840; x_wconf 91' lang='lat' dir='ltr'>hoc</span> <span class='ocrx_word' id='word_1_671' title='bbox 2313 3787 2404 3839; x_wconf 88' lang='lat' dir='ltr'>est</span> <span class='ocrx_word' id='word_1_672' title='bbox 2434 3783 2646 3856; x_wconf 80' lang='lat' dir='ltr'>Opibus</span> <span class='ocrx_word' id='word_1_673' title='bbox 2675 3784 2909 3856; x_wconf 85' lang='lat' dir='ltr'>plenam</span> <span class='ocrx_word' id='word_1_674' title='bbox 2925 3786 2998 3842; x_wconf 86' lang='lat' dir='ltr'>de</span> <span class='ocrx_word' id='word_1_675' title='bbox 3011 3786 3237 3844; x_wconf 86' lang='lat' dir='ltr'>visione</span> <span class='ocrx_word' id='word_1_676' title='bbox 3255 3788 3686 3861; x_wconf 84' lang='lat' dir='ltr'>omnipotentis</span> <span class='ocrx_word' id='word_1_677' title='bbox 3701 3789 3819 3858; x_wconf 83' lang='lat' dir='ltr'>Dei,</span> 
     </span>
    </p>
   </div>
   <div class='ocr_carea' id='block_1_83' title="bbox 2175 3872 3820 3950">
    <p class='ocr_par' dir='ltr' id='par_1_83' title="bbox 2175 3872 3820 3950">
     <span class='ocr_line' id='line_1_83' title="bbox 2175 3872 3820 3950; baseline 0.007 -27"><span class='ocrx_word' id='word_1_678' title='bbox 2175 3895 2203 3923; x_wconf 81' lang='grc'><em>‹‹</em></span> <span class='ocrx_word' id='word_1_679' title='bbox 2227 3872 2694 3929; x_wconf 88' lang='lat' dir='ltr'>Tabernaculum</span> <span class='ocrx_word' id='word_1_680' title='bbox 2717 3875 2873 3946; x_wconf 88' lang='lat' dir='ltr'>quod</span> <span class='ocrx_word' id='word_1_681' title='bbox 2900 3889 3270 3948; x_wconf 87' lang='lat' dir='ltr'>nequaquam</span> <span class='ocrx_word' id='word_1_682' title='bbox 3288 3877 3560 3934; x_wconf 79' lang='lat' dir='ltr'>tranferri</span> <span class='ocrx_word' id='word_1_683' title='bbox 3591 3879 3820 3950; x_wconf 78' lang='lat' dir='ltr'>poterit,</span> 
     </span>
    </p>
   </div>
   <div class='ocr_carea' id='block_1_84' title="bbox 2174 3955 3822 4038">
    <p class='ocr_par' dir='ltr' id='par_1_84' title="bbox 2174 3955 3822 4038">
     <span class='ocr_line' id='line_1_84' title="bbox 2174 3955 3822 4038; baseline 0.004 -21"><span class='ocrx_word' id='word_1_684' title='bbox 2174 3977 2280 4018; x_wconf 91' lang='lat' dir='ltr'>nec</span> <span class='ocrx_word' id='word_1_685' title='bbox 2311 3961 2648 4017; x_wconf 85' lang='lat' dir='ltr'>auferentur</span> <span class='ocrx_word' id='word_1_686' title='bbox 2676 3961 2820 4018; x_wconf 88' lang='lat' dir='ltr'>elavi</span> <span class='ocrx_word' id='word_1_687' title='bbox 2852 3963 2982 4034; x_wconf 92' lang='lat' dir='ltr'>ejus</span> <span class='ocrx_word' id='word_1_688' title='bbox 3009 3962 3070 4019; x_wconf 93' lang='lat' dir='ltr'>in</span> <span class='ocrx_word' id='word_1_689' title='bbox 3113 3955 3561 4038; x_wconf 67' lang='lat' dir='ltr'>sempiternum.</span> <span class='ocrx_word' id='word_1_690' title='bbox 3597 3985 3630 4018; x_wconf 83' lang='lat'>»</span> <span class='ocrx_word' id='word_1_691' title='bbox 3661 3968 3822 4024; x_wconf 77' lang='lat' dir='ltr'>Nune</span> 
     </span>
    </p>
   </div>
   <div class='ocr_carea' id='block_1_85' title="bbox 2169 4048 3821 4129">
    <p class='ocr_par' dir='ltr' id='par_1_85' title="bbox 2169 4048 3821 4129">
     <span class='ocr_line' id='line_1_85' title="bbox 2169 4048 3821 4129; baseline 0.004 -23"><span class='ocrx_word' id='word_1_692' title='bbox 2169 4051 2244 4106; x_wconf 86' lang='lat' dir='ltr'>de</span> <span class='ocrx_word' id='word_1_693' title='bbox 2265 4048 2536 4121; x_wconf 76' lang='lat' dir='ltr'>praesenti</span> <span class='ocrx_word' id='word_1_694' title='bbox 2550 4049 2805 4105; x_wconf 85' lang='lat' dir='ltr'>Ecclesia</span> <span class='ocrx_word' id='word_1_695' title='bbox 2823 4049 3286 4125; x_wconf 84' lang='lat' dir='ltr'>loquitur,quam</span> <span class='ocrx_word' id='word_1_696' title='bbox 3307 4054 3728 4129; x_wconf 63' lang='lat' dir='ltr'>presﬁgurabat</span> <span class='ocrx_word' id='word_1_697' title='bbox 3741 4061 3821 4112; x_wconf 81' lang='lat' dir='ltr'>ta-</span> 
     </span>
    </p>
   </div>
   <div class='ocr_carea' id='block_1_86' title="bbox 2171 4136 3820 4216">
    <p class='ocr_par' dir='ltr' id='par_1_86' title="bbox 2171 4136 3820 4216">
     <span class='ocr_line' id='line_1_86' title="bbox 2171 4136 3820 4216; baseline 0.001 -22"><span class='ocrx_word' id='word_1_698' title='bbox 2171 4136 2556 4194; x_wconf 78' lang='lat' dir='ltr'>bernaculum</span> <span class='ocrx_word' id='word_1_699' title='bbox 2574 4141 2744 4193; x_wconf 89' lang='lat' dir='ltr'>vetus</span> <span class='ocrx_word' id='word_1_700' title='bbox 2765 4153 2781 4194; x_wconf 71' lang='grc' dir='ltr'>ι</span> <span class='ocrx_word' id='word_1_701' title='bbox 2806 4153 2936 4210; x_wconf 68' lang='lat' dir='ltr'>qua:</span> <span class='ocrx_word' id='word_1_702' title='bbox 2956 4139 3086 4196; x_wconf 87' lang='lat' dir='ltr'>ideo</span> <span class='ocrx_word' id='word_1_703' title='bbox 3109 4139 3436 4198; x_wconf 62' lang='lat' dir='ltr'>transisti-it</span> <span class='ocrx_word' id='word_1_704' title='bbox 3457 4145 3820 4216; x_wconf 67' lang='lat' dir='ltr'>nonpoterit,</span> 
     </span>
    </p>
   </div>
   <div class='ocr_carea' id='block_1_87' title="bbox 2167 4222 3821 4306">
    <p class='ocr_par' dir='ltr' id='par_1_87' title="bbox 2167 4222 3821 4306">
     <span class='ocr_line' id='line_1_87' title="bbox 2167 4222 3821 4306; baseline 0.005 -25"><span class='ocrx_word' id='word_1_705' title='bbox 2167 4241 2360 4298; x_wconf 84' lang='lat' dir='ltr'>neque</span> <span class='ocrx_word' id='word_1_706' title='bbox 2391 4222 2722 4293; x_wconf 83' lang='lat' dir='ltr'>moveri,ita</span> <span class='ocrx_word' id='word_1_707' title='bbox 2743 4231 2811 4283; x_wconf 89' lang='lat' dir='ltr'>ut</span> <span class='ocrx_word' id='word_1_708' title='bbox 2831 4229 3232 4302; x_wconf 85' lang='lat' dir='ltr'>corruat,quia</span> <span class='ocrx_word' id='word_1_709' title='bbox 3250 4228 3500 4288; x_wconf 83' lang='lat' dir='ltr'>solidata</span> <span class='ocrx_word' id='word_1_710' title='bbox 3523 4237 3619 4288; x_wconf 82' lang='lat' dir='ltr'>est</span> <span class='ocrx_word' id='word_1_711' title='bbox 3647 4241 3821 4306; x_wconf 81' lang='lat' dir='ltr'>supra</span> 
     </span>
    </p>
   </div>
   <div class='ocr_carea' id='block_1_88' title="bbox 2171 4315 3819 4391">
    <p class='ocr_par' dir='ltr' id='par_1_88' title="bbox 2171 4315 3819 4391">
     <span class='ocr_line' id='line_1_88' title="bbox 2171 4315 3819 4391; baseline 0.004 -21"><span class='ocrx_word' id='word_1_712' title='bbox 2171 4315 2400 4370; x_wconf 81' lang='lat' dir='ltr'>ﬁrmam</span> <span class='ocrx_word' id='word_1_713' title='bbox 2453 4315 2790 4387; x_wconf 82' lang='lat' dir='ltr'>petram,de</span> <span class='ocrx_word' id='word_1_714' title='bbox 2836 4333 2954 4388; x_wconf 90' lang='lat' dir='ltr'>qua</span> <span class='ocrx_word' id='word_1_715' title='bbox 3001 4316 3144 4373; x_wconf 85' lang='lat' dir='ltr'>dicit</span> <span class='ocrx_word' id='word_1_716' title='bbox 3187 4317 3550 4391; x_wconf 81' lang='lat' dir='ltr'>Apostolus:</span> <span class='ocrx_word' id='word_1_717' title='bbox 3581 4341 3620 4371; x_wconf 67' lang='grc' dir='ltr'>ις</span> <span class='ocrx_word' id='word_1_718' title='bbox 3659 4321 3819 4377; x_wconf 76' lang='lat' dir='ltr'>Petra</span> 
     </span>
    </p>
   </div>
   <div class='ocr_carea' id='block_1_89' title="bbox 2169 4402 3816 4476">
    <p class='ocr_par' dir='ltr' id='par_1_89' title="bbox 2169 4402 3816 4476">
     <span class='ocr_line' id='line_1_89' title="bbox 2169 4402 3816 4476; baseline 0.003 -18"><span class='ocrx_word' id='word_1_719' title='bbox 2169 4407 2369 4460; x_wconf 80' lang='lat' dir='ltr'>autem</span> <span class='ocrx_word' id='word_1_720' title='bbox 2399 4404 2525 4460; x_wconf 87' lang='lat' dir='ltr'>erat</span> <span class='ocrx_word' id='word_1_721' title='bbox 2551 4402 2822 4460; x_wconf 86' lang='lat' dir='ltr'>Christus</span> <span class='ocrx_word' id='word_1_722' title='bbox 2849 4405 2899 4476; x_wconf 85' lang='lat' dir='ltr'>(I</span> <span class='ocrx_word' id='word_1_723' title='bbox 2928 4404 3049 4462; x_wconf 79' lang='lat' dir='ltr'>Cor.</span> <span class='ocrx_word' id='word_1_724' title='bbox 3081 4407 3160 4476; x_wconf 68' lang='grc' dir='ltr'>χ).</span> <span class='ocrx_word' id='word_1_725' title='bbox 3195 4426 3225 4456; x_wconf 92' lang='lat'>»</span> <span class='ocrx_word' id='word_1_726' title='bbox 3259 4406 3608 4465; x_wconf 73' lang='lat' dir='ltr'>Habuerunt</span> <span class='ocrx_word' id='word_1_727' title='bbox 3639 4408 3816 4466; x_wconf 66' lang='lat' dir='ltr'>Judaei</span> 
     </span>
    </p>
   </div>
   <div class='ocr_carea' id='block_1_90' title="bbox 407 4476 3816 4580">
    <p class='ocr_par' dir='ltr' id='par_1_90' title="bbox 407 4476 3816 4580">
     <span class='ocr_line' id='line_1_90' title="bbox 407 4476 3816 4580; baseline 0.007 -50"><span class='ocrx_word' id='word_1_728' title='bbox 407 4490 516 4580; x_wconf 75' lang='lat' dir='ltr'>nec</span> <span class='ocrx_word' id='word_1_729' title='bbox 535 4476 958 4580; x_wconf 65' lang='lat' dir='ltr'>censentit,nec</span> <span class='ocrx_word' id='word_1_730' title='bbox 974 4479 1132 4534; x_wconf 85' lang='lat' dir='ltr'>facit.</span> <span class='ocrx_word' id='word_1_731' title='bbox 1161 4480 1568 4580; x_wconf 52' lang='lat' dir='ltr'>«tinnimenta</span> <span class='ocrx_word' id='word_1_732' title='bbox 1589 4488 2063 4580; x_wconf 75' lang='lat' dir='ltr'>saxorumsubli-</span> <span class='ocrx_word' id='word_1_733' title='bbox 2087 4515 2136 4580; x_wconf 66' lang='grc' dir='ltr'>Β</span> <span class='ocrx_word' id='word_1_734' title='bbox 2169 4489 2740 4580; x_wconf 79' lang='lat' dir='ltr'>tabernaculum,sed</span> <span class='ocrx_word' id='word_1_735' title='bbox 2765 4497 3061 4565; x_wconf 86' lang='lat' dir='ltr'>portatum</span> <span class='ocrx_word' id='word_1_736' title='bbox 3073 4495 3252 4551; x_wconf 85' lang='lat' dir='ltr'>estde</span> <span class='ocrx_word' id='word_1_737' title='bbox 3271 4495 3398 4552; x_wconf 88' lang='lat' dir='ltr'>loco</span> <span class='ocrx_word' id='word_1_738' title='bbox 3415 4495 3488 4552; x_wconf 87' lang='lat' dir='ltr'>ad</span> <span class='ocrx_word' id='word_1_739' title='bbox 3511 4495 3710 4554; x_wconf 87' lang='lat' dir='ltr'>locum</span> <span class='ocrx_word' id='word_1_740' title='bbox 3725 4498 3816 4556; x_wconf 86' lang='lat' dir='ltr'>:de</span> 
     </span>
    </p>
   </div>
   <div class='ocr_carea' id='block_1_91' title="bbox 409 4563 2061 4646">
    <p class='ocr_par' dir='ltr' id='par_1_91' title="bbox 409 4563 2061 4646">
     <span class='ocr_line' id='line_1_91' title="bbox 409 4563 2061 4646; baseline 0.008 -26"><span class='ocrx_word' id='word_1_741' title='bbox 409 4563 590 4624; x_wconf 70' lang='lat' dir='ltr'>mites</span> <span class='ocrx_word' id='word_1_742' title='bbox 613 4566 764 4637; x_wconf 69' lang='lat' dir='ltr'>ejus.</span> <span class='ocrx_word' id='word_1_743' title='bbox 791 4589 820 4617; x_wconf 89' lang='lat'>»</span> <span class='ocrx_word' id='word_1_744' title='bbox 851 4567 1002 4624; x_wconf 77' lang='lat' dir='ltr'>Saxa</span> <span class='ocrx_word' id='word_1_745' title='bbox 1027 4571 1308 4625; x_wconf 87' lang='lat' dir='ltr'>vocantur</span> <span class='ocrx_word' id='word_1_746' title='bbox 1326 4569 1514 4626; x_wconf 89' lang='lat' dir='ltr'>sancti</span> <span class='ocrx_word' id='word_1_747' title='bbox 1537 4577 1773 4646; x_wconf 89' lang='lat' dir='ltr'>propter</span> <span class='ocrx_word' id='word_1_748' title='bbox 1801 4576 2061 4634; x_wconf 50' lang='lat' dir='ltr'>solidita.</span> 
     </span>
    </p>
   </div>
   <div class='ocr_carea' id='block_1_92' title="bbox 408 4653 2059 4738">
    <p class='ocr_par' dir='ltr' id='par_1_92' title="bbox 408 4653 2059 4738">
     <span class='ocr_line' id='line_1_92' title="bbox 408 4653 2059 4738; baseline 0.009 -30"><span class='ocrx_word' id='word_1_749' title='bbox 408 4655 531 4708; x_wconf 73' lang='lat' dir='ltr'>tem</span> <span class='ocrx_word' id='word_1_750' title='bbox 559 4653 785 4710; x_wconf 80' lang='lat' dir='ltr'>ﬁdei&#39;in</span> <span class='ocrx_word' id='word_1_751' title='bbox 815 4655 1046 4713; x_wconf 87' lang='lat' dir='ltr'>Christo</span> <span class='ocrx_word' id='word_1_752' title='bbox 1095 4658 1361 4728; x_wconf 88' lang='lat' dir='ltr'>fundata,</span> <span class='ocrx_word' id='word_1_753' title='bbox 1381 4677 1632 4732; x_wconf 89' lang='lat' dir='ltr'>quorum</span> <span class='ocrx_word' id='word_1_754' title='bbox 1679 4665 1960 4738; x_wconf 85' lang='lat' dir='ltr'>exemplis</span> <span class='ocrx_word' id='word_1_755' title='bbox 1999 4673 2059 4724; x_wconf 91' lang='lat' dir='ltr'>et</span> 
     </span>
    </p>
   </div>
   <div class='ocr_carea' id='block_1_93' title="bbox 400 4739 2054 4825">
    <p class='ocr_par' dir='ltr' id='par_1_93' title="bbox 400 4739 2054 4825">
     <span class='ocr_line' id='line_1_93' title="bbox 400 4739 2054 4825; baseline 0.01 -29"><span class='ocrx_word' id='word_1_756' title='bbox 400 4739 583 4796; x_wconf 77' lang='lat' dir='ltr'>dictis</span> <span class='ocrx_word' id='word_1_757' title='bbox 610 4740 980 4816; x_wconf 87' lang='lat' dir='ltr'>instruimur,</span> <span class='ocrx_word' id='word_1_758' title='bbox 995 4748 1061 4801; x_wconf 89' lang='lat' dir='ltr'>ut</span> <span class='ocrx_word' id='word_1_759' title='bbox 1087 4746 1346 4804; x_wconf 79' lang='lat' dir='ltr'>cmlestia</span> <span class='ocrx_word' id='word_1_760' title='bbox 1374 4753 1433 4805; x_wconf 85' lang='lat' dir='ltr'>et</span> <span class='ocrx_word' id='word_1_761' title='bbox 1462 4749 1742 4808; x_wconf 88' lang='lat' dir='ltr'>sublimia</span> <span class='ocrx_word' id='word_1_762' title='bbox 1763 4759 2054 4825; x_wconf 87' lang='lat' dir='ltr'>petamus.</span> 
     </span>
    </p>
   </div>
   <div class='ocr_carea' id='block_1_94' title="bbox 405 4825 2058 4916">
    <p class='ocr_par' dir='ltr' id='par_1_94' title="bbox 405 4825 2058 4916">
     <span class='ocr_line' id='line_1_94' title="bbox 405 4825 2058 4916; baseline 0.013 -38"><span class='ocrx_word' id='word_1_763' title='bbox 405 4848 438 4878; x_wconf 72' lang='grc' dir='ltr'>ι(</span> <span class='ocrx_word' id='word_1_764' title='bbox 455 4825 636 4886; x_wconf 83' lang='lat' dir='ltr'>Panis</span> <span class='ocrx_word' id='word_1_765' title='bbox 648 4829 702 4885; x_wconf 81' lang='lat' dir='ltr'>ei</span> <span class='ocrx_word' id='word_1_766' title='bbox 727 4831 900 4888; x_wconf 83' lang='lat' dir='ltr'>datus</span> <span class='ocrx_word' id='word_1_767' title='bbox 921 4837 1032 4900; x_wconf 85' lang='lat' dir='ltr'>est,</span> <span class='ocrx_word' id='word_1_768' title='bbox 1054 4851 1218 4907; x_wconf 64' lang='lat' dir='ltr'>aqua;</span> <span class='ocrx_word' id='word_1_769' title='bbox 1241 4836 1370 4906; x_wconf 86' lang='lat' dir='ltr'>ejus</span> <span class='ocrx_word' id='word_1_770' title='bbox 1391 4837 1591 4895; x_wconf 81' lang='lat' dir='ltr'>fideles</span> <span class='ocrx_word' id='word_1_771' title='bbox 1609 4846 1766 4897; x_wconf 88' lang='lat' dir='ltr'>sunt.</span> <span class='ocrx_word' id='word_1_772' title='bbox 1781 4865 1800 4890; x_wconf 76' lang='grc' dir='ltr'><strong>ιο</strong></span> <span class='ocrx_word' id='word_1_773' title='bbox 1821 4842 2058 4916; x_wconf 85' lang='lat' dir='ltr'>Propter</span> 
     </span>
    </p>
   </div>
   <div class='ocr_carea' id='block_1_95' title="bbox 403 4915 2057 4998">
    <p class='ocr_par' dir='ltr' id='par_1_95' title="bbox 403 4915 2057 4998">
     <span class='ocr_line' id='line_1_95' title="bbox 403 4915 2057 4998; baseline 0.011 -27"><span class='ocrx_word' id='word_1_774' title='bbox 403 4915 616 4974; x_wconf 77' lang='lat' dir='ltr'>merita</span> <span class='ocrx_word' id='word_1_775' title='bbox 644 4933 754 4975; x_wconf 85' lang='lat' dir='ltr'>sua</span> <span class='ocrx_word' id='word_1_776' title='bbox 783 4920 957 4977; x_wconf 89' lang='lat' dir='ltr'>datus</span> <span class='ocrx_word' id='word_1_777' title='bbox 987 4927 1078 4978; x_wconf 89' lang='lat' dir='ltr'>est</span> <span class='ocrx_word' id='word_1_778' title='bbox 1108 4924 1277 4994; x_wconf 89' lang='lat' dir='ltr'>panis</span> <span class='ocrx_word' id='word_1_779' title='bbox 1307 4929 1366 4981; x_wconf 90' lang='lat' dir='ltr'>ot</span> <span class='ocrx_word' id='word_1_780' title='bbox 1393 4944 1565 4998; x_wconf 90' lang='lat' dir='ltr'>aqua,</span> <span class='ocrx_word' id='word_1_781' title='bbox 1590 4928 1700 4984; x_wconf 89' lang='lat' dir='ltr'>hoc</span> <span class='ocrx_word' id='word_1_782' title='bbox 1729 4935 1820 4986; x_wconf 90' lang='lat' dir='ltr'>est</span> <span class='ocrx_word' id='word_1_783' title='bbox 1847 4915 2057 4989; x_wconf 84' lang='lat' dir='ltr'>doctri-</span> 
     </span>
    </p>
   </div>
   <div class='ocr_carea' id='block_1_96' title="bbox 402 5005 2054 5085">
    <p class='ocr_par' dir='ltr' id='par_1_96' title="bbox 402 5005 2054 5085">
     <span class='ocr_line' id='line_1_96' title="bbox 402 5005 2054 5085; baseline 0.01 -25"><span class='ocrx_word' id='word_1_784' title='bbox 402 5022 480 5062; x_wconf 88' lang='lat' dir='ltr'>na</span> <span class='ocrx_word' id='word_1_785' title='bbox 507 5005 844 5063; x_wconf 84' lang='lat' dir='ltr'>divinarum</span> <span class='ocrx_word' id='word_1_786' title='bbox 867 5009 1326 5082; x_wconf 87' lang='lat' dir='ltr'>Scripturarum,</span> <span class='ocrx_word' id='word_1_787' title='bbox 1357 5029 1485 5085; x_wconf 68' lang='lat' dir='ltr'>quis</span> <span class='ocrx_word' id='word_1_788' title='bbox 1515 5015 1576 5070; x_wconf 90' lang='lat' dir='ltr'>in</span> <span class='ocrx_word' id='word_1_789' title='bbox 1606 5017 1873 5074; x_wconf 88' lang='lat' dir='ltr'>obscuris</span> <span class='ocrx_word' id='word_1_790' title='bbox 1911 5021 2054 5078; x_wconf 90' lang='lat' dir='ltr'>locis</span> 
     </span>
    </p>
   </div>
   <div class='ocr_carea' id='block_1_97' title="bbox 397 5095 2054 5181">
    <p class='ocr_par' dir='ltr' id='par_1_97' title="bbox 397 5095 2054 5181">
     <span class='ocr_line' id='line_1_97' title="bbox 397 5095 2054 5181; baseline 0.011 -32"><span class='ocrx_word' id='word_1_791' title='bbox 397 5097 489 5151; x_wconf 82' lang='lat' dir='ltr'>est</span> <span class='ocrx_word' id='word_1_792' title='bbox 517 5095 711 5166; x_wconf 81' lang='lat' dir='ltr'>panis,</span> <span class='ocrx_word' id='word_1_793' title='bbox 733 5101 791 5152; x_wconf 91' lang='lat' dir='ltr'>et</span> <span class='ocrx_word' id='word_1_794' title='bbox 811 5115 967 5170; x_wconf 85' lang='lat' dir='ltr'>aqua</span> <span class='ocrx_word' id='word_1_795' title='bbox 999 5099 1054 5153; x_wconf 92' lang='lat' dir='ltr'>in</span> <span class='ocrx_word' id='word_1_796' title='bbox 1088 5099 1496 5171; x_wconf 82' lang='lat' dir='ltr'>apertioribus.</span> <span class='ocrx_word' id='word_1_797' title='bbox 1511 5105 1687 5176; x_wconf 65' lang='lat' dir='ltr'>Aqua:</span> <span class='ocrx_word' id='word_1_798' title='bbox 1709 5111 1904 5163; x_wconf 87' lang='lat' dir='ltr'>autem</span> <span class='ocrx_word' id='word_1_799' title='bbox 1925 5111 2054 5181; x_wconf 85' lang='lat' dir='ltr'>ejus</span> 
     </span>
    </p>
   </div>
   <div class='ocr_carea' id='block_1_98' title="bbox 397 5181 1767 5258">
    <p class='ocr_par' dir='ltr' id='par_1_98' title="bbox 397 5181 1767 5258">
     <span class='ocr_line' id='line_1_98' title="bbox 397 5181 1767 5258; baseline 0.008 -20"><span class='ocrx_word' id='word_1_800' title='bbox 397 5181 600 5240; x_wconf 75' lang='lat' dir='ltr'>fideles</span> <span class='ocrx_word' id='word_1_801' title='bbox 615 5189 779 5254; x_wconf 60' lang='lat' dir='ltr'>sunt,</span> <span class='ocrx_word' id='word_1_802' title='bbox 805 5187 946 5258; x_wconf 90' lang='lat' dir='ltr'>quia</span> <span class='ocrx_word' id='word_1_803' title='bbox 977 5189 1244 5245; x_wconf 82' lang='lat' dir='ltr'>doctrina</span> <span class='ocrx_word' id='word_1_804' title='bbox 1271 5190 1469 5246; x_wconf 89' lang='lat' dir='ltr'>divina</span> <span class='ocrx_word' id='word_1_805' title='bbox 1495 5209 1630 5248; x_wconf 86' lang='lat' dir='ltr'>vera</span> <span class='ocrx_word' id='word_1_806' title='bbox 1655 5199 1767 5250; x_wconf 88' lang='lat' dir='ltr'>est.</span> 
     </span>
    </p>
   </div>
   <div class='ocr_carea' id='block_1_99' title="bbox 445 5270 2052 5354">
    <p class='ocr_par' dir='ltr' id='par_1_99' title="bbox 445 5270 2052 5354">
     <span class='ocr_line' id='line_1_99' title="bbox 445 5270 2052 5354; baseline 0.01 -28"><span class='ocrx_word' id='word_1_807' title='bbox 445 5293 498 5326; x_wconf 86' lang='grc'>.‹‹</span> <span class='ocrx_word' id='word_1_808' title='bbox 529 5270 748 5344; x_wconf 80' lang='lat' dir='ltr'>Regem</span> <span class='ocrx_word' id='word_1_809' title='bbox 784 5297 812 5324; x_wconf 93' lang='lat'>»</span> <span class='ocrx_word' id='word_1_810' title='bbox 833 5276 1058 5333; x_wconf 89' lang='lat' dir='ltr'>scilicet</span> <span class='ocrx_word' id='word_1_811' title='bbox 1079 5277 1396 5334; x_wconf 90' lang='lat' dir='ltr'>Dominum</span> <span class='ocrx_word' id='word_1_812' title='bbox 1428 5281 1909 5354; x_wconf 80' lang='lat' dir='ltr'>omnipotentem,</span> <span class='ocrx_word' id='word_1_813' title='bbox 1933 5307 1963 5336; x_wconf 84' lang='lat'><strong><em>«</em></strong></span> <span class='ocrx_word' id='word_1_814' title='bbox 1993 5287 2052 5342; x_wconf 90' lang='lat' dir='ltr'>in</span> 
     </span>
    </p>
   </div>
   <div class='ocr_carea' id='block_1_100' title="bbox 397 5356 2053 5439">
    <p class='ocr_par' dir='ltr' id='par_1_100' title="bbox 397 5356 2053 5439">
     <span class='ocr_line' id='line_1_100' title="bbox 397 5356 2053 5439; baseline 0.011 -25"><span class='ocrx_word' id='word_1_815' title='bbox 397 5358 628 5429; x_wconf 85' lang='lat' dir='ltr'>decore,</span> <span class='ocrx_word' id='word_1_816' title='bbox 662 5383 690 5410; x_wconf 89' lang='lat'>»</span> <span class='ocrx_word' id='word_1_817' title='bbox 716 5362 828 5420; x_wconf 86' lang='lat' dir='ltr'>hoc</span> <span class='ocrx_word' id='word_1_818' title='bbox 855 5371 943 5421; x_wconf 87' lang='lat' dir='ltr'>est</span> <span class='ocrx_word' id='word_1_819' title='bbox 971 5365 1030 5422; x_wconf 89' lang='lat' dir='ltr'>in</span> <span class='ocrx_word' id='word_1_820' title='bbox 1064 5356 1374 5439; x_wconf 81' lang='lat' dir='ltr'>splendore</span> <span class='ocrx_word' id='word_1_821' title='bbox 1402 5368 1726 5428; x_wconf 86' lang='lat' dir='ltr'>divinitatis</span> <span class='ocrx_word' id='word_1_822' title='bbox 1757 5391 1878 5429; x_wconf 73' lang='lat' dir='ltr'>suae</span> <span class='ocrx_word' id='word_1_823' title='bbox 1914 5397 1941 5426; x_wconf 87' lang='lat'><strong>«</strong></span> <span class='ocrx_word' id='word_1_824' title='bbox 1972 5376 2053 5432; x_wconf 89' lang='lat' dir='ltr'>vi-</span> 
     </span>
    </p>
   </div>
   <div class='ocr_carea' id='block_1_101' title="bbox 399 5445 2052 5525">
    <p class='ocr_par' dir='ltr' id='par_1_101' title="bbox 399 5445 2052 5525">
     <span class='ocr_line' id='line_1_101' title="bbox 399 5445 2052 5525; baseline 0.013 -25"><span class='ocrx_word' id='word_1_825' title='bbox 399 5445 628 5502; x_wconf 84' lang='lat' dir='ltr'>debunt</span> <span class='ocrx_word' id='word_1_826' title='bbox 657 5452 809 5507; x_wconf 89' lang='lat' dir='ltr'>oculi</span> <span class='ocrx_word' id='word_1_827' title='bbox 834 5455 1021 5525; x_wconf 87' lang='lat' dir='ltr'>ejus,»</span> <span class='ocrx_word' id='word_1_828' title='bbox 1053 5455 1107 5511; x_wconf 90' lang='lat' dir='ltr'>id</span> <span class='ocrx_word' id='word_1_829' title='bbox 1126 5457 1393 5512; x_wconf 79' lang='lat' dir='ltr'>est.oculi</span> <span class='ocrx_word' id='word_1_830' title='bbox 1427 5460 1688 5517; x_wconf 88' lang='lat' dir='ltr'>omnium</span> <span class='ocrx_word' id='word_1_831' title='bbox 1711 5468 2052 5520; x_wconf 88' lang='lat' dir='ltr'>sanctorum</span> 
     </span>
    </p>
   </div>
   <div class='ocr_carea' id='block_1_102' title="bbox 403 5534 2054 5623">
    <p class='ocr_par' dir='ltr' id='par_1_102' title="bbox 403 5534 2054 5623">
     <span class='ocr_line' id='line_1_102' title="bbox 403 5534 2054 5623; baseline 0.016 -39"><span class='ocrx_word' id='word_1_832' title='bbox 403 5535 539 5608; x_wconf 87' lang='lat' dir='ltr'>post</span> <span class='ocrx_word' id='word_1_833' title='bbox 559 5534 711 5593; x_wconf 92' lang='lat' dir='ltr'>diem</span> <span class='ocrx_word' id='word_1_834' title='bbox 727 5540 958 5612; x_wconf 89' lang='lat' dir='ltr'>judicii.</span> <span class='ocrx_word' id='word_1_835' title='bbox 983 5567 1012 5594; x_wconf 87' lang='lat'>«</span> <span class='ocrx_word' id='word_1_836' title='bbox 1045 5545 1295 5601; x_wconf 86' lang='lat' dir='ltr'>Cernent</span> <span class='ocrx_word' id='word_1_837' title='bbox 1313 5549 1530 5605; x_wconf 88' lang='lat' dir='ltr'>terram</span> <span class='ocrx_word' id='word_1_838' title='bbox 1551 5549 1702 5606; x_wconf 91' lang='lat' dir='ltr'>oculi</span> <span class='ocrx_word' id='word_1_839' title='bbox 1723 5552 1910 5623; x_wconf 89' lang='lat' dir='ltr'>ejus,»</span> <span class='ocrx_word' id='word_1_840' title='bbox 1945 5553 2054 5610; x_wconf 89' lang='lat' dir='ltr'>hoc</span> 
     </span>
    </p>
   </div>
   <div class='ocr_carea' id='block_1_103' title="bbox 2169 4579 3814 4654">
    <p class='ocr_par' dir='ltr' id='par_1_103' title="bbox 2169 4579 3814 4654">
     <span class='ocr_line' id='line_1_103' title="bbox 2169 4579 3814 4654; baseline 0.002 -17"><span class='ocrx_word' id='word_1_841' title='bbox 2169 4595 2366 4638; x_wconf 88' lang='lat' dir='ltr'>eremo</span> <span class='ocrx_word' id='word_1_842' title='bbox 2385 4579 2733 4636; x_wconf 87' lang='lat' dir='ltr'>videlicetin</span> <span class='ocrx_word' id='word_1_843' title='bbox 2755 4580 2981 4651; x_wconf 87' lang='lat' dir='ltr'>Silo,de</span> <span class='ocrx_word' id='word_1_844' title='bbox 3015 4581 3136 4638; x_wconf 88' lang='lat' dir='ltr'>Silo</span> <span class='ocrx_word' id='word_1_845' title='bbox 3172 4581 3234 4639; x_wconf 92' lang='lat' dir='ltr'>in</span> <span class='ocrx_word' id='word_1_846' title='bbox 3264 4583 3444 4654; x_wconf 85' lang='lat' dir='ltr'>Nobe,</span> <span class='ocrx_word' id='word_1_847' title='bbox 3467 4585 3544 4641; x_wconf 90' lang='lat' dir='ltr'>de</span> <span class='ocrx_word' id='word_1_848' title='bbox 3569 4585 3736 4643; x_wconf 85' lang='lat' dir='ltr'>Nobe</span> <span class='ocrx_word' id='word_1_849' title='bbox 3759 4587 3814 4641; x_wconf 88' lang='lat' dir='ltr'>in</span> 
     </span>
    </p>
   </div>
   <div class='ocr_carea' id='block_1_104' title="bbox 2167 4667 3812 4741">
    <p class='ocr_par' dir='ltr' id='par_1_104' title="bbox 2167 4667 3812 4741">
     <span class='ocr_line' id='line_1_104' title="bbox 2167 4667 3812 4741; baseline 0.003 -16"><span class='ocrx_word' id='word_1_850' title='bbox 2167 4667 2550 4737; x_wconf 83' lang='lat' dir='ltr'>Hierusalem,</span> <span class='ocrx_word' id='word_1_851' title='bbox 2585 4673 2644 4725; x_wconf 88' lang='lat' dir='ltr'>et</span> <span class='ocrx_word' id='word_1_852' title='bbox 2673 4669 2743 4725; x_wconf 90' lang='lat' dir='ltr'>de</span> <span class='ocrx_word' id='word_1_853' title='bbox 2777 4669 3132 4728; x_wconf 82' lang='lat' dir='ltr'>Hierusalem</span> <span class='ocrx_word' id='word_1_854' title='bbox 3157 4671 3355 4741; x_wconf 74' lang='lat' dir='ltr'>(sicut</span> <span class='ocrx_word' id='word_1_855' title='bbox 3403 4672 3464 4730; x_wconf 90' lang='lat' dir='ltr'>in</span> <span class='ocrx_word' id='word_1_856' title='bbox 3517 4671 3672 4731; x_wconf 86' lang='lat' dir='ltr'>libro</span> <span class='ocrx_word' id='word_1_857' title='bbox 3704 4676 3812 4732; x_wconf 40' lang='lat' dir='ltr'>Ma.</span> 
     </span>
    </p>
   </div>
   <div class='ocr_carea' id='block_1_105' title="bbox 2164 4757 3815 4835">
    <p class='ocr_par' dir='ltr' id='par_1_105' title="bbox 2164 4757 3815 4835">
     <span class='ocr_line' id='line_1_105' title="bbox 2164 4757 3815 4835; baseline 0.002 -21"><span class='ocrx_word' id='word_1_858' title='bbox 2164 4758 2535 4816; x_wconf 75' lang='lat' dir='ltr'>chabaeorum</span> <span class='ocrx_word' id='word_1_859' title='bbox 2563 4757 2798 4831; x_wconf 85' lang='lat' dir='ltr'>legitur)</span> <span class='ocrx_word' id='word_1_860' title='bbox 2821 4759 3082 4816; x_wconf 76' lang='lat' dir='ltr'>delatum</span> <span class='ocrx_word' id='word_1_861' title='bbox 3112 4762 3184 4818; x_wconf 85' lang='lat' dir='ltr'>ad</span> <span class='ocrx_word' id='word_1_862' title='bbox 3215 4760 3555 4835; x_wconf 85' lang='lat' dir='ltr'>sepulcrum</span> <span class='ocrx_word' id='word_1_863' title='bbox 3577 4764 3724 4821; x_wconf 80' lang='lat' dir='ltr'>Mosi</span> <span class='ocrx_word' id='word_1_864' title='bbox 3746 4765 3815 4819; x_wconf 81' lang='lat' dir='ltr'>ab</span> 
     </span>
    </p>
   </div>
   <div class='ocr_carea' id='block_1_106' title="bbox 2166 4845 3810 4926">
    <p class='ocr_par' dir='ltr' id='par_1_106' title="bbox 2166 4845 3810 4926">
     <span class='ocr_line' id='line_1_106' title="bbox 2166 4845 3810 4926; baseline 0.004 -24"><span class='ocrx_word' id='word_1_865' title='bbox 2166 4847 2477 4903; x_wconf 87' lang='lat' dir='ltr'>Hioremia.</span> <span class='ocrx_word' id='word_1_866' title='bbox 2511 4845 2672 4902; x_wconf 90' lang='lat' dir='ltr'>Istud</span> <span class='ocrx_word' id='word_1_867' title='bbox 2701 4863 2834 4903; x_wconf 88' lang='lat' dir='ltr'>vero</span> <span class='ocrx_word' id='word_1_868' title='bbox 2877 4849 3346 4922; x_wconf 78' lang='lat' dir='ltr'>tabernaculum,</span> <span class='ocrx_word' id='word_1_869' title='bbox 3379 4851 3494 4908; x_wconf 83' lang='lat' dir='ltr'>hoc</span> <span class='ocrx_word' id='word_1_870' title='bbox 3537 4858 3635 4910; x_wconf 84' lang='lat' dir='ltr'>est</span> <span class='ocrx_word' id='word_1_871' title='bbox 3675 4869 3810 4926; x_wconf 65' lang='lat' dir='ltr'>prae-</span> 
     </span>
    </p>
   </div>
   <div class='ocr_carea' id='block_1_107' title="bbox 2165 4935 3808 5009">
    <p class='ocr_par' dir='ltr' id='par_1_107' title="bbox 2165 4935 3808 5009">
     <span class='ocr_line' id='line_1_107' title="bbox 2165 4935 3808 5009; baseline 0.004 -19"><span class='ocrx_word' id='word_1_872' title='bbox 2165 4949 2301 4991; x_wconf 88' lang='lat' dir='ltr'>sens</span> <span class='ocrx_word' id='word_1_873' title='bbox 2332 4935 2743 5002; x_wconf 87' lang='lat' dir='ltr'>Ecclesia,non</span> <span class='ocrx_word' id='word_1_874' title='bbox 2775 4938 3262 4996; x_wconf 61' lang='lat' dir='ltr'>transferetur&#39;de</span> <span class='ocrx_word' id='word_1_875' title='bbox 3304 4941 3431 4996; x_wconf 91' lang='lat' dir='ltr'>loco</span> <span class='ocrx_word' id='word_1_876' title='bbox 3480 4942 3555 4997; x_wconf 87' lang='lat' dir='ltr'>ad</span> <span class='ocrx_word' id='word_1_877' title='bbox 3601 4941 3808 5009; x_wconf 89' lang='lat' dir='ltr'>locum,</span> 
     </span>
    </p>
   </div>
   <div class='ocr_carea' id='block_1_108' title="bbox 2163 5023 3810 5104">
    <p class='ocr_par' dir='ltr' id='par_1_108' title="bbox 2163 5023 3810 5104">
     <span class='ocr_line' id='line_1_108' title="bbox 2163 5023 3810 5104; baseline 0.005 -26"><span class='ocrx_word' id='word_1_878' title='bbox 2163 5023 2224 5078; x_wconf 88' lang='lat' dir='ltr'>id</span> <span class='ocrx_word' id='word_1_879' title='bbox 2253 5027 2345 5078; x_wconf 88' lang='lat' dir='ltr'>est</span> <span class='ocrx_word' id='word_1_880' title='bbox 2377 5040 2490 5078; x_wconf 92' lang='lat' dir='ltr'>non</span> <span class='ocrx_word' id='word_1_881' title='bbox 2522 5024 2847 5080; x_wconf 89' lang='lat' dir='ltr'>mutabitur</span> <span class='ocrx_word' id='word_1_882' title='bbox 2874 5027 2948 5082; x_wconf 88' lang='lat' dir='ltr'>de</span> <span class='ocrx_word' id='word_1_883' title='bbox 2977 5027 3129 5086; x_wconf 81' lang='lat' dir='ltr'>bono</span> <span class='ocrx_word' id='word_1_884' title='bbox 3157 5029 3232 5086; x_wconf 85' lang='lat' dir='ltr'>ad</span> <span class='ocrx_word' id='word_1_885' title='bbox 3264 5028 3669 5104; x_wconf 87' lang='lat' dir='ltr'>malum,quia</span> <span class='ocrx_word' id='word_1_886' title='bbox 3696 5045 3810 5087; x_wconf 82' lang='lat' dir='ltr'>ses-</span> 
     </span>
    </p>
   </div>
   <div class='ocr_carea' id='block_1_109' title="bbox 2161 5111 3806 5190">
    <p class='ocr_par' dir='ltr' id='par_1_109' title="bbox 2161 5111 3806 5190">
     <span class='ocr_line' id='line_1_109' title="bbox 2161 5111 3806 5190; baseline 0.005 -23"><span class='ocrx_word' id='word_1_887' title='bbox 2161 5111 2388 5167; x_wconf 87' lang='lat' dir='ltr'>sionem</span> <span class='ocrx_word' id='word_1_888' title='bbox 2409 5111 2585 5166; x_wconf 88' lang='lat' dir='ltr'>habet</span> <span class='ocrx_word' id='word_1_889' title='bbox 2597 5111 2898 5170; x_wconf 86' lang='lat' dir='ltr'>Christum</span> <span class='ocrx_word' id='word_1_890' title='bbox 2923 5120 2982 5172; x_wconf 88' lang='lat' dir='ltr'>et</span> <span class='ocrx_word' id='word_1_891' title='bbox 3000 5121 3092 5172; x_wconf 87' lang='lat' dir='ltr'>est</span> <span class='ocrx_word' id='word_1_892' title='bbox 3112 5118 3228 5174; x_wconf 79' lang='lat' dir='ltr'>fixa</span> <span class='ocrx_word' id='word_1_893' title='bbox 3244 5133 3426 5190; x_wconf 87' lang='lat' dir='ltr'>super</span> <span class='ocrx_word' id='word_1_894' title='bbox 3451 5131 3629 5175; x_wconf 77' lang='lat' dir='ltr'>&#39;eum.</span> <span class='ocrx_word' id='word_1_895' title='bbox 3653 5119 3806 5186; x_wconf 82' lang='lat' dir='ltr'>Quod</span> 
     </span>
    </p>
   </div>
   <div class='ocr_carea' id='block_1_110' title="bbox 2164 5198 3806 5280">
    <p class='ocr_par' dir='ltr' id='par_1_110' title="bbox 2164 5198 3806 5280">
     <span class='ocr_line' id='line_1_110' title="bbox 2164 5198 3806 5280; baseline 0.006 -25"><span class='ocrx_word' id='word_1_896' title='bbox 2164 5203 2358 5255; x_wconf 86' lang='lat' dir='ltr'>autem</span> <span class='ocrx_word' id='word_1_897' title='bbox 2389 5198 2550 5264; x_wconf 89' lang='lat' dir='ltr'>dicit,</span> <span class='ocrx_word' id='word_1_898' title='bbox 2581 5215 2696 5256; x_wconf 87' lang='lat' dir='ltr'>non</span> <span class='ocrx_word' id='word_1_899' title='bbox 2731 5203 3070 5260; x_wconf 77' lang='lat' dir='ltr'>au-‘l‘ersntur</span> <span class='ocrx_word' id='word_1_900' title='bbox 3113 5206 3258 5262; x_wconf 89' lang='lat' dir='ltr'>clavi</span> <span class='ocrx_word' id='word_1_901' title='bbox 3297 5208 3450 5278; x_wconf 89' lang='lat' dir='ltr'>ejus,</span> <span class='ocrx_word' id='word_1_902' title='bbox 3477 5223 3590 5280; x_wconf 89' lang='lat' dir='ltr'>per</span> <span class='ocrx_word' id='word_1_903' title='bbox 3633 5213 3806 5264; x_wconf 77' lang='lat' dir='ltr'>meta-</span> 
     </span>
    </p>
   </div>
   <div class='ocr_carea' id='block_1_111' title="bbox 2163 5287 3803 5361">
    <p class='ocr_par' dir='ltr' id='par_1_111' title="bbox 2163 5287 3803 5361">
     <span class='ocr_line' id='line_1_111' title="bbox 2163 5287 3803 5361; baseline 0.006 -20"><span class='ocrx_word' id='word_1_904' title='bbox 2163 5289 2407 5361; x_wconf 85' lang='lat' dir='ltr'>phoram</span> <span class='ocrx_word' id='word_1_905' title='bbox 2427 5287 2704 5360; x_wconf 88' lang='lat' dir='ltr'>loquitur.</span> <span class='ocrx_word' id='word_1_906' title='bbox 2722 5291 2904 5347; x_wconf 87' lang='lat' dir='ltr'>Sicuti</span> <span class='ocrx_word' id='word_1_907' title='bbox 2928 5295 3369 5352; x_wconf 85' lang='lat' dir='ltr'>tabernaculum</span> <span class='ocrx_word' id='word_1_908' title='bbox 3383 5295 3471 5352; x_wconf 84' lang='lat' dir='ltr'>vel</span> <span class='ocrx_word' id='word_1_909' title='bbox 3489 5297 3803 5354; x_wconf 76' lang='lat' dir='ltr'>tentorium</span> 
     </span>
    </p>
   </div>
   <div class='ocr_carea' id='block_1_112' title="bbox 2163 5375 3800 5452">
    <p class='ocr_par' dir='ltr' id='par_1_112' title="bbox 2163 5375 3800 5452">
     <span class='ocr_line' id='line_1_112' title="bbox 2163 5375 3800 5452; baseline 0.005 -20"><span class='ocrx_word' id='word_1_910' title='bbox 2163 5377 2284 5433; x_wconf 87' lang='lat' dir='ltr'>sive</span> <span class='ocrx_word' id='word_1_911' title='bbox 2313 5377 2532 5450; x_wconf 87' lang='lat' dir='ltr'>papilio</span> <span class='ocrx_word' id='word_1_912' title='bbox 2561 5375 2832 5434; x_wconf 83' lang='lat' dir='ltr'>ﬁrmatur</span> <span class='ocrx_word' id='word_1_913' title='bbox 2851 5381 3076 5452; x_wconf 64' lang='lat' dir='ltr'>,olavis,</span> <span class='ocrx_word' id='word_1_914' title='bbox 3106 5385 3442 5442; x_wconf 72' lang='lat' dir='ltr'>extenditur</span> <span class='ocrx_word' id='word_1_915' title='bbox 3488 5385 3800 5443; x_wconf 82' lang='lat' dir='ltr'>funiculis:</span> 
     </span>
    </p>
   </div>
   <div class='ocr_carea' id='block_1_113' title="bbox 2161 5453 3803 5543">
    <p class='ocr_par' dir='ltr' id='par_1_113' title="bbox 2161 5453 3803 5543">
     <span class='ocr_line' id='line_1_113' title="bbox 2161 5453 3803 5543; baseline 0.005 -21"><span class='ocrx_word' id='word_1_916' title='bbox 2161 5465 2248 5522; x_wconf 89' lang='lat' dir='ltr'>sic</span> <span class='ocrx_word' id='word_1_917' title='bbox 2277 5453 2480 5522; x_wconf 44' lang='lat' dir='ltr'>sieta</span> <span class='ocrx_word' id='word_1_918' title='bbox 2511 5465 2768 5523; x_wconf 87' lang='lat' dir='ltr'>Ecclesia</span> <span class='ocrx_word' id='word_1_919' title='bbox 2794 5468 3081 5528; x_wconf 86' lang='lat' dir='ltr'>solidatur</span> <span class='ocrx_word' id='word_1_920' title='bbox 3109 5472 3307 5543; x_wconf 87' lang='lat' dir='ltr'>clavis,</span> <span class='ocrx_word' id='word_1_921' title='bbox 3340 5475 3398 5530; x_wconf 88' lang='lat' dir='ltr'>id</span> <span class='ocrx_word' id='word_1_922' title='bbox 3425 5480 3519 5531; x_wconf 89' lang='lat' dir='ltr'>est</span> <span class='ocrx_word' id='word_1_923' title='bbox 3558 5477 3803 5532; x_wconf 79' lang='lat' dir='ltr'>doctori-</span> 
     </span>
    </p>
   </div>
   <div class='ocr_carea' id='block_1_114' title="bbox 2163 5555 3805 5628">
    <p class='ocr_par' dir='ltr' id='par_1_114' title="bbox 2163 5555 3805 5628">
     <span class='ocr_line' id='line_1_114' title="bbox 2163 5555 3805 5628; baseline 0.005 -17"><span class='ocrx_word' id='word_1_924' title='bbox 2163 5555 2275 5611; x_wconf 90' lang='lat' dir='ltr'>bus</span> <span class='ocrx_word' id='word_1_925' title='bbox 2307 5555 2550 5622; x_wconf 83' lang='lat' dir='ltr'>sanctis,</span> <span class='ocrx_word' id='word_1_926' title='bbox 2574 5571 2821 5628; x_wconf 90' lang='lat' dir='ltr'>quorum</span> <span class='ocrx_word' id='word_1_927' title='bbox 2856 5559 3158 5618; x_wconf 86' lang='lat' dir='ltr'>miraculis</span> <span class='ocrx_word' id='word_1_928' title='bbox 3189 5564 3458 5620; x_wconf 83' lang='lat' dir='ltr'>eruditur</span> <span class='ocrx_word' id='word_1_929' title='bbox 3489 5582 3502 5622; x_wconf 93' lang='lat'><strong>:</strong></span> <span class='ocrx_word' id='word_1_930' title='bbox 3536 5570 3594 5622; x_wconf 86' lang='lat' dir='ltr'>et</span> <span class='ocrx_word' id='word_1_931' title='bbox 3623 5569 3805 5622; x_wconf 79' lang='lat' dir='ltr'>exten-</span> 
     </span>
    </p>
   </div>
  </div>
