4048 6190
226 338 351 407 889

1270 344 1675 408 COMMENT.
1725 346 1803 406 ΙΝ
1846 344 2145 449 lSAlAM.
2193 384 2271 394 —
2308 348 2460 412 LIB.
2507 352 2582 414 ll.

3526 356 3648 435 896

216 479 393 537 ditur
420 477 720 548 funiculis,
744 478 853 536 hoc
872 483 980 548 est,
1006 476 1335 536 divinarum
1357 479 1722 553 eloquiorum
1755 482 1884 537 fun-
1907 476 1965 547 Α
1996 479 2300 576 auferetur
2313 484 2394 576 ab
2426 502 2493 542 eo
2522 486 2799 562 iniquitat
2821 493 2952 565 ejus
2973 512 3041 553 ex
3060 496 3170 555 hoc
3195 499 3365 569 facto,
3390 502 3530 576 quia
3549 490 3653 562 De.

227 571 407 627 datis.

305 684 335 712 «ι
363 661 513 728 Quia
540 660 621 717 ibi
645 682 674 711 »
697 661 806 717 hoc
836 665 944 729 est,
970 662 1028 717 in
1068 660 1342 718 cordibus
1381 662 1697 719 electorum
1739 682 1876 721 suo-

230 766 388 817 rum,
404 774 433 802 «
451 751 802 823 magnificus
823 756 913 807 est
930 752 1209 807 Dominus
1228 757 1376 808 Deus
1398 757 1598 809 noster
1616 771 1664 808 ε»
1681 758 1739 809 et
1762 772 1879 812 non

227 841 287 898 in
321 840 742 897 conventiculis
771 841 1198 911 haereticorum,
1232 858 1422 913 neque
1460 842 1518 896 in
1564 845 1881 915 synagogis

225 928 568 987 Iudaeorum
592 953 621 980 ‹‹
653 930 817 986 locus
848 931 1181 1000 fluviorum,
1209 954 1236 981 ››
1259 932 1546 989 subaudis
1585 937 1675 988 est
1719 934 1797 989 ibi
1829 937 1888 990 et

231 1040 264 1070 «
296 1020 403 1075 rivi
435 1018 709 1076 altissimi
744 1024 799 1076 et
829 1024 1113 1093 patentes.
1138 1045 1165 1072 »
1189 1022 1419 1078 Fluvios
1458 1023 1713 1095 appellat
1749 1041 1886 1095 pro-

230 1108 445 1181 phetas
484 1112 541 1164 et
583 1109 898 1181 apostolos,
924 1111 1021 1183 qui
1056 1128 1091 1166 a
1116 1129 1249 1168 vero
1300 1112 1456 1168 fonte
1507 1116 1890 1185 sumpserunt

230 1214 362 1271 quae
384 1197 554 1253 nobis
576 1198 967 1271 protulerunt.
998 1200 1169 1256 Rivos
1195 1205 1390 1258 autem
1415 1206 1698 1274 patentes,
1722 1219 1890 1275 expo-

231 1288 446 1343 sitores
476 1290 811 1344 sanctarum
844 1289 1304 1362 Scripturarum,
1330 1292 1430 1363 qui
1465 1291 1634 1347 nobis
1663 1307 1731 1347 ea
1761 1309 1886 1365 quae

231 1388 265 1432 a
301 1377 600 1450 prophetis
629 1382 688 1434 et
718 1379 998 1451 apostolis
1027 1381 1273 1437 obscure
1311 1380 1538 1454 prolata
1583 1384 1740 1447 sunt,
1776 1381 1885 1453 ipsi

230 1470 501 1540 patenter
545 1467 828 1535 fecerunt,
870 1470 935 1523 ut
983 1468 1391 1542 Hieronymus,
1415 1470 1799 1541 Augustinus,
1832 1473 1890 1525 et

229 1556 570 1628 Gregorius.
596 1579 623 1606 ι(
651 1556 778 1612 Non
811 1557 1089 1612 transibit
1116 1573 1220 1630 per
1247 1575 1403 1627 eum,
1432 1580 1453 1607 ιι
1487 1559 1772 1615 subaudis
1800 1562 1887 1614 ta-

229 1644 641 1713 bernaculum,
666 1647 821 1718 quod
844 1651 934 1703 est
963 1647 1334 1720 congregatio
1365 1647 1704 1716 electorum,
1728 1672 1755 1699 ‹‹
1792 1666 1890 1704 na-

226 1734 321 1790 vis
376 1733 712 1808 remigium,
742 1756 770 1784 ››
803 1735 857 1790 id
909 1738 1018 1806 est,
1070 1735 1362 1804 diabolus,
1386 1760 1415 1787 ‹‹
1450 1754 1637 1810 neque
1692 1737 1888 1795 trieris

227 1839 451 1898 magna
472 1823 905 1897 transgreditur
924 1840 1119 1893 eum,»
1146 1825 1733 1917 subaudispOpulum
1760 1845 1889 1883 san-
1920 1846 1972 1917 Β

227 1915 392 1969 ctum
425 1911 548 1969 Dei.
580 1912 798 1971 Tristis
844 1914 1008 1970 navis
1039 1918 1129 1971 est
1166 1918 1285 1971 tres
1326 1916 1561 1973 ordines
1592 1934 1889 1974 remorum

227 2001 483 2058 habens.
500 2001 815 2075 Signiﬁcat
840 2003 1140 2061 diabolum
1162 2006 1223 2061 in
1248 2005 1359 2061 isto
1384 2005 1508 2061 loco
1538 2012 1776 2081 propter
1800 2026 1895 2065 sur

229 2092 522 2167 perbiam,
545 2092 646 2164 qui
676 2095 794 2149 tres
826 2097 1018 2167 partes
1047 2093 1219 2151 istius
1250 2094 1429 2163 orbis,
1454 2095 1675 2168 Asiam,
1711 2097 1891 2154 Euro-

230 2194 403 2255 pam,
432 2180 806 2255 Africamque
837 2186 971 2239 ante
1021 2183 1335 2240 adventum
1369 2185 1596 2241 Domini
1626 2204 1732 2243 suo
1781 2189 1891 2243 sub

231 2269 490 2343 imperio
519 2271 868 2345 subjugatas
898 2271 1170 2329 habebat.

313 2382 343 2409 ‹‹
378 2359 662 2416 Dominus
692 2360 848 2417 enim
890 2362 1074 2433 judex
1121 2364 1337 2431 noster,
1362 2365 1644 2422 Dominus
1691 2365 1895 2441 legifer

231 2450 761 2517 noster,Dominus
789 2468 887 2507 rex
916 2454 1131 2519 noster,
1154 2452 1281 2525 ipse
1314 2453 1561 2510 salvabit
1590 2473 1716 2525 nos,
1737 2482 1758 2510 ι
1786 2474 1890 2513 su-

231 2537 457 2595 baudis
485 2556 519 2594 a
547 2538 928 2596 diabolo.Vox
960 2538 1276 2596 electorum
1299 2541 1356 2597 in
1381 2542 1687 2614 pcnnitenti
1708 2545 1893 2602 Eccle-

230 2626 329 2684 sia
354 2627 547 2683 adhuc
569 2629 1081 2685 commorantium.
1100 2630 1287 2686 Judex
1309 2637 1509 2687 noster
1526 2632 1681 2689 Deus
1703 2634 1891 2689 omni-

229 2719 450 2789 potens
468 2718 578 2783 est,
598 2715 737 2789 quia
757 2716 883 2790 ipse
904 2718 992 2774 est
1013 2718 1297 2775 discretor
1318 2719 1547 2791 judicii,
1572 2724 1629 2777 et
1652 2720 1776 2794 ipse
1800 2724 1893 2794 ju-

227 2804 463 2861 dicabit
482 2806 681 2862 orbem
702 2806 1045 2863 universum
1066 2807 1125 2863 in
1148 2808 1440 2880 mquitate.
1468 2809 1695 2882 Legit'er
1714 2812 1891 2868 etiam

227 2900 443 2952 noster
470 2898 561 2951 est
591 2895 733 2967 quia
759 2895 884 2968 ipse
915 2895 1077 2952 dedit
1108 2896 1276 2953 nobis
1319 2895 1508 2971 legem
1539 2900 1889 2972 naturalem,

225 2994 367 3058 quis
401 2987 527 3039 est:
555 2985 715 3051 Quod
749 2984 852 3041 tibi
883 3002 1001 3041 non
1035 2985 1126 3041 vis
1166 2986 1311 3053 fieri,
1340 2986 1439 3042 alii
1471 3005 1543 3045 ne
1573 2988 1800 3045 feceris.
1822 2988 1894 3045 Et

224 3072 431 3147 legem
463 3088 568 3145 per
597 3071 818 3129 Mosen.
851 3075 935 3130 Ad
969 3078 1293 3132 extremum
1322 3093 1456 3133 vero
1500 3077 1688 3152 legem
1719 3094 1891 3136 evan-

221 3158 436 3237 gelicae
461 3160 744 3217 veritatis.

1992 569 2135 625 mini
2167 570 2484 631 vindictam
2515 580 2798 636 exercuit.

2560 722 2798 781 CAPUT
2836 725 3076 784 XXXIV.

2066 862 2093 889 ‹‹
2127 843 2413 912 Accedite,
2450 853 2673 918 gentes,
2708 854 2766 904 et
2804 852 3033 920 audite;
3066 858 3123 909 et
3161 857 3359 929 populi
3400 863 3650 918 attendi-

1998 932 2073 985 te.
2102 953 2128 977 η
2167 933 2241 988 De
2271 934 2365 989 die
2385 936 2598 1005 judicii
2633 941 2925 1010 generalis
2956 945 3246 1001 sententia
3277 946 3561 1020 loquitur,
3595 954 3653 1008 et

1995 1024 2163 1074 vocat
2191 1037 2395 1078 omnes
2440 1031 2645 1096 gentes
2676 1032 2741 1083 ut
2770 1030 3013 1087 audiant
3045 1034 3271 1105 justam
3313 1038 3649 1096 retributio-

1998 1110 2383 1201 nemiludaeis
2416 1114 2726 1171 redditam.
2758 1118 2941 1175 Vocat
2978 1121 3155 1177 etiam
3187 1127 3405 1181 terram
3434 1132 3492 1183 et
3521 1128 3649 1201 ple-

1997 1195 2325 1253 nitudinem
2359 1201 2508 1271 ejus,
2529 1202 2587 1258 id
2613 1209 2722 1273 est,
2747 1223 2952 1263 omnes
2983 1209 3271 1281 homines,
3295 1218 3352 1269 et
3379 1195 3560 1272 dicit:

2071 1308 2099 1335 «ι
2132 1288 2278 1353 Quia
2304 1288 2690 1364 indignatio,»
2713 1295 2771 1350 id
2801 1300 2910 1363 est,
2942 1296 3200 1356 vindicta
3236 1321 3259 1349 ι
3294 1303 3526 1361 Domini
3555 1324 3650 1362 su-

1996 1392 2100 1447 per
2118 1394 2322 1433 omnes
2343 1385 2567 1452 gentes.
2581 1405 2607 1431 ››
2628 1384 2747 1439 Non
2775 1401 2953 1458 super
2968 1393 3171 1459 gentes
3192 1390 3249 1444 in
3269 1408 3653 1467 quascunque

1997 1466 2331 1538 specialiter
2359 1467 2446 1524 ira
2477 1471 2703 1527 Domini
2738 1474 3009 1531 desaaviet
3049 1477 3107 1532 in
3148 1479 3243 1535 die
3278 1479 3513 1551 judicii,
3550 1466 3651 1539 sed

1997 1571 2174 1626 super
2204 1572 2409 1612 omnes
2441 1561 2738 1631 reprobos.
2765 1564 2928 1629 Quod
2961 1569 3159 1621 autem
3193 1568 3355 1637 addit
3378 1587 3430 1625 ;‹‹
3460 1571 3529 1626 Et
3558 1572 3650 1627 fu—

1997 1659 2095 1698 ror
2123 1660 2301 1715 super
2331 1646 2663 1703 universam
2706 1650 2980 1706 militiam
3011 1669 3235 1721 eorum,
3266 1678 3292 1703 η
3314 1656 3373 1712 id
3423 1662 3531 1725 est,
3567 1675 3654 1716 re-

1996 1732 2413 1804 proborum,de
2432 1736 2653 1808 angelis
2674 1738 2950 1811 malignis
2971 1740 3417 1815 intelligendum
3434 1746 3653 1819 est,qui

2002 1836 2104 1893 per
2132 1822 2323 1893 spatia
2354 1824 2505 1879 aeris
2546 1824 2720 1882 istius
2752 1826 3113 1901 discurrunt,
3144 1835 3203 1887 et
3249 1849 3385 1889 cum
3435 1836 3653 1907 quibus

2002 1910 2316 1981 Apostolus
2337 1911 2479 1967 dicit
2503 1930 2609 1969 nos
2640 1915 2853 1971 habere
2883 1917 3179 1974 luctamen
3204 1921 3417 1993 (Ephcs.
3435 1926 3537 1992 vr).
3564 1925 3656 1981 Ino

2003 1998 2229 2054 terfecit
2269 2016 2369 2057 eos
2400 2001 2669 2058 Christus
2720 2007 3010 2063 sententia
3059 2025 3169 2064 sua
3213 2010 3416 2067 dicens
3448 2028 3461 2068 :
3490 2034 3517 2062 α
3550 2014 3653 2083 Ite,

1972 2166 1977 2171 1
2002 2087 2319 2157 maledicti,
2344 2090 2402 2144 in
2425 2089 2621 2163 ignem
2646 2097 2929 2150 zeternum
2948 2096 3385 2169 (Matt/i.xxv).»«
3400 2101 3473 2156 Et
3490 2102 3655 2159 dedit

2001 2176 2087 2231 eis
2116 2178 2546 2251 occisionem,»
2576 2181 2686 2237 hoc
2716 2187 2806 2238 est
2845 2183 2928 2239 ire
2968 2186 3239 2257 permisit
3275 2187 3336 2243 in
3377 2192 3653 2247 aeternam

2001 2266 2464 2324 damnationem.

2079 2376 2101 2403 ε
2130 2356 2418 2414 Interfecti
2446 2376 2649 2415 eorum
2683 2362 3066 2433 projicientur
3091 2387 3117 2412 »ι
3143 2364 3200 2419 in
3231 2363 3526 2422 infernum
3549 2390 3578 2417 «
3601 2368 3659 2424 et

2001 2444 2075 2499 de
2117 2445 2498 2503 cadaveribus
2536 2465 2737 2505 eorum
2778 2453 3057 2508 ascendet
3096 2454 3259 2509 fetor.
3290 2477 3316 2503 ››
3338 2457 3495 2521 Quos
3522 2456 3657 2513 ‘dia-

2001 2533 2172 2589 belus
2205 2537 2506 2593 suadendo
2535 2543 2594 2593 et
2623 2539 2763 2595 mali
2803 2540 3074 2597 homines
3114 2543 3266 2599 male
3303 2545 3567 2615 vivendo,
3600 2551 3660 2604 et

2001 2624 2197 2695 pravis
2227 2625 2509 2696 exemplis
2539 2629 2801 2685 docendo
2832 2629 3250 2687 interfecerunt
3286 2651 3404 2690 non
3434 2636 3496 2690 in
3527 2652 3658 2692 eor-

2001 2729 2140 2784 pore
2170 2714 2269 2768 sed
2295 2713 2351 2767 in
2374 2714 2591 2784 anima,
2620 2716 3003 2789 projieientur
3023 2720 3081 2775 in
3100 2719 3192 2775 die
3204 2721 3418 2792 judicii
3439 2724 3659 2795 pariter

2002 2816 2136 2855 cum
2167 2801 2261 2857 bis
2292 2820 2323 2857 a
2347 2803 2567 2874 quibus
2598 2805 2824 2878 decepti
2848 2811 2990 2862 sunt
3018 2808 3078 2863 in
3110 2811 3385 2864 aeternam
3418 2811 3657 2867 damna-

1999 2888 2219 2945 tionem
2251 2892 2551 2948 cruciandi
2581 2910 2593 2948 :
2620 2898 2676 2949 et
2704 2895 2929 2951 dabunt
2956 2913 3025 2952 ex
3055 2913 3117 2952 se
3146 2896 3368 2954 malum
3388 2900 3654 2970 odorem,

2001 2978 2141 3051 quia
2169 2983 2227 3034 et
2255 2978 2312 3034 in
2346 2997 2585 3054 corpore
2614 2986 2673 3039 et
2699 2982 2758 3038 in
2792 2983 2988 3040 anima
3019 2984 3460 3043 cruciabuntur.

2076 3089 2104 3117 ι(
2120 3069 2445 3126 Tabescent
2467 3076 2697 3128 montes
2719 3089 2753 3128 a
2772 3073 3059 3147 sanguine
3080 3091 3304 3147 eorum,
3321 3080 3380 3132 et
3391 3076 3654 3135 tabescet

1931 3216 1968 3237 κ
2005 3156 2199 3213 omnis
2246 3157 2457 3214 militia
2499 3160 2800 3216 calorum.
2829 3183 2857 3211 »
2880 3162 3107 3218 Montes
3136 3163 3392 3237 appellat
3436 3165 3497 3220 in
3538 3164 3653 3222 isto

305 3272 342 3301 ‹‹
364 3248 568 3306 Laxati
590 3254 731 3306 sunt
752 3250 998 3307 funiculi
1026 3252 1134 3324 tui,
1154 3254 1254 3310 sed
1278 3272 1391 3311 non
1423 3255 1837 3329 praevalebunt.
1863 3282 1889 3309 n

2006 3246 2131 3302 loco
2153 3263 2319 3321 reges
2340 3252 2397 3304 et
2427 3248 2722 3322 principes
2751 3255 2809 3307 et
2838 3254 3115 3324 tyrannos
3144 3220 3318 3309 istius
3346 3220 3658 3323 saaculi,vut

220 3341 535 3398 Hactenus
580 3339 814 3396 locutus
844 3345 933 3396 est
964 3342 1034 3397 de
1072 3342 1438 3400 Hierusalem
1478 3346 1716 3415 ccelesti,
1740 3351 1796 3403 et
1822 3349 1893 3405 de

217 3429 497 3487 Ecclesia
528 3429 832 3502 praesentis
864 3431 1081 3486 steculi.
1106 3433 1272 3489 Nunc
1301 3450 1436 3490 vero
1479 3437 1789 3493 revertitur
1819 3439 1891 3494 ad

220 3522 533 3575 terrenam
567 3518 951 3587 Hierusalem,
976 3520 1220 3593 loquens
1239 3523 1308 3578 de
1335 3540 1403 3579 ea
1432 3526 1542 3581 sub
1574 3526 1764 3599 specie
1796 3544 1895 3583 na-

216 3608 337 3664 vis.
368 3606 573 3664 Laxati
607 3611 747 3664 sunt
776 3607 1021 3665 funiculi
1044 3610 1151 3676 tui,
1176 3628 1278 3683 pro
1310 3629 1376 3667 eo
1404 3616 1556 3685 quod
1583 3620 1671 3671 est
1698 3616 1892 3674 omnis

217 3696 522 3753 fortitudo
553 3696 755 3771 populi
784 3698 870 3753 tui
902 3697 1212 3768 laxabitur,
1237 3704 1293 3757 et
1314 3704 1677 3776 extendetur,
1700 3704 1891 3762 nitens

216 3800 501 3859 pugnare
525 3790 731 3843 contra
752 3786 1048 3844 Romanos
1074 3805 1085 3844 :
1113 3790 1213 3845 sed
1235 3808 1351 3846 non
1375 3792 1724 3864 praevalebit,
1754 3794 1894 3867 quia

214 3873 528 3932 Dominus
561 3874 813 3932 adducet
838 3893 937 3932 eos
976 3877 1047 3931 ad
1097 3877 1181 3932 tui
1232 3878 1710 3937 internecionem.
1735 3906 1763 3934 «
1797 3885 1891 3941 Sic

211 3966 341 4023 erit
373 3963 575 4020 malus
598 3968 800 4031 tuus,»
820 3965 932 4021 hoc
955 3969 1043 4021 est
1071 3966 1357 4040 templum
1388 3967 1669 4043 inclytum
1696 3975 1888 4042 tuum,

211 4054 279 4109 in
332 4068 460 4126 quo
518 4053 815 4125 quondam
871 4053 1206 4126 pendebant
1260 4053 1387 4111 vela
1442 4057 1888 4128 pretiosissima.

209 4166 241 4193 ‹‹
275 4141 361 4199 Ut
395 4139 647 4199 dilatare
689 4139 926 4216 signum
973 4160 1087 4198 non
1120 4160 1372 4216 queas,»
1408 4144 1467 4200 id
1516 4150 1627 4215 est,
1661 4150 1726 4202 ut
1775 4165 1889 4205 non

206 4233 519 4305 appareat
547 4230 607 4286 in
639 4246 756 4303 quo
804 4230 932 4287 loco
981 4232 1257 4303 primitus
1304 4237 1708 4291 constructum
1759 4237 1888 4306 fuit,

204 4320 367 4394 quia
404 4336 524 4374 non
574 4317 940 4392 relinquetur
984 4337 1053 4376 ex
1082 4337 1147 4376 eo
1187 4320 1339 4395 lapis
1387 4339 1564 4397 super
1609 4323 1887 4397 lapidem.

203 4433 237 4459 ‹‹
264 4408 515 4477 Tunc,»
535 4409 595 4464 id
625 4414 733 4477 est,
760 4426 894 4465 cum
925 4409 1287 4467 Hierusalem
1318 4412 1493 4468 fuerit
1524 4430 1807 4471 succensa
1835 4419 1893 4473 et

198 4495 586 4571 templum,«
606 4495 942 4554 dividentur
961 4498 1149 4573 spolia
1168 4501 1496 4573 praedarum
1521 4502 1886 4561 multarum»

2003 3336 2114 3392 fuit
2143 3337 2704 3411 Nabuchodonosor,
2735 3339 2835 3413 qui
2870 3340 3191 3398 multarum
3223 3344 3485 3417 gentium
3516 3360 3653 3401 san-

2002 3426 2240 3499 guinem
2273 3444 2451 3500 super
2490 3430 2825 3501 subjectum
2869 3430 2983 3486 sibi
3028 3431 3313 3504 populum
3363 3434 3557 3490 fudit:
3593 3432 3661 3491 ut

2002 3516 2240 3572 fuerunt
2262 3517 2661 3575 interfectores
2679 3524 3016 3575 sanctorum
3034 3521 3657 3593 martyrumMilitiam

1999 3621 2134 3661 vero
2165 3606 2290 3663 cceli
2327 3607 2572 3680 angulos
2619 3608 2791 3664 istius
2823 3609 2974 3663 aeris
3013 3608 3113 3679 qui
3160 3608 3413 3681 singulis
3463 3611 3658 3683 regnis

2000 3694 2432 3768 principantur,
2483 3696 2637 3751 sicut
2684 3696 2742 3751 in
2794 3695 3052 3751 Danielis
3100 3696 3247 3752 libro
3296 3700 3435 3769 (mp.
3470 3699 3526 3769 x)
3556 3714 3656 3753 co-

2000 3799 2281 3856 gnoscere
2310 3801 2651 3857 possumus,
2674 3784 2731 3839 in
2756 3800 2872 3856 quo
2902 3784 3116 3856 legitur
3140 3785 3211 3839 de
3239 3784 3502 3857 principe
3532 3786 3660 3843 Per-

2000 3890 2199 3929 sarum
2232 3876 2290 3928 et
2318 3872 2581 3945 principe
2609 3874 2963 3929 Graecorum.
2986 3872 3056 3928 Et
3083 3872 3355 3946 egregius
3387 3874 3659 3946 praedica-

2000 3966 2094 4019 tor
2125 3979 2138 4017 :
2173 3963 2297 4017 Non
2349 3965 2439 4017 est
2487 3960 2724 4034 (inquit)
2776 3960 2947 4017 nobis
2993 3960 3327 4017 colluctatio
3376 3963 3656 4021 adversus

2001 4070 2235 4109 carnem
2258 4056 2315 4108 ct
2335 4051 2708 4125 sanguinem,
2738 4051 2837 4107 sed
2864 4052 3144 4107 adversus
3166 4052 3463 4125 principes
3483 4057 3542 4109 et
3560 4068 3653 4128 po-

1998 4145 2259 4210 testates,
2286 4142 2566 4197 adversus
2613 4140 2820 4196 mundi
2867 4143 3119 4197 rectores
3140 4141 3357 4214 (Ephes.
3374 4142 3475 4216 vi).
3499 4143 3655 4199 Defi-

2000 4231 2158 4287 cient
2188 4230 2345 4286 enim
2396 4246 2562 4303 reges
2592 4247 2696 4302 pro
2736 4229 2909 4287 malis
2959 4230 3362 4302 subjectorum
3411 4246 3654 4289 suorum

2000 4319 2141 4393 quia
2170 4319 2282 4392 ipsi
2314 4319 2552 4374 fuerunt
2598 4322 2865 4375 auctores
2914 4317 3298 4392 iniquitatem
3331 4336 3534 4377 eorum
3559 4338 3574 4377 :
3599 4324 3657 4378 et

2000 4408 2275 4465 deﬁcient
2319 4408 2613 4465 daemones
2643 4407 2937 4482 principes
2968 4408 3330 4463 diversarum
3363 4409 3650 4481 gentium,

2000 4514 2253 4572 quorum
2285 4498 2441 4554 male
2474 4494 2719 4553 consilio
2749 4501 2806 4551 et
2836 4497 3083 4567 decepta
3107 4499 3165 4551 et
3195 4510 3359 4567 reges
3388 4512 3654 4567 peccave

199 4604 239 4642 a
276 4583 608 4653 Romanis,
639 4585 750 4643 hoc
794 4591 885 4643 est
923 4604 1128 4644 omnes
1159 4588 1369 4645 divitia:
1401 4596 1458 4647 et
1487 4598 1699 4649 cuncta
1737 4594 1891 4653 bona
1917 4594 1967 4661 Ῑ)
1996 4595 2135 4647 runt
2155 4594 2212 4645 et
2232 4586 2484 4659 subjecti
2505 4586 2861 4658 perierunt.«
2882 4585 2951 4640 Et
2972 4583 3483 4657 complicabuntur
3498 4584 3653 4642 sicut

191 4672 634 4733 Judaeorum.«
657 4674 860 4732 Claudi
885 4674 1162 4749 diripient
1185 4679 1465 4750 przedam,
1487 4696 1592 4736 nec
1623 4683 1775 4738 dicet
1802 4683 1888 4737 vi-

190 4760 748 4835 cinus,Elangui,»
763 4762 820 4819 id
840 4769 948 4831 est,
964 4782 1080 4820 non
1105 4765 1258 4822 dicet
1279 4766 1581 4825 Romanus
1602 4769 1887 4838 Romano,

1997 4680 2148 4736 liber
2177 4677 2326 4744 coeli,
2346 4680 2404 4731 et
2423 4672 2616 4729 omnis
2638 4671 2864 4727 malitia
2884 4688 3145 4740 eorum,»
3168 4672 3456 4729 subaudis
3486 4673 3653 4730 οωιο.

1998 4786 2152 4834 rum,
2176 4790 2203 4815 «
2238 4764 2472 4832 detinet,
2504 4762 2659 4817 sicut
2691 4759 2898 4816 deﬂ'uit
2939 4761 3144 4817 folium
3174 4762 3245 4818 de
3274 4762 3445 4819 vinea
3479 4766 3538 4818 et
3576 4762 3649 4819 de

1996 4859 2169 4926 ficu,»
2194 4851 2700 4927 appropinquante
2722 4848 2985 4923 hyeme,«
3012 4849 3291 4923 quoniam
3322 4850 3649 4908 inebriatus

1995 4950 2085 5001 est
2117 4945 2172 4999 in
2207 4942 2349 4998 coelo
2383 4940 2616 5014 gladius
2648 4956 2838 4997 meus.
2871 4963 2898 4990 ››

2066 5032 2353 5089 Pluralem
2375 5046 2687 5086 numerum
2712 5030 2908 5105 posuit
2927 5048 3031 5105 pro
3050 5029 3331 5104 singulari
3350 5044 3485 5087 cum
3501 5030 3648 5087 dixit

1995 5122 2291 5196 coeli,quia
2309 5122 2378 5176 de
2399 5119 2511 5177 isto
2533 5136 2663 5176 aere
2684 5120 2793 5176 hoc
2824 5119 3270 5192 intelligendum
3291 5123 3398 5175 est.
3420 5118 3643 5176 leum

1996 5213 2151 5271 enim
2184 5209 2511 5285 appellatur
2532 5226 2630 5265 aer
2660 5207 2875 5265 usitato
2908 5224 3088 5263 more.
3113 5207 3275 5264 Unde
3297 5211 3355 5264 et
3380 5207 3645 5265 volucres

1996 5292 2123 5360 coeli
2154 5300 2426 5357 dicimus.
2447 5299 2654 5355 Militia
2676 5297 2801 5354 caeli
2825 5298 3059 5365 defluet,
3088 5297 3146 5352 id
3169 5302 3277 5365 est,
3302 5297 3387 5353 sol
3417 5300 3474 5352 et
3498 5297 3645 5354 luna

1994 5397 2052 5449 et
2082 5391 2283 5459 stellae,
2308 5389 2393 5445 vel
2428 5388 2605 5444 etiam
2639 5386 2883 5460 maligni
2916 5386 3182 5459 spiritus.
3204 5386 3331 5443 Non
3362 5386 3519 5442 enim
3541 5387 3641 5443 de-

1994 5483 2177 5537 ﬂuent
2206 5479 2286 5534 ita
2305 5478 2498 5534 sidera
2518 5481 2584 5531 ut
2608 5476 2845 5543 ‘cadant,
2869 5476 3337 5549 sedzadveniente
3355 5492 3492 5532 vera
3512 5472 3642 5533 luce

1994 5570 2224 5625 Christo
2254 5564 2796 5623 obtenebrabuntur
2824 5562 2924 5620 illa
2954 5560 2973 5619 ξ’
2999 5564 3154 5620 unde
3184 5569 3241 5621 et
3269 5564 3532 5621 Salvator
3559 5562 3643 5621 di-

1994 5659 2074 5715 cit
2106 5675 2118 5713 :
2149 5654 2388 5713 «Stella:
2428 5652 2635 5710 cadent
2667 5652 2738 5709 de
2777 5651 2918 5710 coelo
2949 5652 3152 5726 (Matth.
3175 5649 3404 5726 xxxv),'i:
3438 5654 3496 5711 id
3527 5658 3636 5724 est,

190 4852 321 4910 1118
332 4866 513 4907 rmns
534 4866 701 4906 sum:
724 4853 862 4926 quia
877 4853 1146 4909 Christus
1163 4854 1523 4911 ministrabit
1541 4858 1626 4913 eis
1646 4859 1890 4927 vires,ut

186 4939 467 5015 possint
487 4939 678 4997 delere
707 4946 941 5013 gentem
967 4942 1345 4999 inimicando.
1370 4944 1573 5001 Claudi
1599 4946 1891 5019 appellan-

180 5034 310 5086 tur
334 5026 626 5099 Romani,
651 5046 767 5085 non
796 5030 953 5102 quod
988 5030 1182 5086 claudi
1209 5036 1424 5101 essent,
1458 5036 1558 5090 sed
1592 5035 1700 5091 hoc
1732 5038 1885 5108 quod

176 5121 438 5176 contra
456 5115 691 5185 Judaeos
722 5124 966 5190 egerunt
990 5137 1106 5176 non
1140 5121 1264 5176 suis
1286 5121 1510 5179 viribus
1540 5123 1683 5181 illud
1709 5124 1887 5180 adim-

176 5207 560 5282 pleverunt,
590 5207 691 5262 sed
725 5208 825 5263 Dei
871 5209 1150 5280 potentia.
1175 5233 1202 5259 ‹‹
1239 5210 1515 5283 Populus,
1546 5236 1572 5261 ››
1604 5214 1888 5271 subaudis

168 5298 596 5359 Romanus,«
612 5293 715 5367 qui
740 5295 968 5352 habitat
986 5297 1047 5352 in
1070 5315 1140 5353 ea
1159 5320 1186 5349 ››
1214 5301 1385 5367 terra,
1411 5300 1519 5356 hoc
1540 5305 1626 5356 est
1645 5303 1742 5373 qui
1777 5305 1886 5360 sub

172 5401 319 5441 sua
346 5384 658 5453 potestate
698 5388 858 5441 tenet
905 5403 1033 5442 eam
1067 5387 1383 5444 redactam.
1408 5390 1766 5445 «Auferetur
1811 5394 1885 5448 ab

172 5492 261 5532 eo
307 5469 678 5542 iniquitas.»
699 5474 769 5529 Et
801 5478 889 5530 est
917 5476 1249 5533 sensus:Si
1290 5477 1545 5551 populus
1587 5479 1886 5537 Romanus

173 5563 357 5635 dign
372 5574 449 5615 us
479 5564 635 5616 esset
664 5566 722 5618 et
762 5561 996 5635 aliquod
1030 5569 1332 5637 peccatum
1374 5567 1579 5623 exinde
1623 5567 1882 5638 haberet,

168 5648 385 5727 quod
422 5647 659 5707 Judaos
691 5650 981 5709 interfecit
1019 5658 1076 5709 et
1123 5671 1323 5711 eorum
1361 5658 1576 5712 terram
1618 5656 1881 5727 incoluit,
