4090 6192
437 317 550 384 891

813 322 1220 386 HAYMONIS
1263 322 1807 385 HALBERSTAT.
1855 319 2098 384 EPlSC.
2145 321 2318 384 ΟΡΡ.
2367 323 2565 385 PARS
2608 323 2658 384 Ι.
2705 358 2782 369 -
2824 325 3228 388 COMMENT.
3274 324 3470 388 BlBL.

3725 325 3848 388 892

437 457 645 516 cadere
672 457 1044 514 videbuntur.
1080 455 1332 528 Spiritus
1362 475 1494 513 vero
1528 457 1767 530 maligni
1801 459 2078 514 detinent.
2109 454 2163 522 Α
2185 457 2396 528 judicii
2429 459 2626 530 Sion,»
2653 459 2940 516 subaudis
2969 458 3180 516 veniet.
3205 460 3322 516 Ista
3351 477 3479 533 qua:
3509 459 3606 517 hic
3635 460 3844 519 dicun-

439 551 578 622 quia
611 549 878 605 amittent
897 563 1128 602 omnem
1153 551 1520 618 potestatem,
1545 551 1602 604 et
1630 548 2006 604 recludentur
2025 548 2084 602 in

437 638 686 692 inferno.
710 633 1167 707 Complicabitur
1195 635 1350 690 enim
1385 636 1492 691 iste
1523 655 1638 704 aer,
1664 638 1804 708 quia
1840 637 1974 710 igne
1995 637 2082 692 in-

435 725 714 791 volvetur,
733 727 790 780 et
818 724 1110 780 videbitur
1139 725 1474 798 complicari
1507 727 1660 782 sicut
1685 727 1852 782 liber.
1875 727 2083 782 Videa-

435 831 570 869 mus
601 817 659 868 et
689 813 858 868 aliter
888 814 959 868 de
987 814 1431 886 complicatione
1461 816 1759 872 caelorum.
1785 821 1909 871 Non
1943 815 2086 870 dicit

433 901 672 958 interire
722 902 918 972 cmlos,
962 905 1064 959 sed
1118 904 1455 976 complicari
1514 907 1682 976 quasi
1741 904 2086 960 librumzut

433 997 746 1066 postquam
775 993 973 1048 omnia
995 999 1229 1066 peccata
1262 1001 1462 1066 aperta
1483 996 1717 1061 fuerint,
1741 995 2086 1066 compliecn-

431 1083 642 1156 turqui
663 1082 825 1156 prius
842 1084 1024 1155 aperti
1045 1084 1292 1151 fuerant,
1310 1089 1373 1138 ut
1391 1101 1761 1156 nequaquam
1780 1085 1932 1138 ultra
1950 1085 2086 1138 scri-

431 1172 650 1227 bantur
667 1171 724 1226 in
746 1171 830 1228 eis
843 1172 1058 1228 delicta
1073 1173 1386 1228 malorum.
1406 1179 1478 1228 Dc
1496 1173 1899 1242 hujuscemodi
1920 1173 2086 1229 libris

428 1261 631 1318 Daniel
655 1260 798 1316 dicit
817 1265 1134 1333 (cap.vn):«
1157 1262 1455 1318 Judicium
1479 1265 1649 1328 sedit,
1667 1267 1723 1318 et
1746 1263 1876 1316 libri
1901 1262 2082 1334 aperti

429 1354 593 1418 sunt,
617 1349 676 1404 in
701 1349 917 1422 quibus
940 1349 1237 1422 descripta
1257 1356 1423 1406 erant
1453 1369 1626 1423 opera
1653 1351 2080 1424 singulorum.»

428 1439 559 1496 Haec
588 1443 786 1494 autem
819 1439 1021 1495 omnia
1051 1441 1190 1494 fient
1220 1441 1361 1512 quia
1391 1441 1716 1497 inebriatus
1745 1445 1854 1506 est,
1882 1441 1937 1495 id
1971 1443 2082 1505 est,

427 1529 688 1602 repletus
717 1532 808 1614 est
837 1527 1070 1601 gladius
1104 1528 1161 1582 in
1193 1527 1336 1584 coelo
1369 1547 1558 1596 meus,
1587 1530 1696 1585 hoc
1742 1535 1830 1586 est
1879 1530 1936 1584 in
1971 1529 2084 1583 isto

425 1634 578 1688 aere,
612 1619 684 1674 ad
716 1618 1044 1690 perdendos
1085 1619 1382 1674 daemones
1426 1623 1484 1674 et
1531 1637 1734 1676 omnes
1783 1619 2081 1690 reprobos,

425 1706 668 1763 Gladius
699 1707 936 1779 (inquit)
969 1724 1138 1762 meus
1169 1707 1496 1764 inebriatus
1527 1713 1616 1764 est
1646 1709 1875 1764 malitia
1903 1705 2086 1762 homi-

2195 550 2308 611 tur,
2332 565 2448 602 non
2481 548 2772 619 pertinent
2799 550 2871 604 ad
2896 549 3216 621 superiora.
3251 550 3386 606 Post
3407 551 3742 624 generalem
3763 555 3846 608 to-

2195 635 2314 691 tius
2343 637 2502 692 orbis
2531 637 3124 703 consummationem,
3149 639 3458 695 revertitur
3481 655 3676 696 sermo
3707 657 3847 713 pro-

2193 723 2464 796 pheticus
2495 725 2566 780 ad
2602 725 2987 794 Hierusalem,
3012 725 3107 783 cui
3137 727 3195 782 in
3225 731 3486 800 tempore
3514 727 3614 784 illo
3644 728 3847 801 loque-

2195 814 2386 881 batur,
2408 818 2467 869 et
2487 815 2872 870 vastationem
2898 817 3027 888 ejus
3059 816 3228 887 pleno
3254 833 3524 872 sermone
3545 819 3845 890 describit,

2193 919 2323 974 qum
2353 921 2388 958 δ.
2419 903 2698 960 Romanis
2731 906 2884 960 facta
2913 910 3022 961 est.
3053 905 3187 961 Dies
3218 905 3462 962 ultionis
3493 905 3726 964 Domini
3759 913 3848 965 est

2191 990 2507 1046 vindicatio
2538 991 2846 1064 sanguinis
2866 993 3102 1049 Christi.
3127 995 3360 1050 Annum
3392 995 3844 1053 retributionum

2185 1079 2395 1150 judicii
2445 1080 2604 1147 Sion,
2641 1081 2898 1152 appellat
2925 1099 3098 1138 omne
3129 1087 3364 1155 tempus
3411 1084 3846 1154 praedicationis

2193 1167 2428 1236 Christi,
2463 1169 2571 1225 hoc
2603 1175 2692 1225 est
2737 1171 2919 1226 trium
2971 1188 3259 1226 annorum
3307 1177 3367 1227 et
3415 1172 3643 1228 dimidii
3681 1191 3696 1229 :
3731 1191 3847 1247 quo

2193 1263 2454 1328 tempore
2483 1264 2962 1331 contempserunt
3007 1259 3364 1317 habitatores
3395 1261 3532 1318 Sion
3587 1263 3845 1335 recipere

2193 1347 2539 1403 salvatorem
2557 1365 2730 1403 suum
2753 1354 2810 1405 et
2831 1348 3368 1422 legislatorem,quo
3383 1351 3560 1406 etiam
3581 1354 3846 1423 tempore

2195 1437 2366 1491 morti
2401 1454 2535 1492 eum
2585 1438 2974 1494 tradiderunt.
3006 1439 3120 1494 Iste
3151 1442 3241 1495 est
3288 1455 3500 1506 annus,
3533 1440 3608 1495 de
3636 1458 3757 1512 quo
3787 1441 3846 1496 in

2195 1526 2694 1603 subsequentibus
2741 1525 2884 1581 dicit
2933 1527 3116 1583 Isaias
3153 1529 3286 1599 (lnf.
3321 1526 3432 1599 LXI)
3474 1544 3546 1583 ex
3594 1545 3846 1600 persona

2197 1613 2326 1670 Filii
2349 1614 2448 1670 Dei
2476 1632 2524 1670 :«
2549 1614 2803 1687 Spiritus
2825 1614 3058 1671 Domini
3085 1633 3262 1688 super
3283 1633 3378 1673 me
3397 1633 3463 1672 eo
3485 1617 3643 1690 quod
3667 1635 3846 1673 unxe-

2195 1702 2270 1758 rit
2313 1719 2424 1774 me,
2459 1703 2852 1776 evangelizare
2899 1705 3256 1776 pauperibus
3302 1704 3466 1762 misit
3511 1723 3630 1774 me,
3661 1710 3724 1762 et
3752 1724 3846 1764 vo-

425 1813 590 1864 num,
623 1796 732 1852 hoc
763 1815 826 1853 es
856 1797 1148 1854 sententia
1194 1797 1282 1853 vel
1343 1797 1488 1853 ultio
1547 1799 1666 1853 sive
1715 1797 1974 1853 vindicta
2004 1797 2073 1852 ad
2105 1825 2154 1890 B
2193 1809 2326 1848 care
2355 1809 2577 1848 annum
2609 1793 3025 1865 acceptabilem
3057 1795 3325 1850 Domino.
3350 1818 3380 1845 ››

423 1885 750 1958 perdendos
782 1887 1061 1956 reprobos
1090 1892 1500 1942 consummata
1527 1893 1637 1943 est.
1666 1911 1694 1936 ‹‹
1728 1889 1870 1944 Ecce
1902 1903 2079 1958 super

422 1975 741 2030 ldumaaam
753 1976 1069 2032 descendet
1085 1974 1316 2048 gladius
1336 1982 1585 2043 meus,et
1600 1994 1776 2049 super
1792 1975 2075 2048 populum

422 2063 846 2120 interfectionis
869 2081 1009 2120 mea:
1040 2065 1111 2120 ad
1137 2065 1487 2136 judicium,»
1515 2066 1799 2121 subaudis
1825 2067 2074 2122 damna-

421 2153 598 2209 tionis
640 2151 850 2209 veniet.
886 2153 1161 2218 Idumz-ea,
1195 2171 1324 2225 qua:
1366 2155 1784 2225 interpretatur
1820 2158 2072 2219 terrena,

422 2242 716 2315 significat
743 2243 901 2297 hunc
933 2243 1245 2297 mundum.
1275 2243 1579 2298 Damnatis
1609 2244 1764 2298 enim
1795 2245 2072 2300 daemoni-

421 2333 533 2388 bus
556 2333 615 2386 in
645 2349 798 2396 aere,
821 2331 1012 2386 veniet
1029 2331 1288 2386 vindicta
1314 2349 1492 2404 super
1512 2333 1790 2402 reprobos
1815 2333 1872 2386 in
1896 2337 2070 2388 terra.

493 2445 521 2470 «
545 2419 846 2487 Gladius,»
871 2419 928 2474 id
951 2423 1060 2485 est,
1082 2418 1359 2488 vindicta,
1382 2442 1408 2469 «
1435 2420 1666 2475 Domini
1699 2421 1954 2492 repletus
1983 2425 2074 2476 est

421 2509 728 2582 sanguine,
756 2530 784 2556 »
815 2507 924 2562 hoc
953 2511 1042 2562 est
1085 2509 1340 2579 peccatis
1369 2507 1699 2564 hominum.
1727 2533 1752 2558 ι(
1780 2509 2072 2564 Incrassa-

419 2603 540 2665 tus,
568 2621 589 2646 n
617 2597 674 2652 id
705 2600 812 2665 est,
863 2595 1144 2668 repletus.
1173 2620 1200 2646 «
1224 2597 1430 2669 Adipe,
1457 2620 1484 2647 »
1507 2596 1562 2653 id
1615 2603 1724 2664 est,
1763 2597 2073 2670 iniquitate

425 2710 447 2738 α
475 2685 855 2759 Impiorum,»
874 2685 933 2742 id
954 2689 1102 2754 est,«
1117 2686 1188 2741 de
1205 2685 1490 2758 sanguine
1508 2704 1792 2760 agnorum
1812 2690 1869 2742 et
1890 2687 2072 2743 hirco-

421 2793 576 2842 rum,
599 2799 626 2826 »
653 2775 940 2844 subaudis
972 2775 1230 2847 repletus
1259 2781 1368 2832 est.
1392 2775 1539 2848 Agni
1559 2781 1842 2832 vocantur
1869 2775 1926 2830 in
1961 2775 2072 2832 islo

419 2865 544 2922 loco
573 2883 689 2921 non
712 2865 1006 2920 mansueti
1030 2870 1089 2920 et
1108 2865 1286 2936 justi,
1309 2865 1407 2921 sed
1432 2865 1782 2936 impotentes
1801 2867 1859 2920 et
1878 2864 2075 2935 vulga-

420 2971 514 3011 res
543 2954 832 3011 homines.
868 2953 1023 3009 Hirci
1072 2959 1269 3010 autem
1312 2953 1684 3026 appellantur
1719 2957 1986 3026 potentes
2017 2957 2074 3007 et

419 3043 716 3116 principes
737 3042 912 3098 istius
934 3041 1160 3109 saeculi;
1183 3042 1240 3098 id
1264 3046 1372 3108 est,
1398 3042 1714 3113 quodquod
1741 3040 2069 3111 subjungit,

419 3132 492 3186 de
509 3131 795 3203 sanguine
813 3129 1406 3184 medullatorum.Sed
1427 3147 1528 3200 per
1543 3129 1737 3183 hircos
1754 3145 2072 3199 possumus

2255 1904 2282 1930 ‹‹
2319 1882 2388 1937 Et
2417 1887 2829 1937 convertentur
2847 1885 3134 1938 torrentes
3159 1883 3288 1954 ejus
3319 1883 3380 1939 in
3403 1883 3620 1956 picem,
3641 1889 3705 1940 et
3733 1885 3842 1942 hu-

2183 1989 2319 2028 mus
2341 1972 2470 2042 ejus
2492 1971 2549 2026 in
2573 1970 2882 2044 sulphur.»
2903 1972 3143 2044 Propter
3162 1972 3407 2028 nimiam
3435 1974 3840 2030 Romanorum

2185 2061 2466 2116 saevitiam
2507 2065 2564 2116 et
2601 2061 2804 2116 crebra
2861 2061 3158 2130 incendia,
3189 2063 3408 2135 quibus
3448 2063 3646 2120 omnis
3689 2069 3845 2122 terra

2183 2149 2656 2222 repromissionis
2677 2149 2894 2206 vallata
2920 2155 3010 2207 est
3033 2168 3046 2206 :
3073 2151 3314 2224 insuper
3331 2156 3390 2207 et
3415 2150 3622 2210 civitas
3651 2154 3759 2209 sed
3787 2159 3845 2210 et

2181 2239 2468 2310 templum
2493 2239 2626 2311 igne
2643 2243 3061 2312 consumptum
3082 2245 3174 2296 est
3194 2258 3207 2296 :
3228 2244 3516 2298 torrentes
3537 2247 3600 2298 et
3619 2241 3842 2300 humus

2181 2329 2310 2398 ejus
2355 2327 2632 2383 dicuntur
2660 2345 2940 2384 conversa
2967 2345 3096 2385 esse
3124 2329 3183 2384 in
3225 2329 3416 2402 picem
3464 2335 3521 2386 et
3563 2330 3837 2404 sulphur.

2182 2440 2208 2466 «
2240 2417 2308 2471 Et
2335 2417 2446 2471 erit
2472 2420 2626 2472 terra
2648 2417 2780 2490 ejus
2800 2417 2860 2472 in
2889 2417 3081 2490 picem
3107 2418 3431 2488 ardentem,
3455 2423 3630 2475 nocte
3659 2424 3722 2476 et
3750 2421 3842 2477 die

2180 2523 2296 2560 non
2329 2505 2795 2578 exstinguetur.»
2819 2506 2924 2562 Per
2953 2510 3182 2562 noctem
3205 2510 3262 2562 et
3281 2507 3438 2563 diem
3471 2509 3839 2566 continuatio

2180 2593 2462 2666 temporis
2495 2593 2874 2668 intelligenda
2911 2597 3020 2650 est.
3052 2595 3387 2651 Notandum
3433 2601 3658 2665 autem,
3683 2599 3836 2670 quod

2180 2699 2296 2738 non
2328 2683 2457 2738 ideo
2485 2682 2596 2737 hoc
2626 2683 2768 2738 dicit
2799 2687 2863 2739 ut
2891 2682 2995 2740 illa
3023 2688 3183 2740 terra
3205 2701 3438 2757 semper
3465 2685 3672 2742 ardeat
3696 2703 3712 2740 :
3737 2686 3835 2742 sed

2181 2775 2416 2844 propter
2437 2771 2680 2826 nimiam
2704 2771 3145 2828 tribulationem
3163 2772 3522 2838 Judaaorum,
3537 2778 3598 2829 et
3617 2774 3838 2831 desola-

2177 2860 2397 2916 tionem
2431 2859 2592 2916 illius
2621 2864 2808 2916 terrae.
2837 2882 2864 2910 α
2887 2861 2950 2916 In
2983 2862 3406 2933 sempiternum
3436 2863 3722 2919 ascendet
3749 2864 3837 2918 fu-

2181 2966 2314 3004 mus
2343 2951 2472 3020 eius
2497 2972 2525 2998 »
2548 2950 2658 3005 hoc
2691 2953 2780 3004 est
2810 2949 3045 3022 signum
3079 2950 3408 3006 exterminii
3435 2955 3495 3008 et
3519 2951 3834 3008 calamita-

2179 3037 2257 3092 tis
2281 3037 2514 3092 illorum
2537 3061 2564 3087 «
2589 3055 2623 3092 a
2643 3037 3018 3110 generatione
3035 3060 3062 3088 »
3084 3037 3186 3094 illa
3206 3055 3323 3110 qua
3351 3039 3472 3095 haec
3495 3040 3650 3096 facta
3671 3045 3831 3108 sunt,

2182 3149 2209 3176 ‹‹
2234 3125 2293 3180 in
2319 3125 2754 3198 generationem
2779 3148 2806 3174 ››
2829 3123 3119 3194 ultimam,
3145 3127 3429 3183 subaudis
3448 3127 3712 3184 vindicta
3731 3129 3830 3185 Dei

421 3193 1268 3289 intelligerelibidinosos.Dies
1285 3193 1658 3286 eninijudicii
1679 3193 2070 3288 superomnes
2101 3193 2144 3258 C
2182 3193 2600 3286 omnipotentis
2633 3213 2921 3270 habitabit
2941 3193 3118 3288 super
3145 3215 3298 3272 illos.
3319 3239 3346 3267 ι(
3371 3215 3745 3274 Desolabitur
3773 3218 3830 3272 in

420 3303 806 3370 conditiones,
832 3307 890 3357 et
919 3319 1098 3374 super
1127 3302 1325 3357 omnia
1351 3320 1565 3375 genera
1584 3304 1775 3360 veniet
1803 3323 1980 3377 super
2008 3305 2072 3360 li-

420 3393 594 3448 beros
624 3395 681 3446 et
713 3407 930 3456 servos,
965 3407 1144 3462 super
1189 3407 1352 3463 reges
1402 3392 1811 3464 principesque
1841 3411 1907 3448 ac
1936 3395 2072 3450 sub-

413 3481 625 3554 jectos,
657 3495 834 3550 super
862 3483 1128 3551 potentes
1157 3484 1215 3534 et
1244 3477 1616 3552 impotentes,
1649 3486 1706 3536 et
1735 3500 1910 3552 super
1939 3501 2070 3538 om-

421 3586 526 3626 nes
555 3567 744 3642 quiin
795 3586 905 3624 sua
952 3568 1264 3640 iniquitate
1312 3570 1524 3625 mortui
1574 3575 1734 3626 sunt.
1761 3595 1786 3620 ‹‹
1820 3571 2072 3626 Victima

419 3658 578 3715 enim
609 3656 862 3726 Domini,
890 3680 918 3707 »
951 3656 1010 3712 id
1065 3661 1176 3728 est,
1207 3657 1485 3714 vindicta.
1511 3681 1536 3709 (ι
1565 3659 1627 3714 In
1661 3660 1858 3726 Bosra,
1885 3663 1941 3714 et
1989 3659 2074 3714 in-

419 3748 680 3804 terfectio
709 3765 926 3822 magna
948 3747 1004 3802 in
1039 3754 1192 3804 terra
1231 3749 1436 3804 Edom.
1461 3769 1489 3798 »
1511 3749 1708 3815 Bosra,
1732 3767 1860 3822 quae
1891 3749 2070 3804 inter-

421 3841 687 3911 pretatur
717 3837 945 3894 munita
993 3837 1081 3894 vel
1143 3836 1505 3894 circumdata
1561 3837 1679 3894 sive
1737 3839 2074 3905 ﬁrmata,et

420 3927 625 3994 Edom,
651 3926 752 3998 qui
784 3926 1206 3998 interpretatur
1234 3930 1502 3983 terrenus
1533 3926 1651 3983 sive
1689 3927 2069 3999 sanguineus,

421 4015 718 4088 signiﬁcat
737 4014 896 4070 hunc
916 4017 1204 4070 mundum
1227 4015 1327 4088 qui
1353 4015 1616 4071 munitus
1637 4021 1726 4072 est
1753 4021 1809 4072 et
1828 4016 2074 4071 circum-

423 4104 597 4158 datus
627 4101 819 4174 aquis,
845 4103 1131 4158 subaudis
1177 4103 1388 4175 plenus
1432 4105 1719 4178 sanguine
1749 4109 1806 4159 et
1846 4103 2073 4160 malitia

391 4230 407 4244 .
423 4189 755 4246 hominum.

493 4301 521 4328 «
542 4279 614 4333 Et
634 4277 989 4333 descendent
1004 4278 1094 4333 »in
1117 4279 1448 4334 infernumu
1463 4281 1774 4336 unicornes
1795 4299 1928 4337 cum
1951 4281 2070 4338 eis»

423 4366 495 4422 de
525 4366 744 4439 quibus
773 4364 1044 4438 superius
1077 4366 1300 4422 dictum
1333 4371 1440 4434 est,
1470 4389 1498 4416 «
1529 4372 1587 4423 et
1616 4369 1768 4424 tauri
1799 4387 1934 4424 cum
1967 4387 2072 4441 po-

422 4454 705 4511 tentibus.
726 4477 754 4507 »
781 4454 1100 4511 Unicornes
1140 4453 1510 4526 appellantur
1538 4473 1702 4528 reges
1732 4456 1791 4511 in
1824 4457 2072 4531 impera-

2178 3303 2391 3359 saecula
2421 3303 2836 3369 saeculorum,»
2859 3303 2916 3358 id
2948 3308 3058 3370 est,
3091 3305 3150 3359 in
3183 3303 3562 3360 solitudinem
3609 3306 3831 3378 redige-

2176 3395 2276 3448 tur
2305 3409 2492 3464 usque
2535 3392 2593 3446 in
2627 3391 2844 3448 smcula
2889 3391 3259 3448 saculorum.
3283 3416 3313 3442 «
3347 3393 3472 3449 Non
3525 3393 3640 3450 erit
3684 3394 3774 3451 vir
3801 3418 3831 3443 »

2176 3481 2418 3536 Judaaus
2441 3504 2467 3529 ‹‹
2496 3480 2790 3536 transiens
2813 3497 2916 3552 per
2935 3497 3122 3536 eam.»
3147 3481 3314 3536 Multi
3338 3481 3582 3554 quidam
3601 3482 3832 3538 Judaao-

2177 3587 2311 3624 rum
2344 3573 2476 3640 post
2527 3569 2686 3642 illam
2719 3570 2990 3625 ultimam
3023 3570 3421 3642 captivitatem
3467 3572 3832 3628 transierunt

2179 3675 2282 3730 per
2311 3674 2463 3728 eam,
2487 3640 2587 3712 sed
2643 3657 2822 3714 libere
2871 3675 2986 3712 non
3019 3640 3173 3714 sicut
3221 3663 3394 3715 antea
3439 3659 3600 3715 soliti
3645 3666 3829 3728 erant,

2180 3763 2368 3819 neque
2397 3751 2598 3820 postea
2628 3747 2707 3803 ibi
2731 3747 3162 3804 habitaverunt.
3187 3747 3518 3805 l’osuerunt
3539 3749 3701 3806 enim
3732 3751 3834 3806 Ro-

2181 3837 2340 3892 mani
2371 3835 2670 3908 legem,ut
2714 3854 2830 3892 non
2877 3835 3282 3909 permitterent
3326 3855 3688 3912 quemquam
3729 3840 3829 3896 Ju-

2179 3927 2437 3981 daaorum
2475 3925 2681 3981 reverti
2711 3925 2770 3980 in
2803 3929 3019 3980 terram
3053 3926 3374 3983 nativitatis
3405 3945 3548 3983 suae.

2252 4038 2278 4063 ‹‹
2303 4015 2372 4069 Et
2393 4013 2780 4085 possidebunt
2801 4013 3021 4082 illam,»
3045 4015 3351 4084 subaudis,
3373 4019 3590 4072 terram
3611 4017 3834 4073 Judan-

2181 4120 2371 4158 rumm
2397 4101 2778 4158 Onocrotalus
2807 4105 2867 4157 et
2895 4102 3124 4171 eritius,
3149 4107 3209 4158 et
3240 4103 3380 4172 ibix,
3403 4108 3462 4160 et
3491 4122 3704 4161 corvus
3732 4105 3832 4160 ha-

2181 4191 2457 4246 bitabunt
2486 4191 2546 4246 in
2577 4207 2665 4246 ea.
2684 4190 3118 4248 »Onocrota1us
3149 4191 3272 4248 avis
3303 4193 3579 4265 aquatica
3607 4197 3698 4250 est
3725 4192 3834 4248 ini-

2183 4279 2336 4335 mica
2365 4278 2758 4351 serpentibus,
2791 4283 3048 4335 rostrum
3080 4281 3494 4338 acutissimum
3524 4281 3748 4338 habens
3775 4286 3835 4336 et

2180 4368 2444 4441 longum,
2459 4385 2606 4440 quas
2629 4367 2773 4422 dicit
2792 4368 3084 4442 Josephus
3105 4386 3142 4424 a
3165 4371 3324 4426 Mose
3345 4370 3574 4428 delatas
3604 4372 3666 4427 in
3687 4370 3835 4427 bello

2182 4461 2384 4512 contra
2410 4457 2724 4530 Ethiopes,
2749 4462 2985 4530 propter
3011 4457 3450 4515 multitudinem
3474 4459 3834 4532 serpentium

420 4548 598 4611 tores,
619 4544 720 4616 qui
755 4543 1162 4600 monarchiam
1209 4543 1392 4599 totius
1440 4545 1645 4600 mundi
1697 4545 2030 4602 habuerunt
2065 4593 2079 4630 ε
2111 4559 2158 4624 D
2189 4547 2404 4619 quibus
2435 4545 2654 4618 repleta
2683 4552 2807 4603 erat
2833 4550 3008 4615 terra,
3032 4564 3136 4620 per
3152 4565 3331 4620 quam
3363 4549 3638 4623 progredi
3663 4549 3835 4606 debe-

422 4638 489 4688 ut
520 4633 630 4688 fuit
653 4632 1026 4701 Octavianus,
1051 4632 1219 4700 Nera,
1239 4633 1547 4705 cmterique
1568 4633 1952 4706 imperatores
1975 4637 2079 4692 Ro.

420 4738 754 4777 manorum.
781 4722 960 4794 Tauri
983 4725 1267 4777 vocantur
1295 4721 1479 4794 reguli
1505 4739 1517 4777 :
1543 4723 1805 4790 comites,
1830 4729 1887 4778 et
1919 4725 2071 4796 prin-

419 4809 599 4881 cipes.
635 4808 904 4865 Potentes
934 4826 1088 4876 vero,
1119 4808 1292 4864 amici
1324 4814 1382 4864 et
1409 4810 1728 4866 consiliarii
1757 4828 1983 4883 regum,
2017 4818 2075 4868 et

421 4897 648 4954 nobiles
679 4896 919 4969 quique.
943 4897 1130 4969 Reges
1177 4897 1334 4952 enim
1382 4901 1608 4954 terrena
1650 4899 1906 4956 viventes
1936 4917 2070 4956 cum

421 4985 546 5044 suis
569 4983 937 5058 principibus
955 4989 1014 5040 et
1035 4985 1242 5041 amicis
1259 4985 1348 5040 sui
1376 4985 1672 5042 similibus
1694 4988 1752 5042 in
1775 4987 2072 5047 infernum

421 5075 778 5132 descendent
802 5091 814 5130 :
844 5078 909 5130 ut
939 5074 1092 5131 sicut
1117 5075 1356 5130 fuerunt
1375 5074 1522 5129 uniti
1547 5075 1604 5129 in
1629 5076 1820 5144 malis,
1849 5079 1934 5134 sic
1955 5079 2076 5135 sint

421 5163 720 5237 conjuncti
753 5163 811 5218 in
846 5162 1055 5236 pomis.
1081 5186 1108 5212 ‹‹
1139 5163 1468 5218 lnebriatur
1497 5166 1670 5230 terra,
1696 5187 1724 5215 »
1749 5165 1804 5219 id
1839 5169 1946 5232 est,
1979 5167 2074 5221 iu-

421 5253 622 5310 fernus
644 5276 671 5303 ‹‹
706 5252 994 5326 sanguine
1027 5268 1288 5320 eorum,»
1313 5251 1370 5306 id
1401 5255 1511 5322 est,
1542 5251 1768 5308 malitia
1795 5257 2073 5325 reprobo-

425 5358 576 5409 rum,
600 5365 626 5391 ‹‹
653 5345 712 5396 et
743 5341 964 5396 humus
990 5363 1017 5390 »
1043 5339 1152 5396 hoc
1181 5346 1269 5396 est
1299 5341 1640 5396 barathrum
1667 5346 1892 5398 aeternae
1916 5345 2076 5400 dam-

424 5429 680 5485 nationis
711 5429 1050 5502 replebitur,
1067 5452 1094 5478 ‹‹
1117 5429 1345 5502 adipe,»
1369 5429 1424 5484 id
1457 5434 1562 5491 est.
1599 5432 1873 5503 superbia
1893 5456 1920 5482 «
1945 5434 2074 5504 pin-

425 5517 630 5587 guium
663 5541 689 5568 »
717 5517 1050 5573 hominum.

505 5626 526 5654 α
558 5604 705 5674 Quia
725 5604 848 5662 dies
881 5605 1122 5662 ultionis
1151 5606 1380 5664 Domini
1405 5625 1596 5664 annus
1623 5609 2075 5668 retributionum

2191 4635 2293 4690 bat
2321 4640 2524 4690 contra
2563 4635 2876 4708 Ethiopes.
2907 4635 3186 4693 Ascendit
3230 4637 3388 4694 enim
3437 4655 3618 4710 super
3661 4641 3840 4710 caput

2182 4724 2492 4796 serpentis,
2515 4728 2575 4779 et
2611 4724 2732 4780 ictu
2765 4725 2940 4782 rostri
2973 4725 3248 4782 interficit
3277 4743 3434 4782 eum.
3459 4731 3558 4784 Ila;
3584 4745 3716 4784 aves
3744 4727 3838 4782 vel

2181 4812 2462 4868 animalia
2483 4812 2861 4870 solitudinem
2879 4818 3168 4888 quaerunt,
3182 4819 3240 4870 et
3257 4819 3392 4888 post
3412 4815 3838 4873 desolationem

2182 4901 2489 4957 hominum
2522 4902 2934 4959 habitaverunt
2978 4903 3058 4958 ibi
3108 4903 3210 4959 ubi
3256 4908 3432 4961 antea
3460 4904 3741 4978 templum
3771 4908 3844 4960 et

2183 4991 2351 5046 sedes
2407 4990 2568 5063 regia
2622 4995 2808 5046 erant.
2835 5015 2862 5041 «
2898 4992 2971 5046 Et
2997 4993 3344 5049 extendetur
3398 5010 3579 5066 super
3625 5009 3778 5060 eam,
3807 5015 3841 5042 ιι

2184 5079 2468 5134 subaudis
2498 5083 2737 5147 terram,
2759 5103 2787 5130 «
2815 5097 3146 5149 mensura,»
3173 5081 3231 5137 id
3251 5085 3363 5150 est,
3388 5081 3491 5138 Dei
3521 5081 3843 5146 sententia,

2183 5172 2249 5223 ut
2281 5184 2394 5222 non
2428 5167 2506 5223 sit
2529 5167 2812 5224 habitatio
2833 5169 3175 5226 Judaeorum
3201 5170 3306 5236 ibi,
3329 5171 3434 5227 sed
3459 5169 3795 5226 diemonum
3821 5186 3840 5224 :

2185 5262 2244 5313 at
2273 5256 2572 5330 redigatur
2612 5258 2685 5312 ad
2723 5257 2996 5327 nihilum,
3031 5263 3087 5314 et
3127 5257 3612 5332 perpendiculum
3640 5258 3696 5314 in
3727 5258 3847 5314 de-

2185 5346 2528 5402 solationem
2563 5369 2590 5396 »
2623 5346 2910 5402 subaudis
2967 5348 3286 5420 redigatur.
3345 5344 3846 5420 Perpendiculum

2184 5439 2274 5490 est
2292 5451 2408 5506 quo
2443 5433 2796 5490 caementarii
2828 5435 3144 5491 maceriam
3189 5453 3256 5492 ac
3299 5437 3704 5492 rectitudinem
3737 5449 3850 5489 ne-

2185 5525 2428 5591 ducunt,
2452 5528 2510 5578 et
2539 5522 2638 5578 illa
2667 5527 2822 5580 terra
2843 5524 2902 5580 in
2923 5524 3168 5582 arbitrio
3189 5524 3494 5582 sententias
3521 5523 3620 5581 Dei
3642 5521 3850 5596 posita

2185 5616 2275 5668 est
2303 5611 2364 5668 in
2395 5611 2731 5669 solitudine.
