4090 6192
350 356 469 417 897

1408 353 1814 417 COMMENT.
1862 354 1934 414 ΙΝ
1980 351 2272 416 ISAIAM.
2321 389 2396 400 »-
2438 355 2587 417 LIB.
2632 356 2709 417 ll.

3638 318 3759 429 eos

356 488 480 564 agri
512 486 774 557 fullonis,
808 509 836 537 ››
869 487 980 544 hoc
1011 491 1120 555 est,
1153 488 1253 544 ubi
1288 487 1429 545 fullo
1461 487 1752 545 manebat.
1775 488 2005 545 Piscina
2032 489 2084 556 Α
2118 487 2340 543 daica.«
2377 487 2766 561 Intelligimus
2794 488 2951 546 enim
2974 512 3002 541 »
3037 506 3167 547 eam
3200 490 3510 549 Haebraice.
3536 491 3759 567 Loque-

356 576 624 650 superior
651 575 885 644 dicitur,
917 575 1057 650 quia
1085 581 1209 633 erat
1233 577 1312 632 ibi
1345 580 1402 634 et
1430 576 1545 632 alia
1575 577 1831 633 inferior.

432 668 535 721 «Et
563 682 838 740 egressus
868 670 957 722 est
987 667 1060 722 ad
1091 683 1226 722 eum
1257 665 1541 722 Eliachim
1565 666 1663 739 qui
1686 670 1809 722 erat
1830 683 2007 741 super

356 755 601 812 domum
632 755 887 823 Domini,
922 778 950 805 ·››
983 756 1093 812 hoc
1124 760 1230 825 est,
1266 773 1539 812 summus
1580 757 1857 830 pontifex.
1891 758 2006 812 Iste

357 850 448 901 est
476 842 759 900 Eliachim
782 846 880 917 qui
907 846 1191 903 successit
1210 850 1343 921 post
1365 846 1851 918 superbissimum
1870 847 2008 901 Sob-

355 951 495 990 nam
521 933 580 989 in
603 934 912 1011 sacerdotii
944 934 1309 1007 dignitatem,
1329 935 1399 990 de
1420 952 1536 1007 quo
1568 935 1838 1008 superius
1863 933 2008 989 dixit

354 1020 644 1081 Dominus
660 1041 671 1078 :
687 1022 832 1095 Ecce
853 1038 958 1096 ego
983 1024 1198 1080 vocabo
1220 1023 1502 1080 Eliachim
1530 1040 1762 1079 servum
1786 1039 2006 1091 meum,

356 1117 416 1168 et
446 1107 566 1167 erit~
586 1110 731 1167 mihi
764 1112 824 1167 in
855 1114 1213 1169 sacerdotem
1245 1111 1578 1187 (Sup.xxn).
1610 1114 1893 1186 Egressus
1922 1116 2012 1168 est

356 1201 538 1259 etiam
567 1224 595 1252 «
629 1206 687 1257 et
711 1202 907 1258 Sobna
932 1202 1183 1271 scriba,»
1217 1202 1274 1257 id
1299 1207 1408 1271 est,
1436 1202 2009 1275 grammaticus.Non

358 1291 644 1349 debemus
674 1296 879 1363 putare
910 1291 1067 1363 quod
1104 1290 1213 1347 iste
1263 1291 1340 1347 sit
1388 1292 1586 1347 Sobna
1613 1292 1709 1347 cui
1739 1291 2009 1366 superius

358 1376 584 1435 dictum
604 1370 747 1436 est'a
767 1379 1085 1454 propheta:
1110 1379 1258 1459 Quid
1280 1384 1343 1437 tu
1373 1380 1489 1448 hic,
1522 1385 1624 1436 aut
1662 1380 1832 1453 quasi
1877 1380 2011 1452 quis

360 1468 501 1529 hic?
526 1459 809 1545 Egressus
830 1474 921 1525 est
943 1493 970 1519 ‹‹
994 1473 1051 1525 et
1068 1470 1171 1526 Joe
1193 1470 1351 1526 filius
1370 1470 1567 1544 Asaph
1591 1488 1625 1525 a
1653 1474 2014 1534 commenta-

362 1554 490 1613 riis.
526 1581 554 1608 »
582 1560 629 1613 A
658 1559 1096 1627 commentariis
1127 1559 1443 1616 vocabatur
1463 1548 1563 1631 qui
1604 1563 1771 1631 gesta
1818 1577 2012 1617 rerum

363 1644 790 1727 conscribebat,
823 1646 881 1703 id
913 1652 1021 1718 est,
1054 1647 1460 1704 cancellarius.
1492 1649 1563 1703 Et
1592 1648 1702 1703 iste
1751 1652 1808 1703 et
1848 1648 1951 1704 Joe
1981 1665 2015 1704 a

362 1734 731 1793 cancellariis
751 1731 872 1792 sive
891 1754 925 1792 a
941 1736 1380 1793 commentariis
1411 1736 1626 1810 quibus
1658 1742 1902 1809 praeerat
1920 1754 2013 1793 ve-

362 1824 553 1892 niens,
586 1824 689 1880 ivit
715 1842 847 1885 cum
882 1820 1257 1898 supradictis.

2113 576 2287 632 batur
2316 576 2413 633 ille
2445 576 2843 653 Perside,quia
2870 578 2930 633 in
2962 577 3164 645 schola
3192 579 3378 650 patris
3409 580 3535 637 suis
3560 580 3761 646 Isabia:

2113 664 2223 720 hoc
2254 664 2554 721 didicerat.
2590 667 2721 741 Ideo
2753 666 2862 722 hoc
2892 668 3186 739 dixerunt,
3220 685 3290 722 ne
3322 668 3606 726 incuteret
3648 674 3761 727 ter-

2115 771 2303 808 rorem
2334 754 2460 809 suis
2492 750 2684 810 verbis
2716 756 2931 827 populo
2963 756 3176 812 astanti
3205 774 3382 829 super
3412 775 3669 814 murum.

2186 865 2212 892 «
2248 844 2525 915 Nunquid
2560 845 2633 901 ad
2665 845 2979 901 Dominum
3010 850 3180 902 tuum
3209 850 3266 902 et
3296 848 3369 902 ad
3400 850 3454 902 te
3485 847 3649 903 misit
3671 864 3764 904 me

2116 931 2405 987 Dominus
2431 950 2616 1001 meus,
2652 938 2709 988 et
2741 952 2854 989 non
2887 936 3081 1008 potius
3127 937 3199 991 ad
3242 936 3397 992 viros
3426 936 3528 1009 qui
3561 937 3764 995 sedent

2117 1037 2294 1092 super
2325 1039 2527 1078 muros
2558 1027 2624 1078 ut
2653 1025 2965 1079 comedant
2996 1028 3252 1081 stercora
3295 1042 3422 1094 sua,
3471 1029 3529 1081 et
3558 1025 3764 1083 bibant

2118 1107 2349 1163 urinam
2373 1110 2591 1179 pedum
2622 1127 2866 1165 suorum
2896 1111 3236 1167 vobiscum?
3270 1135 3297 1160 »
3330 1113 3393 1169 In
3425 1113 3763 1185 superbiam

2115 1195 2304 1269 elatus
2335 1197 2409 1252 ob
2438 1214 2643 1252 corum
2676 1197 3092 1268 humilitatem,
3126 1218 3309 1256 unum
3340 1218 3370 1256 e
3409 1202 3765 1275 supradictis

2118 1286 2344 1341 nuntiis
2375 1284 2570 1343 taliter
2598 1284 3181 1360 alloquitur.Urinam
3212 1290 3429 1360 pedum
3460 1290 3767 1365 dicit,quia

2120 1376 2191 1431 ad
2224 1376 2400 1448 pedes
2430 1377 2636 1432 tendit.
2673 1376 2895 1434 Sensus
2927 1376 3060 1433 talis
3088 1380 3177 1433 est
3213 1394 3226 1435 :
3257 1378 3489 1434 Tandiu
3518 1380 3628 1435 erit
3664 1380 3766 1435 ob-

2120 1481 2284 1519 sessa
2311 1464 2513 1521 civitas
2559 1465 2701 1536 haec,
2743 1482 3050 1537 quousque
3095 1465 3385 1539 compulsi
3417 1454 3766 1536 fama-ster-

2121 1569 2255 1607 cora
2286 1556 2342 1607 et
2374 1553 2605 1608 urinam
2638 1554 2855 1625 pedum
2887 1571 3128 1610 suorum
3162 1561 3514 1612 consumant
3542 1546 3600 1611 in
3630 1547 3769 1629 pro-

2122 1641 2280 1713 prios
2313 1658 2495 1697 usus:
2523 1646 2587 1696 ut
2618 1642 2717 1715 qui
2750 1660 2864 1699 non
2894 1643 3070 1715 fuerit
3096 1644 3169 1698 ab
3200 1644 3469 1701 hostibus
3500 1644 3768 1707 interem-
3794 1694 3797 1699 λ

2121 1734 2279 1805 ptus,
2314 1730 2486 1787 famis
2516 1730 2713 1805 inopia
2734 1736 2949 1803 pereat.

2195 1843 2223 1870 «
2256 1821 2323 1875 Et
2354 1820 2645 1876 clamabat
2673 1836 2807 1877 voce
2840 1836 3056 1881 magna
3086 1845 3107 1875 »
3134 1821 3398 1891 Judaice,
3433 1826 3498 1878 ut
3526 1827 3770 1885 terreret

433 1937 462 1964 ‹‹
495 1912 565 1969 Et
592 1911 739 1971 dixit
767 1914 840 1968 ad
868 1931 970 1971 eos
1004 1914 1293 1988 Rapsaces
1320 1932 1332 1971 :
1360 1914 1544 1972 Dicite
1564 1915 1819 1972 Ezechiae
1843 1932 1855 1971 :
1881 1916 2010 1971 Haec
2044 1907 2090 1949 ‘-’
2121 1907 2406 1982 populum
2440 1907 2565 1964 suis
2589 1908 2798 1965 minis:
2826 1910 3078 1966 «Audite
3108 1911 3351 1989 verbum
3383 1911 3536 1985 regis
3568 1910 3768 1989 magni

357 2002 505 2058 dicit
554 2019 653 2081 rex
700 2019 956 2076 magnus
1000 2003 1399 2075 Assyriorum.
1431 2023 1458 2056 η
1494 2003 1685 2060 Verba
1732 2005 1834 2063 Dei
1884 2022 2010 2076 quae

357 2094 514 2165 saepe
543 2086 768 2164 apatre
798 2109 905 2148 suo
939 2091 1203 2148 audierat
1233 2092 1461 2149 dicente
1491 2111 1505 2149 :
1540 2093 1670 2151 Haec
1702 2093 1845 2149 dicit
1894 2094 2010 2149 Do-

359 2182 824 2255 minus,propter
853 2182 1127 2255 potentiae
1150 2182 1494 2259 dignitatem
1519 2200 1626 2239 suo
1648 2183 1768 2257 regi
1791 2183 1969 2238 dabat
1994 2200 2007 2237 :

357 2270 417 2326 et
447 2276 512 2326 ut
543 2266 734 2326 Sermo
766 2268 924 2327 illius
973 2272 1184 2344 majori
1231 2272 1579 2328 auctoritate
1619 2273 2009 2329 roboraretur.

362 2381 391 2410 α
422 2363 558 2427 Quae
590 2363 679 2416 est
705 2358 821 2415 ista
851 2359 1066 2416 fiducia
1098 2361 1156 2416 in
1190 2378 1306 2432 qua
1336 2362 1716 2429 confidis,aut
1745 2378 1861 2433 quo
1882 2378 2014 2416 con-

358 2447 494 2505 silio
522 2447 610 2505 vel
642 2448 979 2505 fortitudine
1008 2449 1286 2521 rebellare
1320 2450 1740 2523 disponis?»Ex
1765 2468 2014 2523 persona

358 2537 516 2610 regis
545 2537 661 2593 ista
688 2535 1039 2610 loquebatur
1071 2539 1382 2612 Rapsaccs.
1420 2539 1680 2596 Primum
1720 2539 2011 2611 siquidem

362 2622 552 2682 factus
572 2631 661 2682 est
681 2626 955 2683 Ezechias
977 2627 1452 2693 tributarius,sed
1472 2632 1673 2700 postea
1694 2628 2011 2699 rebellavit,

360 2715 569 2770 nolens
600 2716 839 2771 reddere
870 2716 1180 2771 tributum.
1234 2717 1370 2790 Ideo
1420 2716 1584 2784 dicit,
1637 2721 1740 2773 aut
1788 2715 1847 2771 in
1898 2733 2015 2788 qua

359 2804 706 2859 fortitudine
736 2803 1017 2873 rebellare
1048 2804 1316 2879 disponis
1349 2821 1361 2860 :
1397 2810 1575 2878 atque
1608 2805 1682 2860 ob
1714 2806 1865 2861 hanc
1885 2823 2016 2861 cau-

358 2910 488 2957 sam
511 2893 650 2971 quia
679 2892 752 2948 ab
782 2910 848 2949 eo
879 2885 1138 2962 recessit,
1169 2893 1438 2950 veniebat
1466 2897 1669 2951 contra
1693 2912 1851 2955 eum.

435 3004 463 3032 α
488 2974 635 3041 Ecce
662 2982 909 3059 confidis
934 3000 1112 3055 super
1140 2982 1419 3039 baculum
1450 2984 1841 3040 arundineum
1879 3002 2014 3039 con-

357 3071 610 3126 fractum
636 3069 840 3143 istum,
877 3089 1056 3145 super
1084 3072 1546 3147 zEgyptum.»0b
1582 3073 1812 3146 copiam
1843 3090 2018 3145 aqua-

358 3176 491 3214 rum
513 3152 628 3215 Nili
652 3158 1128 3229 fluvii,subaudis
1152 3160 1252 3217 ubi
1276 3160 1478 3216 multae
1500 3160 1820 3218 arundines
1844 3167 2013 3219 sunt:

2118 1997 2512 2069 Assyriorum.
2542 2020 2569 2046 »
2601 1999 2861 2069 Superbe
2891 1999 3000 2054 hoc
3031 1986 3294 2073 protulit,
3326 2003 3385 2056 et
3412 2017 3546 2057 cum
3586 1986 3770 2057 nimia

2120 2087 2474 2158 arrogantia.
3348 2148 3349 2153 η

2193 2198 2217 2224 ‹‹
2253 2175 2378 2230 Νοιι
2423 2176 2665 2247 seducat
2712 2194 2814 2233 vos
2855 2177 3153 2247 Ezechias,
3204 2178 3343 2250 quia
3392 2197 3505 2234 non
3556 2172 3771 2253 poterit

2120 2281 2321 2319 eruere
2365 2282 2485 2332 vos,
2538 2287 2565 2313 ››
2623 2265 2990 2337 blasphemia
3039 2266 3320 2339 Rapsacis
3369 2255 3769 2323 testimonium

2121 2354 2374 2408 Ezechiae
2407 2358 2514 2421 est,
2549 2355 2705 2426 quod
2755 2354 2944 2427 captis
2990 2356 3221 2410 cunctis
3263 2344 3478 2412 Judeeaé
3527 2344 3773 2413 urbibus

2121 2445 2379 2499 conlisus
2410 2443 2468 2497 in
2502 2443 2745 2500 Domino
2777 2444 3170 2500 sit.Audierat
3199 2444 3357 2500 enim
3384 2445 3482 2501 ille
3514 2446 3772 2518 perfidus

2123 2532 2275 2603 quod
2309 2533 2697 2589 confortasset
2726 2533 3003 2589 Ezechias
3034 2534 3317 2607 populum
3349 2534 3579 2591 Domini
3604 2550 3677 2589 ne
3708 2528 3774 2589 ti-

2124 2624 2308 2675 meret
2330 2638 2364 2676 a
2392 2620 2536 2676 facie
2564 2622 2934 2694 Assyriorum
2967 2622 3167 2677 dicens
3217 2639 3230 2676 :
3283 2621 3470 2697 Nolite
3515 2607 3773 2679 metuere

2124 2726 2313 2781 neque
2342 2710 2620 2781 paveatis,
2657 2709 2843 2765 multo
2873 2710 3032 2765 enim
3061 2709 3261 2780 plures
3291 2715 3433 2771 sunt
3463 2710 3771 2767 nobiscum

2124 2814 2301 2871 quam
2333 2815 2468 2853 cum
2496 2798 2630 2854 illis.
2664 2798 2809 2857 Cum
2836 2797 2953 2853 illis
2984 2802 3074 2853 est
3115 2798 3421 2866 brachium
3470 2816 3769 2867 carneum,

2124 2886 2433 2942 nobiscum
2464 2889 2659 2942 autem
2692 2885 2976 2942 Dominus
3006 2886 3161 2943 Deus
3192 2887 3516 2960 noster,qui
3536 2878 3774 2943 auxilia-

2123 2981 2214 3031 tor
2242 2975 2351 3030 erit
2380 2975 2566 3031 nostri
2596 2979 2653 3031 et
2680 2975 2969 3049 pugnabit
2998 2991 3102 3048 pro
3134 2975 3324 3031 nobis.
3343 2975 3447 3032 His
3476 2980 3534 3031 et
3562 2972 3769 3049 hujus;

2127 3065 2281 3119 modi
2313 3065 2469 3121 verbi
2503 3065 2863 3139 confortatus
2894 3069 2985 3120 est
3016 3063 3288 3138 populus.
3594 3054 3595 3057 “
3726 3048 3729 3057 ’

2200 3177 2226 3204 ‹‹
2259 3154 2449 3211 Facite
2478 3154 2648 3211 nobis
2679 3154 3166 3222 benedictionem,
3199 3177 3228 3204 »
3258 3154 3367 3210 hoc
3398 3159 3509 3227 est,
3539 3155 3772 3229 laudate

356 3264 464 3320 per
492 3266 640 3321 quas
671 3250 1091 3306 subsannando
1122 3249 1391 3323 designat
1420 3250 1822 3307 fortitudinem
1851 3252 2015 3324 mgy-
2045 3237 2087 3309 C
2127 3260 2238 3311 me,
2272 3243 2607 3299 benedicete
2638 3242 2883 3313 me.Vel,
2898 3247 2962 3299 ut
2990 3243 3061 3307 in
3083 3242 3198 3299 alia
3217 3243 3471 3300 editione
3499 3244 3770 3315 habetur,

358 3339 469 3412 pti,
504 3359 533 3389 ‹‹
564 3338 649 3395 sic
681 3338 904 3395 Pharao
924 3356 1033 3395 rex
1061 3338 1288 3415 Egypti
1323 3361 1351 3388 »
1383 3339 1676 3411 impotens
1705 3344 1814 3398 est.

434 3427 632 3495 «Quod
661 3428 710 3483 si
733 3428 1104 3501 responderis
1126 3428 1301 3487 mihi:
1324 3430 1385 3484 In
1413 3429 1654 3485 Domino
1677 3429 1792 3485 Deo
1816 3434 2015 3486 nostro

358 3517 714 3583 conﬁdimus
749 3534 761 3573 :
795 3535 987 3575 nonne
1018 3521 1106 3573 est
1134 3517 1261 3590 ipse
1304 3518 1399 3575 cui
1449 3517 1694 3589 abstulit
1740 3518 2015 3575 Ezechias

359 3604 591 3683 excelsa
619 3611 676 3663 et
707 3605 995 3675 altaria,et
1022 3606 1168 3662 dixit
1198 3607 1362 3664 Judae
1393 3612 1451 3665 et
1482 3607 1845 3664 Hierusalem
1868 3624 1884 3663 :
1904 3608 2013 3664 Co—

361 3712 490 3763 ram
522 3695 693 3751 altari
723 3694 836 3751 isto
869 3695 1212 3762 adorabitis,
1245 3696 1400 3769 quod
1432 3700 1520 3753 est
1547 3697 1607 3752 in
1642 3697 1858 3769 templo
1902 3697 2013 3752 Do-

361 3784 552 3841 mini?
572 3784 700 3840 nSic
728 3785 906 3840 verba
934 3784 1088 3859 regis
1120 3773 1211 3840 sui
1244 3785 1520 3841 narrabat
1548 3786 1855 3859 istc,quasi
1878 3803 2017 3857 prte-

361 3891 503 3931 sens
533 3877 688 3931 esset
720 3876 964 3946 uterque
996 3891 1111 3942 rex,
1144 3877 1201 3929 et
1231 3875 1569 3931 conﬂictum
1590 3874 1742 3929 inter
1762 3890 1824 3930 se
1844 3874 2017 3930 habe-

360 3967 513 4019 rent.
530 3952 805 4020 Ezechias
826 3980 926 4018 rex
943 3980 1051 4018 suo
1074 3966 1334 4037 tempore
1355 3962 1642 4019 destruxit
1674 3980 1806 4019 aras
1851 3968 1907 4019 et
1936 3962 2013 4019 si-

358 4050 629 4109 mulacra
657 4068 785 4124 qua:
816 4052 1031 4109 fecerat
1077 4057 1243 4125 pater
1290 4053 1419 4124 ejus
1463 4052 1672 4109 Achaz.
1706 4052 1818 4108 Sed
1859 4053 2013 4125 quod

357 4140 460 4197 ille
490 4157 670 4197 causa
694 4129 996 4215 religionis
1026 4140 1163 4214 egit,
1215 4140 1324 4198 hoc
1373 4143 1665 4214 Rapsaces
1696 4140 1756 4197 in
1797 4140 2013 4208 malam

354 4235 590 4302 partem
623 4233 968 4287 mutaverat.

430 4342 460 4368 ιι
495 4319 565 4375 Et
594 4335 752 4377 nunc
783 4318 946 4375 trade
977 4322 1057 4387 te,
1084 4335 1153 4374 »ο
1186 4317 1484 4389 Ezechia,«
1520 4317 1756 4374 domino
1788 4335 1937 4389 meo,
1958 4323 2017 4375 et

354 4408 512 4469 dabo
546 4406 652 4464 tibi
684 4408 800 4465 duo
828 4406 1016 4477 millia
1042 4424 1352 4481 equorum,
1374 4406 1729 4480 nec,poteris
1760 4408 2015 4480 praebere

355 4487 429 4557 ex
460 4502 546 4567 te;
584 4519 612 4547 »
643 4497 754 4555 hoc
783 4501 895 4573 est,
925 4514 997 4554 ex
1023 4498 1144 4554 tuis
1172 4496 1500 4555 militibus«
1537 4514 1877 4553 ascensores
1919 4514 2013 4554 eo-

356 4604 517 4656 rum,
554 4608 583 4636 »
614 4587 695 4643 Ex
720 4603 974 4685 persona
990 4586 1147 4685 regis
1178 4588 1292 4645 ista
1320 4586 1572 4643 dicebat.
1588 4586 1715 4685 Non
1744 4588 1818 4685 de
1840 4586 2017 4642 imbe-
2045 4619 2091 4685 ο

356 4676 582 4733 cilitate
626 4674 785 4732 venit
829 4675 1044 4755 populo
1090 4676 1431 4732 Judaeorum
1480 4675 1785 4747 equitandi
1816 4692 2010 4731 carere

355 4764 628 4834 scientia,
661 4765 761 4821 sed
793 4765 864 4822 de
894 4765 1294 4821 observatione
1315 4764 1731 4820 mandatorum
1764 4762 1888 4832 Dei,
1911 4762 2011 4835 qui

354 4871 464 4927 per
483 4854 685 4917 Mosen
716 4871 893 4927 super
912 4871 1108 4927 regem
1132 4853 1610 4931 Israelprmcepit
1637 4851 1839 4908 dicens
1856 4869 1868 4906 :
1884 4852 2010 4907 Non

356 4941 783 5017 multiplicabit
811 4943 925 5000 sibi
956 4961 1137 5017 equos
1188 4947 1244 4999 et
1292 4959 1522 5008 currus,
1566 4956 1754 5013 neque
1804 4956 2010 4997 uxores

354 5022 855 5107 plurimast(Deut.
887 5037 1026 5102 xvn)
1059 5050 1071 5088 :
1107 5033 1263 5104 quod
1295 5031 1433 5105 quia
1459 5030 1735 5087 Salomon
1764 5029 2010 5103 egit,in-

353 5121 501 5177 cidit
529 5121 590 5177 in
624 5121 773 5178 iram
807 5121 1056 5178 Domini.
1080 5122 1311 5178 Poterat
1341 5122 1499 5177 enim
1529 5119 1803 5177 Ezechias
1836 5118 2009 5174 habe-

352 5228 415 5266 re
446 5215 659 5266 currus
689 5214 748 5265 et
779 5197 983 5283 equos,
1018 5212 1119 5267 sed
1154 5211 1226 5267 ob
1257 5210 1407 5267 hanc
1436 5226 1675 5266 causam
1707 5208 1920 5276 omitit,
1947 5207 2012 5261 ti-

353 5316 531 5358 mens
556 5298 813 5359 incidere
843 5299 902 5355 in
935 5304 1261 5373 peccatum.

427 5413 455 5439 ‹‹
488 5390 561 5451 Et
592 5406 771 5457 nunc,
804 5413 833 5441 »
868 5376 926 5447 id
958 5394 1066 5458 est,
1106 5412 1133 5439 ‹‹
1176 5388 1457 5463 nunquid
1499 5387 1672 5443 modo
1721 5386 1847 5442 sine
1898 5386 2009 5442 Do-

354 5478 520 5553 mino
552 5502 583 5529 »
613 5478 727 5555 hoc
758 5482 867 5555 est,
912 5480 1038 5536 sine
1078 5480 1255 5550 jussu
1306 5482 1363 5534 et
1408 5476 1703 5533 voluntate
1753 5474 2007 5544 Domini,

357 5591 399 5645 ει¹
421 5567 703 5645 ascendi?
736 5590 764 5619 »
1370 5563 1380 5573 ’
1580 5634 1583 5639 ν

366 5716 371 5720 .
434 5681 463 5708 ι(
478 5657 743 5735 Loquere
762 5658 845 5735 ad,
859 5674 1055 5716 servos
1076 5662 1207 5717 tuos
1228 5658 1372 5732 Syra
1392 5653 1713 5731 lingua,»id
1735 5651 2015 5727 est,’Chal-

2126 3332 2296 3388 facite
2327 3333 2480 3404 quod
2512 3333 2676 3389 vobis
2712 3331 2851 3388 utile
2880 3337 2991 3403 est,
3023 3336 3087 3388 ut
3136 3348 3229 3388 me
3276 3333 3645 3405 recipientes
3663 3350 3776 3407 pax

2123 3422 2288 3478 vobis
2320 3426 2639 3479 remaneat.
2678 3446 2705 3472 ‹‹
2736 3422 2805 3487 Et
2834 3422 3121 3497 comedite
3169 3423 3577 3497 unusquisque
3624 3410 3776 3480 bona

2124 3515 2289 3567 terra:
2320 3516 2521 3569 vestrae
2553 3528 2688 3569 cum
2709 3511 3234 3580 securitate,donec
3262 3500 3772 3581 veniam,»subau-

2126 3599 2239 3667 dis,
2272 3601 2341 3654 de
2372 3601 2617 3674 zEgypto
2650 3617 2765 3674 quo
2797 3601 3094 3657 decretum
3120 3598 3307 3656 habeo
3338 3600 3449 3673 ire.
3624 3656 3642 3672 ,
3707 3666 3711 3671 _

2204 3710 2223 3735 α
2243 3690 2312 3744 Et
2333 3688 2533 3745 tollam
2554 3705 2653 3744 vos
2676 3689 2746 3744 ad
2768 3693 2981 3745 terram
3006 3705 3131 3760 quae
3153 3691 3242 3743 est
3264 3692 3324 3743 ut
3348 3691 3501 3743 terra
3520 3680 3770 3744 vestra.»

2126 3778 2252 3833 Non
2279 3778 2419 3832 dicit
2448 3794 2665 3839 nomen
2700 3776 2953 3849 regionis
2983 3793 3162 3848 quam
3193 3775 3277 3831 eis
3303 3775 3610 3849 promittit,
3635 3775 3773 3848 quia

2124 3866 2407 3939 aequalem
2434 3871 2597 3922 terrae
2616 3863 3090 3939 repromissionis
3107 3864 3363 3920 invenire
3383 3880 3497 3921 non
3520 3868 3767 3936 poterat,

2124 3956 2226 4011 sed
2258 3954 2709 4011 similitudinem
2740 3952 3066 4026 pollicetur.
3102 3953 3311 4009 Beatus
3343 3956 3536 4011 tamen
3575 3953 3768 4027 Ilie’ro-

2125 4060 2338 4117 nymus
2359 4044 2743 4112 dicit,terram
2767 4042 3070 4097 Medorum
3101 4040 3549 4121 similitudinem
3567 4058 3771 4123 quam-

2124 4134 2259 4188 dam
2292 4132 2503 4189 habcre
2534 4136 2699 4188 terra}
2729 4130 3201 4204 repromissionis
3249 4130 3307 4185 in
3347 4130 3509 4186 cultu
3540 4134 3599 4205 et
3627 4130 3766 4211 situ,

2125 4227 2182 4278 et
2210 4240 2325 4278 non
2356 4225 2445 4278 est
2474 4221 2722 4277 dubium
2753 4220 2896 4293 quin
2928 4219 3090 4290 illam
3121 4220 3206 4276 eis
3235 4210 3589 4291 promiserit.

2201 4332 2227 4363 «
2258 4310 2364 4367 Ubi
2394 4315 2484 4367 est
2512 4311 2667 4366 Deus
2695 4309 2924 4378 Emath,
2957 4314 3014 4365 et
3050 4308 3299 4382 Ephath,
3349 4307 3450 4363 ubi
3495 4311 3587 4364 est
3615 4307 3769 4363 Deus

2124 4400 2288 4463 urbis
2328 4398 2743 4474 Sepharvaim?
2775 4422 2804 4449 »
2835 4397 3129 4461 Subaudis
3178 4397 3412 4454 contriti
3459 4402 3619 4452 sunt.
3671 4396 3768 4452 Hae

2124 4490 2386 4546 civitates
2436 4489 2697 4545 diversos
2747 4489 2896 4544 Deos
2943 4486 3199 4541 colentes
3246 4485 3562 4557 perierunt.
3596 4487 3675 4539 Ac
3715 4485 3767 4540 si

2125 4581 2341 4636 diceret
2370 4578 2502 4635 aliis
2531 4577 2721 4634 verbis
2758 4594 2769 4632 :
2805 4576 2866 4631 Si
2887 4573 3057 4630 multi
3089 4574 3168 4631 dii
3200 4590 3316 4647 non
3347 4576 3665 4645 potuerunt
3685 4591 3767 4630 re-

2121 4669 2327 4725 sistere
2360 4667 2686 4734 mihi,unus
2717 4666 2869 4721 Deus
2891 4662 3143 4737 poterit?
3165 4664 3246 4719 Ex
3264 4661 3374 4717 hoc
3392 4667 3588 4717 autem
3609 4663 3764 4734 quod

2121 4757 2262 4813 dicit
2291 4780 2320 4807 «
2365 4755 2632 4828 nunquid
2681 4753 3042 4809 libraverunt
3090 4751 3417 4821 Samariam
3465 4751 3535 4807 de
3584 4768 3763 4829 manu

2120 4846 2292 4902 mea?
2326 4871 2346 4899 ι
2387 4844 2727 4905 Ostenditur
2756 4844 2956 4900 decem
2984 4841 3261 4911 tribus,in
3294 4859 3543 4915 quarum
3574 4842 3764 4899 medio

2119 4929 2243 4991 erat
2276 4936 2416 4990 urbs
2449 4932 2683 5007 regalis,
2715 4932 2931 4989 multos
2964 4932 3111 4988 Deos
3150 4931 3402 4988 coluisse
3449 4934 3764 5013 antequam

2120 5024 2179 5079 in
2210 5024 2608 5096 captivitatem
2641 5024 3013 5097 ducerentur,
3046 5026 3103 5079 et
3132 5022 3260 5078 ideo
3293 5021 3610 5093 perierunt.

2192 5137 2218 5164 ‹‹
2254 5115 2324 5168 Et
2352 5113 2643 5170 siluerunt
2673 5117 2730 5169 et
2760 5130 2874 5168 non
2907 5111 3331 5187 responderunt
3358 5110 3410 5165 ei
3439 5110 3698 5167 verbum.
3724 5134 3759 5192 a

2120 5206 2304 5270 Quare
2336 5221 2450 5260 non
2486 5203 2912 5276 responderunt
2937 5201 3346 5279 manifestatur
3366 5216 3500 5273 cum
3522 5200 3764 5271 subjun-

2117 5295 2293 5367 gitur.
2330 5318 2355 5343 ‹‹
2393 5293 2768 5348 Mandaverat
2799 5290 2954 5365 enim
2986 5289 3070 5347 eis
3099 5306 3215 5345 rex.
3241 5289 3329 5363 ‘Ne
3359 5290 3762 5367 respondeatis

2119 5384 2191 5439 ei.
2226 5406 2254 5432 »
2285 5381 2385 5437 Vel
2417 5381 2592 5437 etiam
2624 5381 2752 5435 ideo
2785 5396 2900 5435 non
2933 5379 3378 5451 responderunt,
3411 5380 3764 5452 quiarecor-

2119 5472 2237 5529 dati
2288 5474 2428 5526 sunt
2470 5469 2618 5526 illud
2667 5467 2995 5543 Salomonis
3030 5484 3043 5523 :
3078 5468 3158 5523 Ne
3201 5468 3557 5545 respondeas
3583 5468 3761 5545 .sulto

2112 5563 2285 5633 juxta
2314 5559 2626 5614 stultitiam
2658 5574 2852 5627 suam,
2876 5574 2948 5619 ne
2965 5556 3217 5615 videaris
3248 5558 3376 5629 ejus
3396 5574 3525 5615 esse
3547 5558 3762 5633 similis

2122 5652 2301 5726 (Prov.
2329 5652 2504 5722 xxvn).
2564 5649 2634 5705 Et
2684 5645 2829 5703 illud
2878 5663 2891 5704 :
2945 5647 3026 5705 Ne
3073 5648 3398 5723 succendas
3456 5649 3763 5729 carbones.
