4090 6192
347 437 353 443 .
395 375 516 440 899

770 371 1177 436 HAYMONIS
1221 367 1762 432 HALBERSTAT.
1813 368 2054 430 EPlSC.
2104 365 2276 429 OPP.
2323 367 2527 431 PARS
2572 365 2617 430 Ι.
2653 406 2731 414 -
2775 368 3182 432 COMMENT.
3229 369 3428 432 BIBL.

3677 371 3788 434 900

398 511 622 567 Idcirco
650 510 825 566 etiam
859 524 972 562 non
1005 505 1427 577 responderant
1455 504 1608 572 ei,ne
1639 502 1806 558 illum
1829 501 1900 558 ad
1928 519 2045 558 ma—
2073 502 2127 568 Α
2160 501 2211 557 ei
2243 504 2540 558 nuntium.
2579 528 2599 553 ι
2637 504 2715 560 Ῑῐὶ’
2738 504 3234 577 subsequentibus
3279 505 3632 578 videbimus,
3664 507 3790 579 quia

390 599 584 672 jorem
614 593 1039 668 blasphemiam
1067 597 1445 666 provocarent
1472 595 1675 648 contra
1703 590 2040 659 Dominum,

397 693 455 745 et
485 705 589 744 nec
614 691 893 742 terrorem
924 683 1049 739 suis
1078 681 1270 738 verbis
1301 675 1538 737 inferret
1568 680 1782 753 populo
1802 679 1924 734 haec
1946 697 2043 734 au-

395 775 602 832 dienti.

466 889 493 915 ‹‹
527 866 596 921 Et
625 863 875 935 ingressi
925 866 1066 918 sunt
1111 859 1314 917 scissis
1361 859 1623 914 vestibus
1654 859 1725 913 ad
1759 874 1975 931 regem.
2011 880 2040 906 »

392 953 766 1010 Consuetudo
796 955 921 1008 erat
950 950 1110 1006 illius
1141 949 1442 1022 populi,ut
1476 947 1523 1002 si
1556 949 1791 1019 quando
1815 947 2043 1001 audiret

392 1043 819 1118 blasphemiam
867 1045 1070 1096 contra
1127 1039 1463 1103 Dominum,
1523 1036 1813 1092 scinderet
1866 1035 2038 1090 vesti-

393 1137 592 1189 menta
611 1150 738 1189 sua.
771 1130 867 1186 Sic
899 1128 1146 1201 legimus
1179 1127 1386 1182 fecisse
1419 1125 1740 1199 principem
1771 1125 2038 1178 sacerdo-

391 1227 516 1279 tum
550 1222 785 1294 quando
818 1219 1104 1274 Dominus
1135 1215 1280 1270 dixit
1310 1232 1322 1270 :
1362 1237 1389 1266 ‹‹
1416 1213 1636 1269 Amodo
1665 1211 1940 1267 videbitis
1972 1213 2039 1266 ti-

389 1313 538 1369 lium
570 1309 828 1367 hominis
859 1307 1186 1364 venientem
1215 1305 1274 1360 in
1313 1303 1570 1360 nubibus
1595 1302 1802 1371 (Matth.
1825 1305 2036 1370 xxvr).»

389 1403 486 1459 Sic
519 1401 780 1456 fecerunt
809 1397 985 1453 etiam
1035 1395 1250 1451 Paulus
1297 1399 1356 1448 et
1403 1393 1698 1448 Barnabas
1731 1391 2037 1457 Licaonite,

389 1492 624 1566 quando
652 1488 734 1544 illi
768 1489 1074 1543 oll'erentes
1123 1485 1174 1540 ei
1221 1500 1467 1539 coronas
1497 1482 1739 1538 adorare
1768 1480 2040 1536 volebant

388 1585 454 1637 ut
484 1580 668 1635 Deum
701 1577 832 1649 (Act.
867 1574 1004 1645 xxv).

949 1663 1182 1718 CAPUT
1221 1661 1484 1716 XXXVII.

459 1783 487 1810 «
520 1759 590 1814 Et
619 1757 838 1812 factum
861 1757 1119 1820 est,cum
1150 1750 1413 1805 audisset
1444 1767 1540 1804 rex
1571 1747 1845 1804 Ezechias
1863 1749 2039 1804 verba

386 1849 522 1916 ista,
566 1845 741 1902 scidit
770 1843 1120 1898 vestimenta
1147 1845 1206 1894 et
1234 1838 1545 1894 obvolutus
1573 1843 1663 1892 est
1691 1853 1880 1902 sacco,
1917 1859 1944 1886 ››
1976 1837 2033 1891 id

386 1943 610 2010 est,pro
642 1948 904 2008 purpura
928 1928 1146 1985 vilibus
1175 1926 1596 1994 ve'stimentis,«
1630 1931 1686 1980 et
1715 1925 1954 1980 intravit
1975 1925 2034 1979 in

388 2029 631 2084 domum
658 2019 936 2080 Dominis:
951 2018 1037 2074 llli
1069 2017 1370 2072 sciderunt
1399 2015 1748 2070 vestimenta
1779 2030 1888 2068 sua
1910 2029 2035 2086 pro-

387 2120 516 2190 pter
543 2109 978 2183 blasphemium
1009 2121 1188 2178 quam
1223 2103 1536 2160 audierunt
1567 2121 1580 2158 :
1614 2102 1725 2157 iste
1756 2101 1854 2174 qui
1897 2118 2033 2173 pec-

387 2206 534 2262 catis
564 2201 690 2258 suis
719 2194 1181 2270 impedientibus
1230 2192 1520 2264 reputavit
1562 2191 1929 2246 obsidionem
1977 2194 2035 2244 et

386 2292 774 2352 vastationem
805 2285 1054 2342 evenire.

465 2403 488 2432 c
526 2383 651 2436 ΙΙωο
683 2377 826 2432 dicit
853 2371 1146 2429 Ezechias.
1180 2391 1208 2420 ιι
1243 2371 1368 2425 Non
1401 2368 1543 2424 dicit
1575 2385 1588 2423 :
1624 2368 1746 2423 haec
1777 2367 1916 2422 dicit
1939 2385 2036 2422 rex

387 2465 823 2535 Ezechiars,sed
842 2460 1246 2518 tantummodo
1263 2475 1396 2512 cum
1416 2456 1748 2511 humilitate
1761 2455 2030 2527 protulit:

386 2561 508 2616 haec
538 2557 681 2613 dicit
711 2551 1042 2610 Ezechias...
1070 2548 1204 2604 Dies
1232 2545 1651 2612 tribulationis,
1676 2568 1704 2594 »
1726 2545 2032 2610 subaudis,

389 2649 594 2715 nostri,
630 2669 657 2695 «
692 2649 750 2701 et
780 2638 1164 2712 correptionis
1193 2637 1292 2692 Dei
1341 2641 1398 2690 et
1443 2634 1842 2706 blaSphemiae,
1875 2656 1904 2683 »
1940 2634 2035 2688 ho-

387 2739 566 2796 stium
602 2757 630 2787 ‹‹
661 2735 788 2790 dies
819 2731 962 2787 haec.
991 2727 1137 2794 Quia
1155 2729 1440 2782 venerunt
1469 2723 1572 2778 lilii
1599 2740 1788 2796 usque
1814 2723 1884 2777 ad
1909 2740 2036 2796 par-

386 2833 534 2894 tum,
566 2829 624 2881 et
650 2825 836 2878 virtus
859 2837 974 2874 non
1005 2821 1095 2874 est
1125 2814 1387 2888 pariendi
1422 2831 1434 2869 :
1469 2813 1518 2868 si
1549 2813 1864 2884 quomodo,
1895 2835 1922 2862 ››
1973 2811 2033 2868 id

385 2921 476 2974 est
503 2912 768 2970 fortassis
801 2933 829 2962 «
861 2907 1064 2964 audiat
1093 2903 1380 2961 Dominus
1412 2907 1561 2957 Deus
1592 2906 1752 2958 tuus.
1788 2924 1816 2951 ››
1849 2902 1918 2956 Et
1947 2905 2036 2958 est

387 3020 599 3063 sensus
633 3017 647 3057 :
681 3002 845 3058 Sicut
875 2996 1088 3052 mulier
1135 2999 1396 3066 tempore
1446 2991 1850 3064 parturitionis
1897 3007 2032 3045 cum

386 3094 590 3166 nequit
615 3090 879 3145 emittere
911 3086 1531 3158 partum,angustatur
1559 3097 1764 3135 careus
1789 3078 2033 3134 consilio

386 3183 526 3254 quid
560 3181 746 3234 facere
780 3173 965 3248 possit
992 3189 1006 3226 :
1039 3171 1122 3226 sic
1152 3187 1260 3224 nos
1291 3169 1463 3223 modo
1510 3168 1734 3222 obsessi
1775 3167 2034 3238 undique

2149 591 2220 646 de
2249 592 2512 647 Taracha
2542 609 2674 664 rege
2705 593 3040 666 [Ethiopum
3073 594 3236 649 dixit.

2224 702 2252 728 «
2287 680 2570 736 Reversus
2600 685 2689 737 est
2719 686 2913 738 autem
2947 683 3258 756 Rapaces.»
3285 683 3534 740 Domino
3556 686 3786 757 permit-

2149 772 2308 824 tente
2333 769 2512 835 venit,
2544 775 2602 824 et
2631 769 2732 826 illo
2763 770 3130 843 praecipiente
3161 771 3400 829 recessit
3429 796 3456 822 ιι
3489 774 3561 829 Et
3579 773 3788 831 invenit

2149 874 2345 930 regem
2376 875 2551 914 suum
2583 853 2943 931 praeliantcm
2965 861 3244 917 adversus
3277 861 3788 936 Lobnam,supera-

2151 951 2211 1002 ta
2231 948 2360 1019 jam
2393 948 2621 1004 Lachis.
2658 971 2686 997 »
2716 949 2914 1005 Lobna
2943 949 3146 1006 civitas
3181 950 3288 1005 fuit
3315 951 3707 1007 Judaeaa.Nam
3736 952 3786 1008 in

2151 1035 2360 1091 Lachis
2391 1037 2678 1092 creditum
2713 1055 2860 1104 esse,
2893 1039 3049 1094 unde
3080 1039 3301 1095 missus
3331 1040 3518 1096 fuerat
3560 1041 3632 1096 ad
3669 1040 3787 1096 Hie-

2151 1125 2405 1180 rusalem
2435 1143 2447 1182 :
2478 1127 2576 1181 sed
2601 1127 2728 1198 jam
2760 1133 3079 1184 recesserat
3123 1129 3260 1184 inde
3305 1134 3662 1202 secutusque
3710 1134 3789 1186 est

2149 1231 2282 1269 eum
2315 1213 2373 1268 in
2407 1215 2688 1270 Lobnam.

2223 1324 2251 1353 α
2277 1303 2345 1358 Et
2374 1303 2596 1358 audivit
2625 1305 3021 1362 Sennachcrib
3052 1307 3123 1363 de
3147 1307 3412 1364 Taracha
3438 1325 3592 1382 rege.
3620 1332 3649 1358 »
3683 1311 3788 1366 [ste

2147 1395 2236 1446 cst
2265 1391 2511 1447 nuntius
2541 1393 2611 1448 de
2643 1409 2758 1465 quo
2788 1393 3010 1449 dictum
3041 1399 3131 1450 est
3159 1395 3453 1468 superius.

2217 1479 2408 1536 «Ecce
2442 1483 2506 1535 tu
2539 1481 2754 1537 audisti
2785 1482 2984 1537 omnia
3005 1500 3130 1555 quae
3155 1484 3416 1540 fecerunt
3442 1503 3608 1560 reges
3628 1489 3789 1562 Assy-

2145 1567 2364 1624 riorum
2399 1590 2428 1619 »
2462 1573 2657 1642 patres
2708 1571 2845 1640 mei,
2878 1571 2976 1644 qui
3027 1571 3244 1629 multas
3276 1573 3393 1629 Deo
3423 1576 3788 1648 permittente

2145 1662 2518 1714 vastaverunt
2547 1659 2869 1732 regiones,«
2895 1662 3104 1728 Bozan,
3123 1666 3182 1717 et
3213 1664 3386 1730 Aran,
3409 1668 3466 1720 et
3493 1681 3662 1737 reges
3689 1668 3787 1722 As-

2144 1746 2432 1818 syriorum
2462 1769 2490 1797 ιι
2525 1748 2762 1804 fuerunt
2790 1751 3205 1821 potentissimi,
3241 1771 3266 1800 ι
3297 1756 3356 1808 et
3385 1753 3538 1809 fiiios
3567 1755 3786 1826 Eden,»

2145 1835 2428 1892 subaudis
2459 1837 2890 1892 subverterunt.
2924 1839 3080 1894 Eden
3105 1841 3263 1912 regio
3287 1846 3378 1897 est
3403 1843 3791 1900 oricntis.Ana

2145 1928 2201 1978 et
2227 1926 2346 1980 Ava
2374 1929 2578 1996 gentes
2607 1924 2695 1980 vel
2726 1925 2988 1983 civitates
3020 1928 3420 1986 nobilissimae.

2217 2035 2245 2063 «
2277 2014 2346 2068 Et
2375 2013 2512 2074 tulit
2557 2014 2834 2070 Ezechias
2864 2014 3070 2082 libros,
3104 2042 3126 2070 ι
3165 2017 3224 2073 id
3255 2023 3363 2088 est,
3395 2019 3602 2094 epulas
3645 2039 3790 2096 quas

2147 2101 2389 2158 miserat
2417 2103 2488 2157 ad
2521 2119 2655 2158 eum
2683 2103 3100 2161 Sennachcrih.

2215 2215 2244 2241 ‹‹
2271 2193 2340 2246 Et
2369 2191 2632 2248 ascendit
2651 2191 2710 2246 in
2733 2192 2974 2248 domum
2996 2193 3313 2262 Domini,et
3327 2196 3512 2252 oravit
3531 2197 3789 2256 dicens.»

2146 2281 2278 2334 Ideo
2309 2280 2526 2336 dicitur
2553 2281 2886 2338 ascendisse
2921 2283 2980 2338 in
3014 2283 3254 2340 domum
3287 2285 3542 2356 Domini,
3563 2289 3705 2362 quia
3732 2289 3787 2345 in

2143 2369 2546 2441 superioribus
2575 2374 2717 2425 erat.
2752 2370 3010 2427 Primum
3044 2373 3280 2444 quando
3306 2375 3570 2432 ascendit
3600 2377 3660 2432 in
3691 2378 3787 2434 do-

2143 2475 2306 2513 mum
2339 2458 2570 2513 Domini
2597 2458 2783 2514 scissa
2811 2467 2989 2531 veste,
3023 2462 3264 2518 obsessa
3293 2463 3544 2533 civitate,
3564 2483 3682 2521 non
3713 2466 3788 2522 le-

2143 2547 2339 2620 gimus
2369 2564 2503 2602 eum
2538 2563 2736 2603 orasse
2769 2548 3104 2617 Dominum,
3129 2551 3269 2624 quia
3291 2557 3526 2625 propter
3555 2560 3791 2626 peccata

2143 2653 2250 2691 sua
2282 2637 2587 2709 reputabat
2617 2635 2724 2692 hoc
2752 2637 3000 2694 evenire.
3047 2639 3179 2694 Jam
3227 2657 3358 2695 vero
3409 2642 3674 2698 securior
3723 2645 3791 2700 de

2145 2725 2485 2781 liberatione
2517 2730 2662 2793 orat,
2697 2725 2900 2781 dicens
2935 2743 2948 2781 :

2213 2837 2242 2864 «
2279 2813 2523 2870 Domine
2551 2813 2910 2870 exercituum
2943 2815 3045 2888 qui
3075 2833 3138 2872 es
3166 2817 3451 2874 Dominus
3472 2821 3740 2876 omnium
3765 2845 3791 2870 »

2143 2905 2200 2958 et
2229 2902 2569 2976 angelorum
2603 2907 2660 2958 et
2687 2902 3051 2973 hominum,«
3079 2905 3296 2962 inclina
3325 2925 3527 2963 aurem
3549 2913 3714 2965 tuam
3736 2915 3792 2965 et

2144 2991 2304 3056 audi,
2337 2991 2492 3064 aperi
2527 2991 2726 3048 oculos
2756 2996 2887 3048 tuos
2918 2997 2975 3048 et
3000 2993 3147 3060 vide,
3181 2999 3239 3050 et
3263 2995 3516 3052 vindica.
3555 3019 3584 3046 »
3620 2998 3788 3054 Incli-

2143 3097 2283 3136 nare
2312 3080 2526 3136 dicitur
2556 3081 2710 3138 Deus
2741 3083 3111 3154 omnipotens
3141 3086 3606 3158 aurem,quando
3627 3105 3795 3143 exau-

2143 3169 2229 3224 dit
2257 3174 2510 3226 orantes.
2543 3171 2612 3227 Et
2639 3171 2863 3243 aperire
2910 3171 3110 3228 oculos
3141 3173 3375 3242 dicitur,
3407 3177 3649 3248 quando
3683 3177 3789 3232 mi-

389 3246 731 3342 ignoramus
777 3246 918 3334 quid
977 3273 1147 3330 agere
1195 3258 1530 3311 debeamus.
1567 3256 1667 3311 Vel
1717 3255 1895 3311 etiam
1918 3255 2032 3311 alio
2063 3246 2106 3312 C
2145 3258 2476 3315 miseretur.

389 3357 562 3412 modo
591 3371 606 3410 :
640 3351 766 3408 Filii
800 3347 982 3404 nostri
1014 3345 1262 3402 consilia
1290 3348 1430 3400 sunt
1460 3348 1678 3412 nostra,
1711 3348 1768 3398 et
1798 3345 2033 3416 quando

388 3441 754 3515 concipimus
773 3435 1086 3494 consilium
1103 3438 1160 3489 et
1176 3432 1320 3488 illud
1337 3448 1508 3504 opere
1529 3449 1645 3486 non
1663 3431 1922 3488 valemus
1939 3434 2035 3490 ad-

387 3531 650 3605 implere,
685 3527 936 3603 graviter
964 3521 1501 3597 angustiamur:sic
1521 3520 1605 3576 illi
1627 3521 1918 3578 consilum
1941 3540 2036 3595 pa-

388 3623 636 3688 riebant,
671 3619 771 3675 sed
803 3631 976 3690 opere
1005 3611 1248 3686 implere
1277 3609 1520 3666 minime
1548 3611 1802 3666 valeant:
1828 3634 1856 3661 ‹‹
1888 3612 2037 3666 Leva

387 3729 524 3785 ergo
543 3708 865 3766 orationem
894 3704 966 3760 ad
999 3702 1312 3759 Dominum
1345 3701 1528 3756 Deum
1559 3705 1728 3756 tuum
1759 3718 1862 3774 pro
1903 3699 2034 3755 reli-

387 3802 568 3873 quiis,
601 3816 728 3872 quae
761 3799 998 3869 repertae
1031 3795 1170 3848 sunt
1198 3795 1431 3846 tantum
1481 3790 1538 3844 in
1591 3789 1974 3845 Hierusalem.
2005 3811 2034 3839 »

387 3891 518 3946 Jam
539 3888 697 3944 enim
718 3887 917 3942 decem
934 3883 1126 3937 tribus
1143 3881 1330 3935 ducta)
1351 3883 1521 3935 erant
1540 3879 1600 3933 in
1618 3879 2037 3950 captivitatem,

386 3983 445 4034 et
472 3993 677 4034 omnes
707 3973 971 4030 civitates
999 3971 1162 4025 Judze
1194 3974 1252 4023 et
1283 3967 1587 4038 Benjamin
1616 3971 1873 4022 vastatas.
1900 3967 2038 4022 Pars

387 4068 564 4123 etiam
597 4063 836 4120 inferior
864 4059 1115 4116 civitatis
1147 4057 1360 4112 tradita
1388 4057 1578 4111 fuerat
1607 4055 1667 4110 in
1703 4073 1913 4111 manus
1935 4055 2040 4112 ho-

388 4155 568 4212 stium
601 4170 702 4224 per
728 4166 968 4205 manum
1000 4149 1206 4203 Sobnaa
1235 4145 1572 4217 impiissimi
1605 4146 1919 4218 pontiﬁcis,
1937 4148 2038 4220 qui

379 4255 509 4326 jam
540 4237 898 4296 sacerdotale
927 4235 1188 4291 officium
1221 4234 1630 4306 compleverat.
1670 4236 1918 4308 Ideoque
1952 4237 2040 4292 di-

389 4325 472 4386 cit
503 4345 607 4402 pro
640 4325 904 4398 reliquiis
935 4342 1065 4397 quae
1097 4327 1334 4394 repertae
1366 4327 1525 4378 sunt.

460 4441 488 4470 ‹‹
521 4419 591 4474 Et
620 4419 904 4474 venerunt
949 4411 1098 4470 servi
1146 4411 1299 4484 regis
1346 4410 1600 4466 Ezechia:
1631 4413 1703 4468 ad
1739 4413 1972 4470 Isaiam.
2012 4438 2041 4466 »

387 4509 521 4566 Jam
553 4507 694 4564 dicti
725 4505 831 4560 viri
862 4504 1011 4560 servi
1043 4506 1342 4558 vocantur.
1380 4501 1598 4556 Revera
1634 4501 1790 4556 enim
1839 4521 2046 4560 omnes

2212 3371 2239 3398 α
2273 3349 2344 3404 Et
2374 3349 2662 3404 dederunt
2691 3349 2832 3405 deos
2861 3365 3064 3406 eorum
3115 3351 3257 3423 igni,
3307 3375 3334 3402 »
3382 3352 3440 3408 id
3491 3359 3604 3422 est,
3639 3353 3790 3410 idola

2141 3442 2376 3510 propter
2404 3455 2531 3510 quae
2563 3437 2948 3510 perierunte,«
2981 3456 3096 3495 non
3119 3441 3277 3497 enim
3308 3446 3474 3498 erant
3504 3441 3654 3498 dii.»
3682 3444 3788 3500 Ex-

2143 3526 2308 3599 ponit
2335 3543 2516 3598 quare
2545 3527 2844 3599 perierint.
2867 3527 3139 3601 Despexit
3168 3545 3268 3586 eos
3297 3530 3719 3588 Sennachcrih.

2215 3637 2243 3664 ‹‹
2279 3614 2674 3670 Subsannavit
2703 3620 2779 3685 te,
2813 3637 2842 3666 »
2881 3616 2941 3671 id
2989 3622 3078 3672 est
3121 3617 3328 3686 irrisit,
3360 3623 3417 3675 te
3459 3621 3624 3693 virgo
3675 3621 3792 3677 tilia

2145 3705 2304 3760 Sion.
2335 3725 2362 3753 «
2395 3703 2532 3758 Post
2559 3709 2615 3758 te
2645 3708 2821 3778 caput
2852 3705 3031 3761 movit
3063 3705 3182 3761 filia
3205 3707 3592 3765 Hierusalem.
3629 3733 3658 3759 »
3690 3710 3791 3766 Po-

2145 3792 2321 3866 pulus
2354 3793 2914 3866 Hierosolymitanus
2954 3795 3082 3850 ideo
3129 3794 3288 3868 virgo
3338 3797 3690 3870 appellatur,
3737 3804 3794 3855 et

2146 3883 2287 3949 ﬁlia,
2320 3881 2460 3954 quia
2490 3881 2717 3938 cunctis
2745 3883 3018 3954 gentibus
3047 3883 3364 3940 simulacra
3407 3885 3792 3942 adorantibus

2147 3975 2512 4026 mortuorum
2543 3971 2872 4037 hominum,
2904 3971 3015 4028 iste
3043 3973 3402 4028 conservavit
3432 3974 3598 4031 solus
3628 3976 3797 4032 casti-

2145 4065 2324 4116 tatem
2356 4059 2656 4133 religionis
2677 4059 2863 4130 Dei,et
2892 4060 3068 4116 unius
3096 4061 3196 4116 Dei
3219 4061 3798 4136 cultum.Virginitas

2148 4149 2304 4205 enim
2337 4166 2450 4204 non
2483 4148 2674 4204 solum
2715 4149 2994 4222 corporis,
3038 4166 3239 4205 verum
3289 4150 3464 4206 etiam
3495 4155 3556 4207 et
3584 4153 3800 4208 mentis

2151 4242 2259 4293 est.
2292 4239 2457 4293 'I‘unc
2486 4237 2754 4310 dcxpexit
2775 4241 2832 4291 et
2861 4237 3044 4293 irrisit
3077 4237 3172 4294 ille
3199 4237 3452 4311 populus
3474 4240 3805 4297 Sennachc-

2151 4327 2240 4382 rib
2271 4331 2330 4382 et
2359 4327 2869 4400 Assyrios,quanto
2891 4325 3173 4383 Eliachim
3195 4332 3252 4384 et
3271 4327 3459 4384 casteri
3482 4329 3653 4386 missi
3677 4330 3806 4386 Eze-

2153 4416 2296 4472 chiaa
2328 4433 2443 4471 non
2475 4415 2902 4487 responderunt
2930 4415 3155 4472 nuntiis
3185 4415 3584 4474 illius.Postea
3604 4424 3800 4474 autem

2155 4505 2472 4560 interfectis
2501 4503 2773 4577 Assyriis,
2825 4508 2884 4560 et
2931 4505 3208 4561 redeunte
3257 4504 3617 4562 Senacherib
3665 4523 3800 4563 cum

389 4599 568 4654 duces
597 4596 747 4652 servi
774 4598 1078 4657 vocantur,
1108 4591 1364 4662 exceptis
1394 4588 1746 4646 consiliariis
1769 4591 1870 4663 qui
1901 4594 2042 4648 ami-
2069 4612 2117 4678 υ
2155 4594 2500 4666 ignominia,
2542 4593 2853 4666 captivavit
2891 4593 3006 4649 lilia
3061 4594 3196 4650 Sion
3243 4595 3362 4650 sive
3413 4595 3798 4660 Hierusalem,

388 4687 442 4742 ci
474 4685 625 4759 regis
656 4688 954 4740 vocantur.
1005 4681 1167 4737 Unde
1215 4697 1350 4735 cum
1399 4679 1618 4734 dicitur
1651 4697 1664 4735 :
1701 4681 1888 4746 Quare
1920 4699 2035 4737 non

390 4775 488 4832 isti
521 4791 655 4829 cum
687 4773 877 4828 amico
909 4773 1049 4826 tuo?

466 4885 487 4913 ι
526 4863 596 4918 Et
624 4861 770 4917 dixit
799 4861 870 4915 ad
903 4875 1001 4915 eos
1033 4857 1555 4915 Isaias.»Przevenit
1584 4859 1868 4930 prephcta
1892 4878 2038 4917 nun-

391 4952 504 5008 tios
534 4950 862 5022 illius,quia
881 4966 984 5020 per
1012 4947 1284 5019 spiritum
1313 4963 1429 5019 quo
1461 4947 1660 5002 futura
1689 4949 2040 5019 praedicebat

391 5041 661 5115 cognovit
692 5039 831 5112 quid
865 5041 1061 5092 actum
1094 5039 1268 5105 esset,
1299 5034 1442 5106 quid
1477 5035 1760 5106 Bapsaces
1793 5038 2038 5106 dixerat,

389 5137 448 5188 et
477 5131 620 5204 quid
651 5130 702 5185 ei
726 5145 823 5184 rex
855 5126 1191 5182 mandabat.
1233 5147 1260 5174 «
1293 5123 1421 5179 Haec
1451 5123 1656 5178 dicetis
1683 5124 1924 5181 Domine
1947 5145 2039 5182 ve-

389 5224 530 5289 stro,
567 5242 595 5270 ι)
629 5217 935 5288 subaudis,
968 5232 1082 5270 non
1116 5230 1264 5269 meo.
1319 5236 1346 5262 ‹‹
1398 5212 1528 5267 Haec
1578 5211 1719 5266 dicit
1756 5213 2040 5270 Dominus

392 5326 581 5366 meus.
616 5331 644 5358 »
678 5305 847 5363 Pueri
877 5308 1158 5361 vocantur
1186 5303 1368 5358 duces
1416 5317 1662 5373 regnum
1709 5303 1810 5374 qui
1857 5303 2040 5360 obsae-

391 5402 657 5469 quuntur
686 5396 922 5470 regibus
955 5393 1102 5450 suis.

464 5508 492 5535 «
527 5487 669 5542 Ecce
700 5502 807 5558 ego
836 5484 986 5539 dabo
1017 5482 1067 5537 ei
1101 5480 1374 5554 spiritum
1426 5502 1454 5529 »
1501 5484 1560 5534 et
1605 5485 1923 5536 revertetur
1967 5483 2041 5538 ad

398 5577 615 5631 terram
647 5591 838 5638 suam,
873 5573 981 5628 hoc
1009 5576 1119 5638 est,
1150 5571 1209 5625 in
1239 5569 1591 5637 Chaldaaam,
1621 5570 1770 5626 dabo
1802 5571 1854 5627 ei
1878 5572 2046 5644 spiri-

393 5667 521 5724 tum
553 5679 669 5720 non
701 5666 972 5720 sanctum
1003 5659 1104 5718 sed
1132 5658 1577 5733 malignum,«et
1607 5657 1810 5718 audire
1831 5660 2041 5720 faciam

2147 4683 2567 4740 subsannando
2597 4687 2654 4738 et
2678 4682 3138 4738 inconculcando
3163 4683 3238 4739 ei.

2215 4796 2244 4823 ‹‹
2277 4772 2381 4828 Cui
2420 4771 2774 4844 exprobasti,
2833 4776 2894 4828 et
2943 4789 3116 4844 quem
3151 4771 3604 4845 blasphemasti,
3644 4796 3665 4824 ο
3700 4790 3804 4846 per

2147 4879 2344 4918 servos
2374 4861 2546 4916 tuos?
2577 4861 2696 4916 Vox
2723 4860 2978 4917 Ezechiae
3022 4861 3132 4916 sub
3164 4861 3432 4918 irrisione
3465 4863 3538 4917 ad
3573 4863 3803 4918 Senna-

2146 4949 2408 5005 cherib.«
2435 4951 2623 5022 Super
2651 4966 2823 5022 quem
2857 4948 3058 5005 levasti
3092 4949 3460 5007 altitudinem
3491 4951 3802 5008 oculorum

2147 5043 2382 5094 tuorum
2415 5039 2486 5093 ad
2518 5043 2786 5094 sanctum
2821 5039 3017 5105 Israel,
3054 5061 3082 5087 »
3123 5039 3179 5094 id
3235 5043 3343 5110 est,
3376 5043 3585 5096 contra
3613 5040 3804 5096 Deum

2149 5129 2631 5200 omnipotentem,
2669 5145 2783 5184 non
2813 5132 3015 5183 contra
3047 5145 3159 5184 me.
3185 5128 3302 5184 Hoc
3332 5128 3569 5202 proprie
3600 5145 3805 5202 super-

2150 5218 2358 5272 borum
2389 5222 2498 5284 est,
2531 5222 2595 5272 ut
2625 5216 2936 5289 supercilia
2961 5216 3208 5290 erigant.

2222 5329 2248 5356 «
2284 5305 2586 5376 Dixisti,»o
2617 5305 3390 5372 Sennachcrib,aascendam
3413 5304 3802 5363 Altitudinem

2149 5393 2462 5462 montium,
2489 5395 2637 5466 juga
2693 5391 2920 5460 Libani,
2969 5397 3027 5448 et
3075 5392 3373 5448 succidam
3428 5391 3684 5462 excelsa,
3741 5395 3803 5447 et

2151 5483 2429 5538 thronum
2459 5485 2610 5555 ejus,
2642 5487 2700 5538 et
2727 5481 2939 5554 electas
2971 5481 3189 5538 abietes
3221 5481 3440 5537 illius.»
3458 5480 3570 5538 Per
3598 5482 3799 5538 cedrus

2151 5572 2544 5645 metaphorice
2574 5576 2632 5627 et
2662 5571 3412 5644 abietes,suporbia,regna,
3435 5575 3496 5626 et
3525 5585 3690 5644 reges
3705 5567 3796 5624 di-

2148 5677 2449 5719 versarum
2477 5660 2739 5737 gentium
2770 5661 2871 5736 qui
2899 5661 3009 5720 sub
3053 5661 3183 5738 ejus
3226 5659 3488 5719 dominio
3517 5658 3796 5720 constite-
