4090 6192
271 375 383 437 901

1318 374 1727 439 COMMENT.
1776 377 1854 439 IN
1898 378 2196 442 ISAIAM.
2242 418 2318 425 —
2364 382 2511 444 LIB.
2558 383 2633 445 ll.

3558 392 3675 456 902

273 512 433 577 runt,
466 508 871 581 designantur.
905 505 1011 563 Per
1043 507 1332 563 Libanum
1365 513 1557 564 autem
1587 514 1643 565 et
1673 513 1921 567 summi-
1950 516 2002 581 Α
2035 519 2173 569 runt
2203 533 2444 585 messes,
2466 516 2678 585 vineta,
2706 523 2762 573 et
2783 518 2993 575 oliveta
3016 525 3317 579 eorum.Et
3337 525 3410 580 ob
3432 526 3677 585 nimiam

273 603 454 653 tatem
480 597 568 653 vel
601 596 974 652 altitudinem
996 597 1124 668 ejus
1150 596 1509 653 Hierusalem
1532 603 1589 653 et
1610 599 1920 671 templum,

273 689 347 744 ad
383 687 537 759 quod
561 685 686 759 ipse
710 684 894 741 voluit
920 686 1253 741 ascendere.
1280 687 1387 741 Per
1408 687 1623 743 saltum
1646 688 1920 758 Carmeli,

271 776 527 850 populus
558 775 1139 848 Hierosolymitanus.

349 888 378 917 ‹‹
408 867 526 938 Ego
556 864 677 919 fodi
707 866 764 919 et
784 864 904 919 bibi
928 869 1235 936 aquam,et
1255 866 1536 921 exsiccavi
1565 866 1808 941 vestigio
1833 886 1923 940 pe-

269 955 365 1010 dis
395 953 507 1009 mei
540 970 746 1008 omnes
776 953 930 1008 rivos
962 970 1265 1025 aggerum.
1303 976 1329 1003 ››
1361 956 1548 1009 Tanta
1577 956 1687 1009 fuit
1719 956 1920 1011 multi-

270 1044 419 1099 tudo
447 1043 737 1099 exercitus
768 1041 946 1108 illius,
973 1046 1038 1097 ut
1061 1042 1258 1098 omnia
1282 1045 1499 1098 fluenta
1522 1048 1686 1099 terrm
1706 1045 1919 1100 Judreae

269 1131 648 1188 exsiccaverit
672 1148 683 1186 :
709 1135 765 1186 et
786 1131 914 1186 ideo
935 1130 1221 1203 compulsi
1248 1137 1456 1203 puteos
1483 1133 1593 1187 sibi
1628 1134 1919 1190 foderunt.

271 1219 668 1294 Metaphorice
688 1223 880 1275 autem
902 1236 1005 1292 per
1018 1220 1173 1275 rivos
1189 1218 1485 1277 alveorum
1508 1226 1564 1276 et
1584 1238 1686 1294 per
1706 1240 1919 1295 aquam

271 1311 559 1365 debemus
591 1308 913 1380 intelligere
958 1325 1139 1382 regna
1186 1313 1243 1364 et
1288 1309 1553 1382 regiones
1602 1328 1749 1383 quas
1797 1312 1921 1384 ipse

272 1396 606 1464 exsiccavit,
638 1396 1072 1453 habitatoribus
1096 1413 1296 1452 earum
1328 1397 1667 1454 interfectis.

346 1511 374 1537 ιι
408 1485 685 1558 Nunquid
715 1501 829 1540 non
861 1485 1099 1554 audisti,
1138 1508 1165 1535 »
1196 1486 1254 1540 id
1287 1490 1376 1541 est
1403 1486 1813 1558 nunquid,non
1838 1488 1919 1543 in-
1952 1532 1953 1539 η

270 1574 569 1645 tellexisti,
597 1591 631 1629 o
661 1573 830 1641 Isaia,
867 1596 895 1624 «
929 1591 1056 1646 quae
1087 1573 1228 1630 olim
1261 1574 1494 1630 fecerim
1525 1575 1598 1642 ei,
1628 1598 1654 1624 ››
1678 1576 1786 1631 hoc
1809 1582 1916 1645 est,

270 1683 403 1738 quea
435 1664 485 1719 ei
519 1662 1048 1736 praedestinaverim
1066 1663 1095 1718 ‘I
1120 1662 1236 1718 Vox
1255 1663 1351 1719 Dei
1375 1664 1448 1718 ad
1480 1663 1826 1736 prophetam
1851 1667 1920 1722 de

272 1752 691 1810 Sennacherib.
725 1774 753 1801 «
790 1753 870 1808 Ex
900 1752 1108 1808 diebus
1134 1752 1412 1824 antiquis,
1440 1776 1466 1803 »
1491 1752 1548 1807 id
1581 1758 1729 1820 est,a
1761 1756 1917 1826 prin-

270 1843 426 1916 cipio
455 1846 858 1899 creaturarum
880 1864 907 1891 ‹‹
935 1858 1041 1913 ego
1074 1841 1357 1913 plasmavi
1387 1841 1557 1911 illud,
1583 1865 1610 1893 »
1637 1843 1920 1900 subaudis
1949 1886 1997 1951 Β

288 1932 490 1951 ημιηᾼ-
561 1931 707 1951 ___-_‘l
743 1929 1133 1951 (1_.___-_L-_2L
1188 1931 1247 1951 AL
1308 1930 1589 1951 s__2_-__4-!A
1652 1932 1859 1951 _,,,a'l,

272 1932 524 2000 malum,
553 1931 709 2003 quod
743 1929 1140 1987 Sennacherib
1185 1931 1256 1985 ab
1308 1930 1599 1987 universis
1646 1932 1922 2003 gentibus

272 2021 505 2077 illatum
523 2024 633 2075 est.
653 2043 680 2069 «
700 2020 771 2075 Et
788 2036 944 2074 nunc
966 2042 992 2069 »
1012 2019 1167 2091 quod
1189 2019 1246 2073 in
1266 2020 1773 2091 praedestinatione
1792 2038 1921 2077 mea

270 2115 401 2167 erat
433 2132 462 2159 «
492 2108 709 2164 adduxi
742 2130 769 2156 n
801 2125 978 2180 super
1008 2124 1164 2175 eum,
1198 2113 1263 2163 ut
1286 2107 1488 2180 qualia
1520 2109 1819 2177 fecit,talia
1842 2127 1922 2165 re-

271 2198 473 2272 cipiat.
498 2221 526 2247 ‹‹
555 2198 797 2254 Factum
830 2202 967 2253 est»
993 2196 1137 2252 illud
1171 2197 1395 2252 malum
1430 2219 1458 2248 ‹‹
1478 2197 1547 2272 in
1578 2198 1919 2255 eradicatio-

270 2270 409 2346 nem
440 2287 678 2344 collium
711 2286 1207 2359 impugnantium,
1239 2291 1296 2342 et
1324 2270 1625 2342 civitatum
1666 2288 1919 2343 munita-

270 2396 429 2435 rum.
467 2400 494 2427 »
528 2379 633 2434 Per
660 2375 837 2432 colles
866 2392 1032 2448 reges
1062 2380 1119 2431 et
1140 2375 1433 2448 principes
1455 2374 1555 2447 qui
1578 2376 1648 2431 ab
1674 2377 1919 2431 invicem

268 2469 425 2523 inter
449 2485 508 2523 se
528 2466 834 2533 dimicant,
852 2466 1137 2519 debemus
1158 2463 1482 2535 intelligere
1508 2464 1634 2519 illos
1658 2482 1804 2537 quos
1828 2483 1919 2520 ve-

269 2555 441 2610 niens
461 2551 855 2609 Sennacherib
878 2551 1123 2607 Domino
1146 2552 1538 2624 permittente,
1554 2570 1669 2608 non
1690 2558 1924 2626 propter

268 2644 445 2698 istius
478 2643 705 2712 merita,
742 2642 842 2697 sed
877 2658 980 2713 pro
1029 2658 1231 2697 eorum
1275 2642 1539 2713 peccatis
1587 2643 1919 2697 eradicavit.

272 2733 338 2788 lu
369 2732 828 2791 eradicationom
859 2731 1035 2786 etiam
1067 2730 1367 2786 civitatum
1397 2731 1758 2785 munitarum
1790 2732 1921 2786 fuit.

347 2844 377 2870 «
414 2820 780 2877 Habitatores
831 2836 1033 2875 earum
1065 2841 1094 2870 »
1127 2824 1413 2875 terrarum
1473 2820 1561 2875 vel
1622 2820 1923 2875 civitatum

272 2935 300 2962 ι(
335 2910 600 2966 breviata
630 2926 808 2964 manu
841 2912 1343 2974 contremuerunt,
1372 2930 1398 2958 »
1431 2908 1490 2963 id
1514 2912 1621 2977 est,
1648 2927 1763 2964 non
1788 2926 1927 2981 prae-

277 3001 453 3055 bente
483 3016 576 3054 me
606 3015 768 3054 more
796 2998 967 3053 solito
999 2998 1117 3053 illis
1139 2997 1505 3064 auxilium,et
1526 3002 1772 3053 retracto
1796 3016 1925 3053 meo

276 3089 572 3160 adjutorio
602 3090 673 3145 ab
704 3087 843 3157 illis,
880 3110 909 3139 ‹‹
940 3088 1166 3144 confusi
1197 3091 1338 3143 sunt
1371 3110 1396 3135 n
1421 3091 1474 3143 et
1505 3087 1564 3142 in
1597 3088 1722 3143 suis
1752 3088 1926 3143 malis

275 3178 636 3251 consumpti.
669 3178 803 3233 Ideo
833 3195 949 3232 non
996 3181 1413 3250 comparantur
1458 3176 1616 3232 oliva;
1661 3180 1718 3232 et
1744 3177 1924 3233 vineae

275 3267 718 3339 fructuosisque
749 3265 1057 3323 arboribus
1091 3282 1102 3321 :
1138 3266 1239 3322 sed
1272 3266 1402 3321 feno
1432 3270 1488 3321 et
1517 3265 1770 3338 gramini
1800 3267 1924 3322 her-
1953 3254 1996 3319 C

272 3357 650 3429 bisque,qua:
674 3356 941 3428 frugibus
968 3355 1392 3427 impedimenta
1411 3358 1773 3426 praestant,et
1793 3360 1925 3412 ante

273 3449 652 3502 marcescunt
677 3460 851 3518 quam
886 3446 956 3499 ad
988 3443 1388 3499 maturitatem
1410 3443 1801 3515 perveniant.«
1829 3446 1927 3500 Fa-

270 3535 354 3592 cit
384 3538 528 3591 sunt
552 3556 579 3583 »
602 3533 960 3590 habitatores
991 3532 1216 3589 scilicet
1244 3550 1445 3588 earum
1468 3532 1769 3588 civitatum
1794 3557 1820 3583 ‹‹
1846 3533 1922 3590 si-

269 3629 374 3681 cut
406 3625 605 3681 fenum
639 3624 762 3697 agri
793 3627 849 3679 et
876 3639 1117 3697 gramen
1168 3640 1420 3695 pascuaz,
1456 3627 1514 3679 et
1542 3622 1696 3679 sicut
1742 3624 1926 3680 herba

269 3718 584 3771 tectorum.
612 3736 640 3763 »
662 3714 911 3769 Gramen
930 3712 989 3767 in
1007 3713 1115 3768 hoc
1134 3712 1260 3769 loco
1281 3713 1464 3768 herba
1485 3717 1591 3780 est,
1618 3730 1743 3785 qua:
1767 3714 1921 3786 apud

269 3821 381 3860 nos
411 3802 611 3858 triuua
637 3805 899 3858 vocatus.
932 3801 1039 3856 Per
1067 3802 1269 3857 fenum
1300 3806 1357 3857 et
1388 3801 1614 3873 reliqua
1660 3820 1788 3874 qua:
1829 3802 1923 3858 hic

267 3890 571 3957 dicuntur,
595 3889 877 3945 debemus
900 3889 1225 3962 intelligere
1246 3889 1512 3961 populos,
1529 3890 1628 3961 qui
1652 3890 1766 3945 cito
1790 3907 1919 3962 pec-

267 3979 418 4036 catis
461 3977 922 4051 impedientibus
972 3977 1289 4050 perierunt,
1323 3982 1639 4050 antequam
1688 3982 1923 4052 tempus

267 4069 481 4125 mortis
511 4085 712 4125 eorum
744 4068 1094 4134 advenisset,
1127 4068 1325 4123 traditi
1360 4067 1417 4121 in
1452 4083 1664 4123 manus
1696 4069 1920 4124 Senna-

265 4157 493 4214 cherib.
509 4180 536 4207 ‹‹
565 4156 989 4212 Habitationem
1006 4162 1194 4212 tuam.
1216 4178 1244 4207 »
1262 4156 1613 4229 Babylonem
1630 4156 1917 4226 videlicet,

264 4245 538 4318 cognovi,
570 4262 603 4301 0
633 4245 1050 4315 Sennacherib,
1077 4267 1105 4294 ‹‹
1131 4249 1187 4301 et
1208 4261 1511 4319 egressum
1540 4248 1709 4300 tuum
1734 4267 1761 4296 ››
1786 4245 1921 4302 inde

263 4358 294 4384 «
331 4337 391 4388 et
411 4332 720 4388 introitum
750 4337 919 4388 tuum
941 4356 967 4382 »
990 4332 1049 4387 in
1071 4337 1286 4388 terram
1320 4332 1792 4406 repromissionis
1813 4358 1839 4384 ‹‹
1864 4339 1922 4390 et

264 4421 566 4478 insaniam
596 4424 762 4478 tuam
785 4443 814 4472 ››
838 4421 947 4477 hoc
978 4425 1069 4478 est
1100 4422 1456 4478 dementiam
1481 4445 1508 4472 ‹‹
1533 4427 1738 4479 contra
1769 4441 1920 4479 me.»

264 4513 436 4567 Tunc
469 4509 767 4579 insanivit,
802 4512 1036 4583 quando
1087 4512 1234 4567 dixit
1266 4529 1278 4567 :
1317 4511 1457 4578 Quis
1506 4513 1659 4567 Deus
1708 4514 1922 4585 poterit

261 4617 369 4675 vos
396 4599 647 4655 liberare
677 4600 749 4654 de
779 4616 958 4655 manu
990 4601 1166 4656 mea?

337 4713 365 4739 α
405 4688 623 4744 Ponam
651 4704 788 4761 ergo
820 4687 1106 4744 circulum
1138 4688 1196 4744 in
1220 4690 1461 4746 naribus
1484 4690 1661 4745 tuis.»
1686 4691 1791 4745 Per
1814 4692 1922 4746 fre-

261 4794 411 4834 num
442 4780 501 4833 et
531 4776 1168 4850 circulum,potentiam
1191 4778 1514 4834 divinitatis
1535 4779 1816 4835 debemus
1839 4779 1913 4834 in-

261 4866 548 4940 telligere.
573 4868 654 4921 Ac
676 4865 725 4921 si
749 4866 969 4923 diceret
991 4865 1325 4922 aliisverbis
1340 4884 1351 4921 :
1369 4866 1445 4922 0s
1464 4872 1628 4922 tuum
1642 4866 1917 4939 blasphe-

259 4972 430 5010 mum
463 4955 724 5027 potentia
749 4954 985 5011 virtutis
1016 4973 1156 5011 meae
1197 4955 1521 5023 infrenabo,
1557 4960 1614 5011 et
1642 4957 1917 5012 reducam

258 5048 317 5100 te
349 5044 423 5099 ab
462 5042 823 5099 Hierusalem
854 5043 914 5097 in
940 5048 1157 5099 terram
1188 5048 1350 5099 tuam
1391 5061 1526 5100 cum
1570 5044 1914 5117 ignominia.

333 5155 364 5181 «
398 5130 531 5187 Tibi
564 5136 784 5202 autem,
818 5154 848 5182 »
882 5149 914 5187 0
945 5132 1209 5187 Ezechia.
1241 5157 1268 5183 «
1304 5136 1418 5189 Hoc
1458 5135 1569 5189 erit
1616 5135 1853 5207 signum
1888 5156 1916 5183 »

258 5220 476 5277 salutis
506 5226 640 5277 tuae.
672 5220 1009 5294 Alloquitur
1037 5223 1321 5295 propheta
1352 5223 1656 5279 Ezechiam
1698 5241 1913 5296 regem,

257 5310 406 5383 quid
435 5326 607 5383 agere
637 5311 862 5368 debeat.
890 5336 917 5362 «
942 5312 1190 5367 Comede
1219 5312 1328 5368 hoc
1358 5329 1531 5379 anno,
1560 5317 1621 5367 tu
1650 5317 1706 5367 et
1731 5330 1914 5384 popu-

255 5399 356 5456 lus
386 5405 549 5472 tuus,
565 5416 693 5472 quae
725 5405 931 5472 sponte
953 5405 1297 5467 nascuntur,
1322 5425 1348 5451 »
1367 5400 1425 5456 id
1454 5405 1561 5469 est,
1592 5418 1720 5473 qum
1752 5402 1916 5473 prius

256 5505 496 5544 severas
526 5484 704 5560 quam
735 5490 959 5544 veniret
975 5490 1251 5563 Assyrius
1273 5514 1300 5540 «
1325 5494 1381 5545 et
1400 5488 1459 5545 in
1482 5506 1635 5545 anno
1657 5490 1914 5545 secundo

253 5578 457 5651 pomis
512 5595 765 5635 vescere.
801 5601 831 5628 »
863 5578 965 5635 Illo
1020 5584 1280 5652 tempore
1328 5597 1461 5634 cum
1504 5581 1631 5651 jam
1682 5583 1914 5652 tempus

255 5666 580 5727 messionis
607 5666 872 5742 instaret,
904 5672 1190 5729 venerunt
1218 5669 1439 5746 Assyrii
1461 5673 1518 5727 et
1548 5667 1917 5727 conculcave-

2032 604 2430 660 obsessionem
2462 605 2704 662 vastatis
2744 609 3061 680 segetibus,
3094 613 3249 681 quod
3298 617 3677 683 postmodum

2030 710 2095 748 ex
2128 694 2327 767 granis
2359 699 2693 767 reparatum
2721 701 2809 751 est
2840 697 3172 754 habuerunt
3206 702 3395 772 primo
3432 721 3587 760 anno
3618 705 3676 762 in

2029 782 2269 851 victum,
2306 784 2578 840 similiter
2607 803 2760 841 anno
2791 789 3047 842 secundo
3083 806 3095 843 :
3132 790 3273 860 quia
3303 808 3453 846 anno
3484 793 3680 849 obses-

2031 871 2213 925 sionis
2245 888 2432 927 serere
2456 890 2569 927 non
2606 879 2919 946 potuerunt
2949 894 3074 948 qua:
3105 885 3447 949 repererunt
3475 899 3541 935 ex
3564 883 3679 936 fru-

2031 959 2203 1031 gibus
2234 966 2289 1015 et
2320 963 2509 1032 pomis
2540 969 2940 1035 sumpserunt.
2976 989 3003 1015 «
3042 968 3101 1021 In
3135 985 3288 1023 anno
3329 973 3520 1025 autem
3556 976 3676 1026 ter-

2030 1047 2131 1113 tio,
2153 1070 2179 1096 n
2202 1050 2536 1121 fugatojam
2560 1054 2794 1124 Assyrio
2817 1071 2949 1109 cum
2986 1057 3319 1126 securitate,
3345 1079 3372 1110 (ι
3393 1060 3676 1115 seminate

2030 1140 2087 1192 et
2114 1138 2332 1206 metite,
2357 1143 2414 1193 et
2434 1139 2688 1209 plantate
2720 1142 2919 1198 vineas
2945 1166 2971 1191 ››
2996 1144 3207 1200 iterum
3240 1164 3388 1219 quas
3415 1152 3674 1204 vastave-

2031 1229 2169 1279 runt
2198 1230 2253 1281 et
2284 1228 2725 1284 eradicaverunt
2755 1232 2999 1302 Assyrii.

2106 1336 2133 1365 ‹‹
2164 1316 2234 1369 Et
2264 1316 2477 1386 mittet,
2511 1340 2539 1368 »
2574 1319 2859 1373 subaudis
2889 1336 3075 1392 geuus
3102 1322 3431 1395 hominum,
3459 1349 3485 1375 ‹‹
3520 1328 3674 1398 quod

2030 1402 2315 1459 salvatum
2340 1405 2527 1461 fuerat
2551 1430 2578 1455 ››
2598 1426 2630 1462 a
2653 1408 2899 1464 Domino
2924 1434 2950 1459 ‹‹
2976 1410 3048 1464 (10
3071 1411 3244 1467 domo
3265 1412 3501 1479 Juda,et
3520 1416 3677 1486 quod

2031 1491 2323 1564 reliquum
2354 1499 2443 1550 est
2472 1496 2665 1551 mittet
2694 1499 2949 1553 radicem
2985 1499 3271 1568 deorssm,
3296 1506 3354 1555 et
3376 1502 3545 1556 faciet
3568 1503 3681 1558 fru-

2030 1584 2189 1635 ctum
2208 1599 2467 1638 sursum.
2492 1607 2518 1632 »
2537 1585 2699 1640 Sicut
2720 1587 2894 1641 arbor
2912 1589 3186 1643 deorsum
3220 1590 3401 1645 mittit
3422 1590 3678 1647 radicem

2030 1686 2136 1724 suo
2166 1674 2446 1743 tempore,
2482 1677 2538 1727 et
2570 1674 2758 1744 pomis
2792 1675 3045 1747 repletur
3075 1694 3313 1731 sursum
3340 1695 3353 1734 :
3380 1678 3464 1734 sic
3486 1680 3679 1735 omnis

2028 1760 2181 1812 terra
2212 1759 2461 1813 duarum
2492 1759 2753 1815 tribuum
2787 1779 2855 1817 ex
2886 1780 3059 1835 parvo
3081 1762 3297 1835 populo
3319 1763 3540 1836 repleta
3560 1770 3672 1820 est.

2031 1845 2163 1901 Ideo
2194 1851 2389 1901 autem
2423 1849 2586 1902 addit
2616 1865 2630 1902 :

2101 1956 2128 1983 «
2162 1934 2242 1989 De
2270 1935 2406 1990 Sion
2437 1940 2494 1991 et
2521 1937 2590 1992 de
2622 1936 2983 1993 Hierusalem
3017 1938 3303 1994 exbibunt
3348 1940 3609 2013 reliquiae
3646 1964 3675 1991 ››

2031 2024 2169 2094 quia
2199 2024 2397 2079 decem
2432 2025 2622 2081 tribus
2650 2031 2706 2082 et
2736 2044 2940 2083 omnes
2971 2027 3234 2084 civitates
3254 2029 3420 2084 Judaa
3443 2035 3676 2086 vastatas

2030 2117 2216 2180 erant,
2252 2137 2277 2161 ‹‹
2311 2112 2479 2168 Zelus
2508 2114 2798 2183 Domini,»
2824 2116 2880 2170 id
2912 2117 3220 2183 est,fervor
3249 2118 3468 2174 amoris
3497 2123 3554 2174 et
3574 2119 3680 2174 mi-

2030 2200 2376 2268 sericordize,
2411 2226 2437 2252 ‹‹
2473 2204 2644 2259 faciet
2691 2204 2847 2259 istud
2884 2227 2910 2253 »
2943 2207 3099 2276 quod
3151 2206 3424 2278 superius
3453 2207 3679 2263 dictum

2031 2294 2139 2361 est,
2172 2308 2287 2345 non
2319 2291 2551 2346 illorum
2584 2294 2883 2348 meritum.

2103 2403 2128 2428 «
2164 2380 2284 2434 Non
2319 2380 2560 2435 intrabit
2589 2381 2884 2436 civitatem
2916 2382 3090 2437 hanc.
3122 2405 3147 2431 ››
3170 2383 3411 2439 Obsedit
3442 2384 3680 2457 quidem

2031 2486 2183 2535 eam,
2216 2469 2314 2523 sed
2349 2486 2462 2524 non
2497 2470 2739 2524 intrabit
2771 2470 2828 2525 in
2860 2470 3044 2526 illam.
3071 2495 3097 2519 ‹‹
3133 2472 3258 2527 Non
3293 2472 3463 2528 faciet
3493 2473 3572 2529 ibi
3595 2491 3684 2529 sa.

2031 2557 2239 2628 gittam
2272 2579 2298 2605 ››
2334 2563 2399 2612 ut
2428 2558 2739 2612 interficiat
2770 2558 2847 2613 ibi
2882 2560 3160 2631 aliquem.

2104 2668 2131 2693 ‹‹
2166 2647 2233 2698 Et
2264 2651 2561 2717 protegam
2602 2645 2893 2701 civitatem
2941 2648 3139 2715 istam,
3176 2653 3240 2702 ut
3286 2648 3503 2704 salvem
3551 2667 3680 2705 eam

2033 2738 2271 2804 propter
2300 2751 2411 2799 me,
2447 2755 2473 2783 ν)
2510 2752 2624 2789 non
2652 2739 2890 2807 propter
2919 2740 3177 2790 vestrum
3206 2737 3504 2807 meritum,
3525 2760 3553 2785 «
3579 2738 3681 2792 sed

2034 2827 2268 2893 propter
2299 2822 2473 2876 David
2508 2839 2739 2877 servum
2773 2840 2990 2879 meum.
3026 2847 3054 2874 »
3085 2824 3231 2879 Cum
3263 2824 3403 2879 dicit
3448 2830 3684 2897 propter

2034 2910 2235 2975 David,
2270 2911 2525 2965 ostendit
2551 2911 2781 2982 aliquos
2812 2912 2891 2967 ibi
2921 2929 3050 2968 esse
3079 2912 3179 2984 qui
3232 2900 3526 2969 habebant
3574 2912 3679 2969 ali-

2035 2998 2171 3071 quid
2208 2999 2400 3054 meriti
2431 3003 2487 3054 et
2516 3000 2647 3055 ﬁdei
2683 3000 2881 3069 David,
2915 3005 2972 3056 ct
3004 3018 3108 3072 per
3126 3001 3235 3057 hoc
3260 3002 3434 3057 datur
3462 3002 3679 3057 intelli-

2034 3087 2112 3159 gi,
2146 3087 2284 3159 quia
2312 3104 2416 3159 pro
2444 3087 2613 3143 bonis
2645 3093 2875 3160 patrum
2909 3089 3221 3145 miseretur
3250 3091 3536 3148 Dominus
3559 3108 3683 3147 om-

2036 3177 2306 3249 nipotens
2336 3176 2509 3231 malis
2542 3175 2697 3233 ﬁliis.

2108 3288 2135 3316 «
2166 3266 2448 3337 Egressus
2479 3269 2567 3320 est
2588 3270 2780 3321 autem
2806 3266 3049 3338 angelus
3074 3268 3325 3333 Domini,
3348 3291 3374 3317 η
3396 3269 3684 3327 subaudis

2035 3371 2069 3408 a
2099 3353 2223 3409 loco
2282 3371 2409 3419 suo,
2446 3377 2473 3403 ‹‹
2505 3358 2562 3411 et
2607 3356 2905 3426 percussit
2959 3357 3332 3429 Assyriorum
3390 3358 3685 3431 octoginta

2035 3443 2294 3516 quinque
2337 3444 2541 3500 millia.
2581 3467 2608 3493 »
2638 3445 2763 3500 Non
2807 3445 3002 3516 gladio
3050 3446 3336 3503 materiali
3390 3446 3681 3502 interfecit

2034 3550 2152 3601 eos,
2188 3533 2292 3588 sed
2323 3533 2423 3588 Dei
2458 3532 2731 3605 potentia.
2768 3534 2905 3589 Sine
2935 3535 3170 3589 vulnere
3199 3534 3487 3589 interfecti
3520 3539 3678 3600 sunt,

2000 3664 2007 3671 .
2034 3626 2091 3676 et
2118 3620 2333 3677 redacti
2368 3620 2424 3677 in
2457 3623 2731 3678 cinerem.
2761 3644 2789 3673 ‹‹
2818 3624 2888 3677 Et
2917 3627 3294 3678 surrexerunt
3324 3638 3516 3686 mane,
3543 3644 3571 3670 »
3593 3621 3683 3676 vi-

2033 3711 2242 3766 delicet
2272 3711 2668 3767 Sennacherib
2700 3727 2833 3765 cum
2863 3711 3088 3781 paucis,
3121 3711 3321 3765 decem
3355 3708 3578 3763 scilicet
3599 3708 3680 3763 vi-

2034 3801 2113 3854 ris
2131 3800 2561 3865 tantummodo,
2584 3803 2648 3853 ut
2663 3799 2846 3852 Judmi
2866 3800 3125 3865 tradunt,
3147 3821 3173 3847 «
3194 3801 3251 3852 et
3266 3813 3397 3853 ecce
3423 3814 3627 3852 omnes
3652 3820 3680 3846 ››

2032 3888 2116 3943 illi
2150 3886 2437 3943 interfecti
2471 3892 2636 3941 erant
2666 3909 2691 3935 «
2728 3886 3009 3941 cadavera
3039 3890 3427 3940 mortuorum.
3460 3907 3487 3933 ››

2105 4001 2131 4026 ‹‹
2167 3978 2235 4031 Et
2267 3992 2538 4049 egressus
2568 3980 2656 4030 est
2686 3974 3078 4030 Sennacherib
3100 3975 3170 4029 de
3192 3975 3411 4029 ﬁnibus
3430 3975 3681 4040 Juda,et

2032 4065 2175 4120 abiit
2204 4065 2262 4119 in
2297 4070 2511 4120 terram
2544 4082 2713 4120 suam
2745 4064 2988 4119 Ninivcn
3020 4063 3330 4119 civitatem.
3357 4065 3427 4119 Et
3459 4063 3678 4118 factum

2030 4158 2120 4210 est
2150 4172 2284 4209 cum
2318 4154 2583 4209 adoraret
2612 4153 2671 4208 in
2707 4153 2921 4225 templo
2952 4153 3206 4209 Nesrach
3252 4154 3428 4208 deum
3479 4170 3677 4222 suum,

2028 4245 2109 4298 Ad
2121 4242 2409 4299 ramelech
2428 4248 2485 4298 et
2502 4244 2745 4298 Sarasar
2765 4242 2868 4296 ﬁlii
2893 4243 3021 4314 ejus
3043 4247 3462 4314 percusserunt
3484 4260 3680 4299 eum.»

2031 4332 2338 4398 Quaeritur,
2364 4347 2545 4403 quare
2570 4347 2682 4385 non
2710 4328 2882 4402 periit
2902 4346 3037 4385 cum
3062 4328 3276 4401 populo
3299 4330 3393 4384 cui
3414 4335 3678 4402 praeerat,

2031 4439 2163 4477 cum
2195 4420 2431 4476 illorum
2461 4420 2689 4474 malitia
2717 4420 2789 4474 ob
2811 4436 2989 4491 quam
3010 4419 3308 4490 perierunt
3319 4419 3494 4489 jussu
3518 4419 3679 4475 illius

2033 4514 2183 4567 facta
2214 4514 2389 4566 esset.
2413 4510 2496 4563 Ad
2530 4509 2684 4581 quod
2718 4505 3200 4577 dicendum,quia
3221 4505 3279 4560 in
3302 4505 3410 4561 hoc
3434 4507 3680 4578 nequior

2030 4604 2305 4655 ostensus
2334 4604 2444 4665 est,
2478 4599 2633 4670 quod
2669 4614 2781 4651 non
2815 4595 2925 4650 fuit
2953 4594 3167 4667 dignus
3217 4595 3365 4649 mori
3416 4595 3473 4649 in
3524 4600 3678 4650 terra

2030 4688 2283 4755 Domini,
2317 4688 2417 4743 sed
2443 4686 2500 4741 in
2534 4704 2660 4753 sua,
2693 4689 2749 4740 et
2781 4701 2977 4740 coram
3027 4685 3133 4739 deo
3183 4701 3290 4739 suo
3321 4700 3356 4738 a
3384 4683 3522 4739 ﬁliis
3552 4683 3676 4739 suis

2028 4776 2399 4833 interﬁei.Sic
2415 4781 2472 4830 et
2490 4775 2711 4830 Pharao
2727 4774 2879 4828 inter
2901 4773 3099 4829 decem
3125 4772 3327 4845 plagas
3349 4777 3676 4829 reservatus

2028 4870 2136 4934 est,
2158 4870 2222 4919 ut
2238 4864 2522 4920 Dominus
2546 4862 2801 4935 amplius
2823 4862 3471 4936 gloriﬁcareturDuaai-i
3487 4863 3672 4917 etiam

2026 4960 2238 5028 potest,
2272 4972 2399 5026 qua:
2432 4969 2610 5008 causa
2638 4954 2944 5019 exstiterit,
2978 4958 3043 5008 ut
3074 4971 3107 5008 a
3140 4952 3275 5008 ﬁliis
3306 4952 3432 5008 suis
3461 4952 3677 5007 interﬂ-

2027 5045 2296 5100 ceretur?
2331 5045 2701 5098 Hebraeorum
2734 5044 2968 5099 traditio
2989 5048 3076 5099 est
3098 5042 3372 5098 habuisse
3393 5057 3526 5096 eum
3551 5040 3679 5112 plu-

2029 5134 2209 5189 rimas
2240 5151 2467 5201 uxores,
2504 5151 2571 5189 ex
2603 5134 2820 5205 quibus
2852 5138 2967 5189 tres
2999 5133 3149 5187 ﬁlios
3179 5131 3433 5186 habebat
3456 5146 3468 5185 :
3492 5130 3673 5184 Adra-

2027 5224 2272 5293 melech,
2307 5228 2364 5278 et
2396 5225 2671 5289 Sarasan,
2693 5227 2748 5278 et
2768 5222 3119 5277 Assaradon.
3137 5221 3243 5276 Sed
3268 5219 3408 5291 quia
3425 5222 3673 5273 matrem

2024 5314 2355 5370 Assaradon
2389 5330 2505 5383 pra:
2538 5311 2762 5367 caeteris
2794 5310 3094 5383 diligebat,
3128 5308 3381 5364 decrevit
3410 5306 3581 5363 illum
3612 5308 3673 5365 in

2026 5418 2272 5475 regnum
2304 5401 2617 5455 succedere
2646 5400 2780 5455 sibi.
2812 5398 3088 5454 Videntes
3128 5402 3323 5453 autem
3351 5398 3435 5453 illi
3466 5400 3583 5454 duo
3612 5415 3675 5455 se

2023 5488 2862 5556 exhwredatosﬁnterfecerunt
2878 5492 3102 5558 patrem
3117 5504 3288 5543 suum
3301 5489 3673 5560 .thuiajam

2022 5577 2422 5653 gubernacula
2454 5577 2615 5650 regni
2639 5577 2873 5632 tenebat
2892 5577 3221 5632 Assaradon
3245 5577 3425 5633 frater
3444 5564 3669 5647 eorum,

2023 5670 2299 5743 fugerunt
2329 5668 2390 5725 in
2422 5671 2639 5726 terram
2658 5666 2900 5739 Ararad,
2925 5683 3053 5743 quae
3076 5671 3165 5726 est
3186 5667 3343 5745 regio
3363 5667 3669 5728 Armeniae.
