4090 6192
437 343 559 406 903

980 472 1211 530 CAPUT
1247 471 1535 528 XXXVIII.

512 597 541 625 «
576 573 639 628 In
663 568 868 624 diebus
888 563 1007 620 illis
1031 586 1057 612 ››
1081 562 1296 634 quibus
1318 561 1659 618 interfectus
1678 566 1766 618 est
1782 562 2076 635 Assyrius,

447 684 469 713 ι
503 658 799 734 aegrotavit
828 653 1103 711 Ezechias
1131 651 1480 725 gravissima
1518 651 1881 708 inﬁrmitate.
1915 674 1941 702 »
1977 651 2080 708 Hic

439 768 555 807 non
587 746 1015 810 manifestatur,
1047 758 1227 816 quare
1259 740 1639 813 zegrotaverit,
1671 741 1756 795 vel
1788 757 1969 812 quare
1998 741 2080 796 in-

437 841 704 897 ﬁrmatus
733 834 827 892 sit.
853 834 965 890 Sed
998 833 1058 887 in
1088 832 1236 887 libro
1259 832 1484 903 Regum
1509 834 1566 886 et
1595 829 2079 902 Paralipomenon

435 928 694 1002 apertius
722 924 1056 983 ostenditur
1084 923 1213 978 ideo
1243 938 1377 977 eum
1408 926 1738 993 zegrotasse,
1773 921 1929 992 quod
1962 936 2079 974 non

344 1015 348 1019 “
432 1017 689 1076 cantavit
718 1015 966 1074 Domino
1002 1012 1207 1068 laudes
1237 1026 1425 1083 neque
1456 1009 1653 1065 retulit
1676 1009 1727 1065 ei
1757 1009 1976 1081 gratias
2007 1008 2079 1064 de

432 1108 675 1165 victoria
705 1104 816 1163 sibi
848 1102 1051 1160 abillo
1099 1100 1328 1169 collata,
1363 1099 1463 1155 sed
1513 1098 1572 1153 in
1623 1098 1960 1172 superbiam
2015 1114 2078 1154 se

431 1198 613 1254 erexit
641 1197 731 1266 (IV
760 1197 889 1266 Reg.
912 1210 1018 1260 xx;
1040 1192 1089 1246 ιι
1107 1191 1293 1246 Paral.
1318 1189 1513 1260 χχχιι).
1538 1212 1564 1241 ‹‹
1590 1188 1843 1261 Dispone
1875 1188 2077 1244 domui

431 1293 567 1356 tute,
602 1310 630 1337 »
661 1286 720 1343 id
751 1289 860 1353 est,
892 1283 1118 1350 ordina,
1151 1279 1251 1352 qui
1283 1278 1389 1335 tibi
1421 1278 1731 1334 succedere
1778 1278 1987 1333 debeat
2016 1278 2074 1332 in

430 1393 699 1452 regnum.

503 1491 529 1517 ‹‹
563 1467 634 1522 Et
660 1463 944 1523 convertit
970 1461 1178 1517 faciem
1210 1475 1379 1516 suam
1402 1458 1475 1514 ad
1496 1456 1837 1530 parietem,»
1863 1456 2076 1512 domus

431 1575 550 1616 sua“:
578 1554 667 1612 vel
696 1552 921 1625 templi,
941 1568 1014 1609 ne
1045 1568 1078 1606 a
1108 1547 1631 1605 circumstantibus
1662 1544 1963 1602 audiretur
1984 1560 2075 1617 ge-

431 1648 612 1704 mitus
641 1646 791 1717 ejus,
823 1647 881 1700 et
909 1641 1243 1698 viderentur
1273 1638 1562 1709 lacrymce.

503 1757 534 1788 «
567 1735 630 1791 In
677 1732 945 1805 veritate
973 1727 1271 1786 ambulavi
1314 1743 1513 1785 coram
1560 1730 1636 1794 te,
1673 1748 1702 1775 »
1733 1724 1842 1780 hoc
1872 1729 1980 1793 est,
2012 1724 2072 1780 in

428 1825 591 1882 cultu
622 1820 924 1895 religionis
941 1843 967 1870 ‹‹
991 1819 1052 1874 in
1072 1818 1246 1873 corde
1270 1816 1577 1889 perfecto,»
1601 1832 1715 1869 non
1732 1813 2073 1871 claudicans
2101 1858 2155 1924 Β

543 1913 646 1924 -.-
690 1912 705 1924 -
807 1913 841 1924 η
946 1910 961 1924 ι
997 1909 1011 1924 ι
1179 1923 1202 1924 η
1249 1907 1275 1924 ,-
1386 1904 1434 1924 εγ
1476 1903 1649 1924 --ηιμ
1685 1904 2042 1924 “manu,
2150 1918 2153 1923 .

427 1919 563 1990 post
592 1912 768 1968 idola.
803 1910 965 1977 Quod
997 1909 1218 1964 bonum
1248 1905 1358 1961 fuit
1383 1904 1440 1961 in
1467 1903 1653 1962 oculis
1684 1904 1916 1959 Domini
1937 1904 2070 1972 feci,
2101 1903 2153 1924 ⁵⁸

428 2004 568 2078 quia
595 2000 755 2058 idola
780 2016 908 2073 quae
940 2001 1104 2070 pater
1131 1995 1260 2067 ejus
1288 1995 1502 2050 fecerat
1524 1993 1907 2049 destruxitEt
1923 1992 2074 2049 ostia

426 2094 641 2151 domus
669 2088 1057 2159 Domini,quaa
1088 2084 1380 2141 clauserat
1407 2082 1624 2155 impius
1655 2081 1890 2155 genitor
1917 2083 2067 2153 ejus,

424 2184 554 2257 ipse
568 2180 879 2254 aperuit,et
893 2178 1223 2249 serpentem
1239 2186 1463 2229 aeneum
1483 2172 1584 2245 qui
1601 2172 1797 2228 eratin
1809 2172 2069 2240 Gabaon,

425 2289 602 2346 quem
633 2269 817 2327 Judaei
849 2266 1193 2332 adorahant,
1226 2262 1563 2319 minutatim
1611 2261 1897 2333 confregit
1925 2265 1981 2315 et
2008 2259 2069 2315 in

421 2366 651 2419 ventem
682 2357 917 2431 sparsit.
950 2378 978 2405 «
1012 2354 1082 2408 Et
1111 2353 1267 2409 flevit
1293 2352 1431 2406 ﬂetu
1460 2367 1672 2423 magno
1708 2350 2005 2406 Ezechias.
2038 2371 2065 2400 »

426 2452 559 2509 Ideo
591 2449 789 2515 ﬂebat,
819 2444 957 2518 quia
986 2443 1111 2498 sine
1142 2440 1280 2496 ﬁliis
1309 2441 1529 2496 erat.Et
1548 2439 1780 2495 videbat
1799 2439 1858 2494 in
1886 2456 1948 2495 se
1969 2440 2068 2495 de-

425 2539 612 2615 perire
642 2540 875 2611 propter
894 2536 1131 2605 peccata
1150 2548 1259 2587 sua
1277 2528 1727 2602 promissionem
1750 2528 2068 2601 illam,quaa

425 2632 497 2687 ad
533 2629 708 2687 David
741 2644 775 2681 a
797 2623 1040 2681 Domino
1063 2623 1214 2678 facta
1235 2626 1326 2676 est
1348 2637 1361 2676 :
1390 2645 1417 2670 «
1440 2622 1583 2676 Cum
1600 2619 1913 2676 dormieris
1932 2636 2067 2675 cum

424 2719 691 2793 patribus
709 2711 1152 2783 tuis,suscitabo
1167 2727 1366 2766 semen
1382 2713 1553 2764 tuum
1569 2710 1725 2781 quod
1742 2708 2072 2782 egredietur

426 2807 731 2865 delumbis
750 2803 890 2873 tuis,
909 2806 969 2859 et
981 2818 1196 2876 ponam
1218 2800 1363 2855 illud
1385 2816 1562 2871 super
1590 2798 1866 2854 thronum
1890 2798 2069 2854 Israel

425 2900 484 2955 in
516 2896 961 2970 sempiternum.
993 2893 1065 2948 Et
1091 2890 1203 2946 erit
1233 2888 1378 2945 mihi
1408 2887 1469 2943 in
1510 2886 1720 2954 ﬁlium,
1752 2891 1810 2943 et
1837 2904 1945 2959 ego
1970 2904 2069 2943 ero

424 2987 508 3042 illi
540 2987 599 3042 in
631 2990 857 3059 patrem
888 2982 936 3050 (Ι
960 2981 1149 3037 Paral.
1181 2996 1330 3047 xxxi;
1364 2978 1415 3032 II
1441 2978 1570 3048 Reg.
1602 2994 1715 3045 vn;
1746 2976 1907 3033 Hebr.
1941 2977 2001 3048 ι).
2035 2998 2064 3027 »υ

496 3098 524 3126 ‹‹
557 3076 701 3131 Ecce
728 3089 833 3146 ego
862 3070 1140 3142 adjiciam
1170 3084 1351 3140 super
1377 3066 1503 3122 dies
1550 3070 1684 3121 tuos
1733 3064 2067 3136 quindecim

425 3181 630 3220 annos.
668 3184 689 3210 ιο
725 3163 791 3215 In
818 3156 1327 3230 prmdestinatione
1356 3153 1745 3225 Dei‘primum
1776 3153 1898 3208 dati
1929 3157 2070 3209 sunt

805 340 1213 403 HAYMONIS
1262 340 1795 401 HALBERS'I‘A'I‘.
1843 338 2088 400 EPISG.
2137 342 2307 403 OPP.
2353 343 2555 405 PARS
2602 346 2647 406 Ι.
2697 378 2773 391 —--
2820 349 3224 411 COMMENT.
3271 352 3468 412 BIBL.

3716 353 3840 414 904

2107 477 2161 547 Α
2189 475 2356 532 audis
2390 478 2589 549 potius
2621 480 2859 549 moriar,
2880 484 2938 537 et
2968 482 3062 539 ibo
3084 483 3155 539 ad
3178 484 3495 541 infernum.
3513 484 3656 542 Illuc
3677 486 3844 547 enim

2189 568 2425 619 noverat
2456 583 2663 624 omnes
2690 573 2826 625 ante
2856 571 3172 627 adventum
3204 572 3433 631 Domini
3459 574 3838 644 descendem,

2188 651 2289 706 sed
2322 652 2488 709 aliter
2518 656 2665 727 pios,
2697 656 2866 713 aliter
2896 658 3127 732 impior.
3738 659 3743 663 ’

2258 764 2284 790 (ι
2321 743 2565 807 Quaesivi
2596 745 2896 802 residuum
2929 766 3216 805 annorum
3250 764 3537 816 meorum,
3575 773 3604 800 »
3634 751 3694 807 id
3724 756 3838 823 est,

2188 829 2425 899 quaesivi
2441 833 2662 888 orando
2678 833 2942 891 sublatos
2960 836 3106 891 mihi
3125 837 3197 892 ob
3219 842 3523 909 peccatum
3545 839 3837 911 superbiae

2188 933 2375 973 annos
2403 936 2437 974 a
2467 920 2603 976 Deo.
2638 945 2667 977 ‹‹
2700 923 2824 978 Dixi
2863 946 2889 972 ››
2923 926 3076 997 apud
3096 941 3223 994 eme,
3256 927 3484 998 positus
3504 926 3564 983 in
3588 928 3838 989 inﬁrmit-

2188 1008 2322 1062 tate.
2349 1030 2376 1056 ‹‹
2401 1008 2527 1064 Νοη
2547 1010 2754 1067 videbo
2777 1012 2959 1068 Deum
2984 1014 3168 1071 Deum
3193 1014 3255 1070 in
3274 1020 3431 1075 terra
3447 1016 3793 1075 viventium.
3810 1041 3841 1067 »

2259 1118 2285 1143 ‹‹
2320 1096 2446 1151 Non
2476 1098 2759 1170 aspiciam
2800 1101 3097 1158 hominem
3150 1102 3327 1172 ultra,
3358 1108 3416 1160 et
3442 1104 3841 1163 habitatorem

2186 1183 2420 1256 quietis.
2448 1208 2476 1236 »
2508 1187 2756 1253 Quidam
2786 1190 3014 1246 codices
3034 1190 3253 1248 habent
3277 1192 3585 1250 Dominum
3612 1199 3832 1253 Deum:

2185 1273 2289 1328 sed
2317 1273 2464 1330 falso
2492 1276 2779 1348 scriptum
2803 1282 2912 1336 est.
2930 1279 3030 1335 Bis
3044 1281 3203 1336 enim
3225 1282 3405 1355 repeti
3428 1282 3604 1343 debet
3622 1288 3830 1357 Deum,

2185 1361 2339 1417 sicut
2369 1363 2575 1420 beatus
2605 1364 2992 1440 Hieronymus
3021 1368 3184 1424 dicit.
3217 1369 3463 1438 Quidam
3484 1372 3665 1429 etiam
3690 1374 3834 1430 divis

2183 1449 2332 1506 dunt
2352 1451 2468 1507 ita:
2494 1453 2619 1509 Non
2649 1455 2933 1527 aspiciam
2964 1456 3261 1515 hominem
3283 1458 3522 1527 ultra,et
3539 1460 3832 1519 habitato-

2184 1555 2328 1608 rem,
2361 1541 2746 1599 terminantes
2772 1543 2854 1599 ibi
2883 1562 3154 1603 versum:
3188 1551 3248 1603 et
3268 1548 3341 1603 ad
3371 1548 3679 1620 sequentia
3698 1552 3837 1622 jun-

2181 1632 2332 1701 gunt
2355 1645 2367 1684 :
2394 1630 2619 1696 Quievit
2637 1634 2933 1705 generatio
2954 1649 3103 1691 mea.
3123 1636 3194 1691 Et
3214 1637 3420 1694 beatus
3443 1639 3688 1711 quidem
3714 1641 3838 1698 Hie-

2182 1734 2464 1791 ronymus
2491 1725 2728 1793 propter
2758 1722 3201 1796 ambiguitatem
3248 1725 3408 1782 verbi
3456 1728 3723 1800 primum
3754 1731 3835 1787 ita

2181 1806 2503 1875 transtulit,
2527 1810 2629 1865 sed
2660 1816 2863 1882 postea
2889 1813 3141 1869 correxit
3168 1812 3556 1872 habitatorem
3588 1817 3828 1890 quietis.

2182 1896 2402 1953 Sensus
2432 1897 2611 1971 hujus
2640 1900 2912 1957 versiculi
2943 1901 3079 1959 talis
3108 1908 3199 1959 est
3224 1921 3239 1958 :
3271 1903 3332 1959 Si
3369 1905 3728 1965 descendere
3756 1910 3835 1967 ad

2179 1984 2391 2043 inferni
2419 1987 2694 2057 claustra,
2718 1993 2776 2045 et
2803 1988 2883 2045 ibi
2916 1991 3235 2048 damnatus
3254 1994 3418 2051 fuero
3439 2000 3681 2068 propter
3702 2013 3832 2055 mea

2180 2074 2433 2132 scelera:
2459 2094 2575 2133 non
2602 2078 2808 2135 videbo
2841 2080 3173 2150 Dominum,
3207 2081 3265 2137 id
3297 2086 3405 2151 est,
3430 2083 3619 2141 Deum
3639 2085 3829 2143 omni-

2178 2168 2477 2236 potentem
2507 2166 2568 2221 in
2597 2171 2751 2224 terra
2778 2169 3118 2237 viventium,
3151 2171 3261 2228 hoc
3289 2177 3398 2244 est,
3421 2172 3483 2228 in
3512 2174 3716 2246 requie
3730 2176 3831 2247 ju-

2179 2257 2404 2310 storum
2430 2259 2489 2311 et
2518 2255 2580 2311 in
2611 2256 2835 2314 caelesti
2867 2259 3249 2318 beatitudine.
3272 2262 3399 2319 Non
3429 2262 3717 2335 aspiciam
3736 2265 3835 2323 ho-

2178 2342 2397 2398 minem
2431 2342 2604 2413 ultra,
2627 2345 2676 2402 si
2698 2347 3015 2406 damnatus
3043 2350 3205 2405 fuero
3235 2351 3589 2413 aeternaliter
3620 2352 3681 2408 in
3705 2371 3828 2426 pee-

2178 2430 2497 2488 nisini‘erni
2525 2451 2538 2489 :
2564 2451 2681 2490 non
2699 2436 2904 2493 videbo
2926 2440 3302 2511 postmodum
3324 2442 3621 2513 quomodo
3644 2442 3823 2499 Filius

2178 2520 2408 2593 Dei,qui
2432 2522 2601 2579 nobis
2628 2526 3020 2598 repromissae
3049 2533 3158 2597 est,
3181 2546 3354 2586 verus
3383 2530 3539 2587 Deus
3565 2534 3628 2587 et
3654 2548 3823 2593 verus

2177 2610 2354 2666 homo
2401 2612 2703 2669 consistat.
2734 2614 2834 2670 Vel
2867 2615 3039 2673 etiam
3082 2634 3197 2674 non
3246 2618 3452 2675 videbo
3500 2620 3827 2691 quemlibet

2178 2704 2517 2757 sanctorum
2548 2702 2606 2757 in
2639 2702 2823 2776 gloria
2851 2707 3211 2763 aeternitatis.
3245 2708 3371 2765 Non
3406 2709 3618 2766 videbo
3650 2710 3825 2769 etiam

2176 2789 2564 2847 habitatorem
2599 2793 2834 2864 quietis.
2866 2794 3014 2851 Vera
3041 2796 3209 2869 quies
3237 2801 3295 2854 et
3328 2815 3463 2854 vera
3511 2798 3823 2857 exsultatio

2176 2876 2304 2933 vita:
2330 2883 2555 2935 aeternae
2590 2884 2703 2948 est,
2733 2883 3150 2955 contemplatio
3190 2888 3250 2941 et
3298 2883 3442 2941 visio
3492 2885 3821 2944 Trinitatis.

2177 2965 2318 3033 Quis
2340 2971 2435 3024 est
2465 2968 2757 3026 habitator
2785 2975 3009 3029 aeterna:
3040 2973 3190 3041 vitae,
3215 2972 3329 3030 nisi
3361 2973 3487 3046 ipse
3517 2974 3681 3033 Deus
3707 2991 3825 3031 om-

2178 3054 2447 3126 nipotens
2475 3060 2533 3113 et
2554 3057 2722 3115 electi
2752 3058 2957 3117 illius?
2984 3061 3110 3117 Non
3138 3062 3343 3119 videbo
3366 3062 3607 3136 (inquit)
3630 3079 3825 3136 quem-

2175 3141 2316 3199 libet
2345 3149 2612 3203 sanctum
2642 3146 3033 3206 habitatorem
3064 3150 3298 3223 quietis,
3325 3151 3421 3224 qui
3447 3152 3527 3207 ibi
3547 3152 3827 3211 habitans

424 3251 531 3321 illi,
550 3250 651 3305 sed
672 3246 948 3319 superbia
963 3249 1021 3300 et
1036 3244 1291 3317 peccatis
1313 3242 1437 3297 suis
1453 3242 1910 3314 impedientibus
1930 3244 2065 3299 sub-
2102 3232 2147 3300 C
2175 3248 2210 3288 ει
2241 3233 2414 3290 malis
2442 3236 2718 3293 omnibus
2749 3239 3081 3310 requiescit.

425 3337 594 3395 tracti
624 3340 763 3391 sunt
786 3336 864 3401 ei,
896 3336 1133 3406 propter
1161 3330 1553 3386 humilitatem
1583 3348 1753 3387 suam
1782 3348 1917 3388 vero
1948 3350 2067 3390 res-

426 3425 602 3483 tituti.
635 3424 847 3480 Dicunt
874 3421 1138 3495 quidam,
1171 3421 1328 3492 quod
1360 3419 1593 3474 duobus
1643 3419 1831 3478 modis
1879 3427 2071 3495 potest

422 3516 599 3572 homo
628 3513 950 3585 anticipare
979 3510 1301 3567 terminum
1346 3509 1476 3565 vita:
1506 3526 1646 3579 suae,
1670 3509 1760 3567 vel
1804 3511 1957 3569 male
1984 3512 2069 3569 vi-

420 3607 606 3663 vendo
636 3607 703 3661 ut
730 3607 969 3677 propter
998 3605 1235 3674 peccata
1263 3616 1374 3655 sua
1402 3616 1516 3655 non
1548 3606 1843 3657 mereatur
1871 3619 2068 3675 perve-

421 3695 546 3753 nire
575 3696 648 3750 ad
682 3693 852 3749 illum
885 3709 899 3748 :
932 3691 1023 3748 vel
1050 3691 1228 3746 etiam
1263 3695 1327 3745 ut
1356 3691 1502 3745 bene
1533 3696 1590 3745 et
1618 3691 1782 3761 justo
1826 3692 2069 3748 vivendo

419 3790 477 3843 et
507 3786 766 3859 seipsum
815 3782 1132 3855 afﬂigendo
1183 3784 1316 3836 ante
1364 3784 1598 3851 tempus
1647 3782 1774 3836 vita:
1820 3799 1961 3853 suae,
1994 3782 2067 3837 ob

418 3874 659 3950 praemia
688 3874 1031 3930 meritorum
1064 3887 1305 3926 suorum
1335 3870 1529 3926 vocari
1576 3876 1868 3927 mereatur
1898 3890 1932 3927 a
1957 3872 2067 3928 Do-

419 3964 578 4021 mino
610 3964 681 4019 ad
714 3962 933 4035 gaudia
958 3961 1089 4016 vita:
1120 3964 1365 4015 aeternae.

493 4074 521 4105 ιε
542 4054 660 4109 Hoc
683 4048 786 4107 tibi
814 4050 925 4106 erit
949 4050 1251 4122 signum.»
1266 4042 1454 4104 Judmi
1478 4065 1710 4122 semper
1729 4051 1899 4124 signa
1919 4068 2070 4123 quaa-

419 4144 574 4196 runt.
601 4162 629 4189 «
666 4140 737 4193 Et
768 4154 1034 4193 reversus
1063 4139 1153 4191 est
1184 4135 1271 4191 sol
1305 4138 1503 4192 decem
1534 4137 1766 4194 lineis.»
1786 4140 1870 4195 Ab
1892 4142 2071 4197 unde-

418 4227 567 4284 cima
596 4225 687 4281 vel
719 4225 950 4281 decima
976 4225 1122 4280 hora
1150 4225 1345 4280 subito
1385 4226 1557 4281 rediit
1602 4227 1661 4281 in
1712 4228 1984 4299 primam,
2012 4233 2072 4287 et

420 4328 569 4387 pene
596 4306 896 4384 duplicata
922 4315 1012 4367 est
1040 4310 1184 4367 dies.

493 4425 522 4454 ‹‹
553 4401 858 4475 Scriptum
886 4399 1162 4467 Ezechiae,
1188 4417 1323 4456 cum
1368 4404 1706 4473 aagrotasset
1752 4409 1812 4460 et
1857 4422 2055 4463 conva-

417 4490 626 4548 luisset
657 4491 728 4547 de
748 4489 1092 4546 infirmitate
1121 4506 1288 4545 sua.»
1311 4490 1372 4545 In
1397 4493 1769 4565 septuaginta
1791 4495 2070 4569 interpre-

418 4580 577 4636 tibus
606 4580 857 4637 habetur
882 4579 1089 4648 oratio,
1115 4580 1213 4635 sed
1245 4579 1442 4652 potius
1473 4580 1586 4636 ista
1615 4586 1705 4637 est
1727 4583 1940 4641 veritas
1960 4586 2064 4655 rei,
2096 4607 2144 4672 D

419 4669 561 4742 quia
588 4669 887 4725 veritatem
918 4673 1153 4724 narrat:
1176 4668 1323 4723 Cum
1353 4668 1726 4742 omnipotens
1756 4672 1915 4729 Deus
1932 4673 2066 4746 pius

418 4763 477 4814 et
492 4758 829 4814 misericors
844 4757 1144 4814 victoriam
1163 4756 1418 4814 dedisset
1434 4758 1686 4815 Ezechiae
1704 4762 1775 4817 de
1796 4761 2067 4819 hostibus

420 4846 546 4904 suis
578 4846 704 4902 sine
742 4841 939 4919 aliquo
988 4846 1207 4913 labore,
1238 4851 1296 4902 et
1324 4847 1375 4902 ei
1407 4849 1628 4919 gratias
1672 4867 1776 4921 pro
1824 4868 2073 4910 munere

420 4936 533 4993 sibi
565 4935 775 4992 collato
814 4952 931 4991 non
962 4934 1277 5002 retulisset,
1312 4935 1372 4989 in
1404 4935 1804 4995 inﬁrmitatem
1837 4941 2068 5000 devenit

420 5029 488 5081 ut
516 5025 617 5097 qui
644 5014 835 5080 noluit
864 5024 935 5079 de
964 5023 1345 5095 prosperitate
1376 5024 1684 5082 decantare
1713 5027 1936 5097 laudes,
1963 5033 2069 5087 de-

419 5118 715 5188 promeret
744 5113 1121 5186 postmodum
1151 5112 1222 5167 de
1262 5130 1372 5168 sua
1417 5113 1771 5171 calamitate.
1807 5118 1876 5173 Et
1908 5125 2064 5190 post-

421 5218 598 5277 quam
630 5202 943 5275 convaluit,
967 5201 1113 5257 dixit
1134 5201 1275 5274 quid
1307 5218 1503 5258 secum
1536 5205 1809 5275 cogitarit
1837 5209 2067 5278 positus

419 5289 481 5346 in
511 5289 804 5365 angustia.

496 5402 524 5430 «ι
545 5382 663 5454 Ego
684 5379 824 5447 dixi,
844 5401 870 5429 »
885 5378 1171 5435 subaudis
1189 5381 1453 5450 tempore
1473 5381 1757 5453 angustiae
1780 5400 1980 5441 meas.«
2001 5386 2065 5441 In

421 5466 666 5525 dimidio
696 5469 924 5524 dierum
954 5485 1219 5524 meorum
1244 5484 1257 5523 :
1282 5469 1490 5525 vadam
1523 5470 1596 5525 ad
1616 5477 1814 5543 portas
1837 5474 2061 5530 inferi.»
2082 5491 2105 5509 ο

420 5554 548 5612 Non
580 5556 885 5629 complebo
902 5573 1214 5612 numerum
1238 5572 1504 5614 meorum
1525 5559 1849 5627 dierum,ut
1868 5580 2066 5635 perve-

423 5642 583 5703 niam
613 5646 687 5701 ad
719 5649 1078 5704 senectutem
1109 5646 1324 5703 bonam
1352 5646 1509 5704 sicut
1537 5652 1733 5721 patres
1754 5652 1869 5710 mei
1892 5668 1907 5709 :
1928 5653 2067 5712 sub-

2248 3346 2275 3373 «
2311 3323 2617 3382 Generatio
2646 3343 2778 3383 mea
2808 3327 3002 3387 ablata
3024 3333 3118 3386 est
3147 3347 3183 3386 a
3209 3344 3323 3401 me,
3356 3353 3385 3381 »
3420 3331 3532 3391 hoc
3579 3337 3692 3403 est,
3722 3331 3821 3388 ﬁlii

2177 3411 2276 3484 qui
2308 3412 2455 3468 mihi
2486 3415 2796 3473 succedere
2844 3418 3187 3486 debuerant,
3216 3437 3336 3477 non
3366 3426 3508 3478 sunt
3535 3445 3564 3472 ‹‹
3596 3426 3661 3480 et
3686 3439 3822 3479 con-

2174 3499 2374 3559 voluta
2401 3508 2491 3560 est
2520 3520 2556 3559 a
2585 3521 2679 3561 me
2708 3507 2878 3579 quasi
2927 3508 3370 3567 tabernaculum
3419 3516 3763 3585 pastorum;
3792 3535 3821 3561 ιο

2177 3591 2340 3647 Sicut
2388 3594 2833 3654 tabernaculum
2880 3596 3152 3670 plicatur,
3183 3603 3241 3656 et
3296 3603 3647 3674 magnitudo
3692 3603 3823 3674 ejus

2178 3697 2290 3736 non
2323 3686 2482 3753 patet
2512 3700 2525 3739 :
2560 3685 2645 3740 sic
2674 3688 3018 3759 magnitudo
3048 3689 3279 3762 generis
3312 3690 3423 3749 mei
3456 3692 3652 3763 periit,
3683 3692 3820 3764 quia

2177 3771 2390 3827 desunt
2418 3772 2522 3828 ﬁlii
2551 3774 2649 3847 qui
2681 3792 2810 3833 eam
2840 3778 3274 3835 administrent.

2248 3883 2275 3911 «
2313 3861 2558 3920 Praecisa
2604 3868 2694 3921 est
2746 3865 2908 3923 velut
2937 3885 2971 3922 a
2999 3872 3225 3925 texente
3275 3869 3396 3926 vita
3450 3887 3604 3927 mea.
3641 3893 3669 3921 υ
3718 3874 3821 3927 Dat

2175 3950 2353 4007 aliam
2383 3953 2896 4025 comparationem.
2928 3957 2999 4013 Et
3016 3961 3107 4013 est
3124 3975 3336 4015 sensus
3356 3976 3371 4015 :
3396 3960 3563 4016 Sicut
3582 3960 3821 4017 fmmina

2176 4039 2352 4097 telam
2383 4042 2807 4116 imperfectam,
2839 4061 3017 4116 quam
3052 4048 3327 4118 perﬁcere
3355 4050 3658 4110 debuerat.
3672 4067 3816 4122 prm-

2175 4131 2319 4187 cidit
2352 4148 2365 4186 :
2400 4131 2484 4188 sic
2515 4148 2646 4189 mea
2674 4137 2816 4190 aetas
2846 4134 3186 4206 imperfecta
3224 4138 3562 4210 praeciditur
3589 4144 3649 4196 et
3677 4141 3816 4197 sub-

2177 4221 2430 4276 trahitur
2452 4238 2487 4277 a
2515 4238 2630 4291 me,
2662 4221 2722 4278 in
2743 4222 2989 4293 juvenili
3018 4230 3187 4283 aetate
3213 4228 3405 4284 adhuc
3435 4229 3650 4301 posito.
3683 4251 3715 4281 cr
3742 4230 3823 4286 De

2176 4326 2348 4367 mane
2379 4328 2567 4383 usque
2597 4313 2671 4368 ad
2699 4329 3002 4384 vesperam
3030 4316 3200 4372 ﬁnies
3230 4334 3345 4387 me,
3379 4339 3409 4369 ιο
3442 4318 3601 4383 More
3646 4319 3821 4377 febri-

2176 4400 2412 4457 citantis
2441 4399 2529 4457 vel
2573 4400 2825 4473 alicujus
2871 4405 3069 4477 aegroti
3101 4409 3192 4474 (ut
3237 4405 3319 4462 ait
3363 4408 3593 4466 beatust
3625 4409 3813 4465 Biem-

2175 4494 2412 4564 nymus)
2449 4490 2683 4547 locutus
2729 4496 2866 4548 est:
2903 4493 3004 4565 qui
3051 4512 3225 4551 mane
3269 4496 3525 4555 afﬂictus
3570 4498 3715 4555 dicit
3759 4498 3813 4552 in

2174 4579 2348 4634 corde
2378 4595 2485 4634 suo
2510 4597 2523 4635 :
2545 4579 2824 4637 Veniente
2853 4589 3220 4655 vespere,aut
3242 4587 3479 4656 moriar,
3494 4593 3602 4644 aut
3630 4592 3813 4643 muta-

2174 4668 2337 4724 bitur
2364 4669 2678 4726 inﬁrmitas
2725 4687 2876 4728 mea.
2909 4673 2978 4728 Et
3025 4675 3291 4732 veniente
3337 4692 3599 4750 vespere,
3631 4676 3809 4733 dicit:

2175 4760 2345 4815 Mane
2389 4762 2491 4815 aut
2534 4759 2770 4827 moriar,
2803 4765 2908 4816 aut
2952 4761 3328 4822 tolerabilius.
3362 4764 3511 4821 mihi
3560 4767 3693 4822 erit.
3722 4765 3817 4823 Sic

2174 4848 2285 4904 iste
2316 4848 2546 4904 dicebat
2573 4850 2800 4921 positus
2830 4851 2889 4905 in
2918 4850 3280 4922 inﬁrmitate,
3314 4872 3450 4911 cum
3479 4856 3701 4913 diceret
3729 4870 3743 4911 :

2247 4961 2275 4988 ‹‹
2309 4938 2627 5010 Sperabam
2659 4955 2844 5011 usque
2873 4940 2946 4995 ad
2980 4958 3172 5010 mane,
3211 4944 3381 5015 quasi
3409 4943 3499 5000 leo
3549 4945 3635 5001 sic
3680 4960 3819 5000 con-

2173 5027 2333 5083 trivit
2359 5026 2558 5082 omnia
2587 5044 2724 5083 ossa
2752 5044 2903 5085 mea.
2941 5051 2967 5079 »
2999 5031 3175 5086 Leoni
3208 5037 3509 5105 comparat
3546 5033 3819 5090 Ezechias

2175 5116 2359 5172 Deum
2391 5116 2871 5189 omnipotentem.
2906 5119 3071 5174 Sicut
3108 5120 3197 5176 leo
3239 5121 3580 5195 (inquiens),
3612 5126 3818 5179 cuneta

2176 5204 2527 5261 comminuit
2553 5205 2778 5262 edendo
2810 5224 2925 5262 non
2956 5208 3148 5264 solum
3180 5227 3405 5280 carnes,
3436 5212 3813 5269 verumstiam

2174 5298 2233 5350 et
2261 5311 2397 5351 ossa
2427 5310 2441 5348 :
2475 5293 2558 5351 sic
2589 5311 2695 5369 ego
2721 5313 2837 5352 non
2886 5297 3080 5353 solum
3130 5300 3389 5373 corporis
3433 5301 3814 5358 verumetiam

2173 5384 2324 5440 vires
2362 5384 2614 5441 amissas
2659 5384 2845 5441 habeo
2894 5388 3121 5444 ossium
3175 5406 3292 5460 prae
3348 5391 3511 5463 gravi
3570 5388 3817 5447 inﬁrmi-

2173 5477 2314 5530 tate.

2245 5587 2273 5614 ‹‹
2308 5569 2385 5619 De
2413 5580 2586 5621 mane
2616 5581 2803 5637 usque
2831 5565 2905 5621 ad
2933 5578 3237 5638 vesperam
3267 5568 3439 5625 ﬁnies
3469 5584 3585 5625 me.
3618 5590 3651 5619 »
3676 5564 3816 5623 Sus~

2173 5669 2394 5729 pensus
2422 5653 2825 5729 eloquebatur.
2854 5656 2936 5712 Ac
2965 5656 3015 5713 si
3047 5656 3263 5717 diceret
3294 5674 3309 5715 :
3339 5660 3461 5717 Aut
3505 5670 3675 5718 mane
3711 5657 3827 5713 aut
