4046 6188
237 322 346 406 eos
1281 326 1684 390 COMMEN'B.
1730 327 1808 389 IN
1854 328 2147 390 ISAIAMI.
2182 364 2262 375 -
2290 330 2439 391 LIB:
2486 331 2563 392 II;
3522 294 3647 407 oes-

237 472 476 546 vespere
493 457 671 546 ﬁnem
723 455 868 546 mihi
916 457 1108 527 dabis,
1138 480 1165 508 «
1201 458 1366 515 Sicut
1427 459 1624 532 pullus
1672 460 1875 516 hirun-
1907 463 1955 530 Α
1993 462 2227 519 internis
2255 463 2625 521 cruciatibus“
2643 468 2786 522 sunt
2826 467 3194 539 traditi,,non
3228 469 3449 528 habent
3472 490 3638 546 spem

237 546 383 602 dinis
431 544 517 601 sic
564 544 860 614 clamabo;
895 567 927 595 »
953 545 1131 601 veluti
1160 546 1380 604 clamat
1425 547 1625 620 pullus
1673 549 1876 605 hirun-
1989 552 2292 608 revocandi
2326 554 2397 608 ad
2428 570 2692 625 superos,
2725 555 2899 627 positi
2930 555 2989 610 in
3021 557 3508 629 desperationem.

234 634 382 692 diuis
412 635 486 691 ad
518 636 746 707 patrem
776 638 845 698 .et
881 639 1165 707 matrem,
1185 642 1251 693 ut
1298 638 1573 693 audiatur
1600 641 1657 693 et
1685 639 1875 710 perci-
2060 663 2087 690 «
2122 640 2335 697 Vivens
2370 641 2569 699 vivens
2628 643 2753 715 ipse
2801 644 3174 701 conﬁtebitur
3226 648 3354 716 tibi,
3383 672 3411 698 ››
3441 648 3499 705 id
3528 655 3639 719 est,

234 724 345 798 piat
360 739 591 790 escam,
612 727 698 779 .et
724 723 899 779 sicut.
933 725 1118 798 gemit
1172 726 1447 783 columba
1477 743 1491 781 :
1527 727 1611 782 sic
1660 743 1766 799 ego
1815 725 1875 782 in
1985 727 2111 801 ipse
2141 730 2406 786 laudabit
2435 734 2510 787 te.
2544 733 2613 787 Et
2641 736 2732 788 est
2760 749 2970 789 sensus
2996 750 3008 790 :
3034 733 3135 807 qui
3167 735 3251 791 ita
3278 736 3418 793 vivit
3445 738 3507 792 in
3540 743 3642 796 tua

231 813 477 869 clamore
507 813 821 886 et'gcmitu
869 814 1097 887 perstiti
1146 817 1216 871 ad
1266 816 1471 885 Deum,
1516 820 1580 871 ut
1611 817 1877 872 redderet
1987 818 2345 889 protectione
2376 821 2433 876 in
2464 822 2665 893 requie
2711 827 3011 893 perpetua,
3046 828 3111 879 ut
3161 841 3267 897 ego
3298 824 3532 898 quietus
3564 827 3639 887 ab

232 902 371 959 mihi
401 902 739 958 sanitatem.

295 1016 321 1041 ‹‹
354 990 652 1048 Attenuati
684 996 826 1049 sunt
855 992 1006 1050 oculi
1051 993 1190 1061 mei,
1214 1016 1242 1043 »
1272 993 1384 1050 hoc
1416 998 1525 1062 est;
1556 998 1761 1050 tenues
1790 996 1870 1049 et—

230 1081 363 1139 fecti
388 1081 736 1150 sunt,,dum
785 1082 1176 1156 prospicerem
1211 1083 1270 1140 in
1300 1084 1515 1140 coelum-
1560 1085 1633 1140 ad
1686 1084 1871 1140 Deum

228 1187 443 1237 meum,
466 1169 568 1243 qni
600 1187 694 1228 me
721 1171 851 1228 suis
876 1171 1179 1229 attriverat
1202 1172 1472 1247 ﬂagellis.

293 1283 321 1309 «
344 1258 615 1336 Domine,
634 1258 753 1316 vim
776 1258 984 1332 patior.
1002 1283 1032 1311 ››
1052 1260 1174 1317 Vox
1197 1261 1559 1318 obsecrantis
1580 1266 1669 1318 est
1691 1278 1704 1319 :
1732 1260 1870 1318 Plus

227 1366 399 1423 quam
429 1348 655 1422 dignus
676 1347 790 1404 sim
822 1348 1057 1423 afﬂigar
1079 1354 1137 1407 et
1167 1350 1336 1408 ultra»
1357 1368 1533 1425 quam
1563 1351 1716 1407 vires
1745 1352 1867 1407 suf-

225 1439 370 1495 ferre
400 1437 651 1510 possint.
674 1459 702 1488 ‹‹
735 1437 969 1511 Sponde
1015 1456 1120 1512 pro
1171 1456 1284 1497 me.
1310 1463 1340 1489 ››
1362 1439 1610 1507 Quidam
1634 1440 1867 1496 codices

222 1527 438 1585 habent
457 1527 745 1599 responde
764 1543 870 1600 pro
892 1543 1004 1597 me,
1028 1529 1127 1585 sed
1153 1528 1297 1585 falso
1318 1528 1601 1601 scriptum
1624 1532 1733 1584 est.
1756 1528 1870 1584 Me-

220 1616 332 1673 lius
351 1619 446 1673 est
465 1615 631 1671 enim-
654 1616 1044 1689 sponde,quia
1063 1616 1147 1673 sic
1168 1616 1403 1690 exponit
1433 1618 1640 1673 beatus
1662 1616 1867 1673 Hieroq

220 1722 452 1778 nymus.
476 1705 559 1760 Ac
585 1704 883 1763 sidiceret
901 1722 926 1761 γε
960 1706 1011 1762 si
1046 1707 1187 1779 quid
1212 1707 1427 1776 erravi,
1456 1711 1763 1764 convertar
1792 1706 1865 1762 ad

218 1792 546 1862 melius;tu
577 1792 800 1866 sponde
827 1810 931 1866 pro
953 1811 1075 1864 me;
1099 1795 1209 1851 hoc
1227 1799 1338 1863 est,
1359 1796 1445 1852 sis
1467 1795 1609 1852 mihi
1634 1795 1871 1867 ﬁdeius-

218 1900 330 1953 sor,
355 1885 417 1938 et
444 1882 644 1954 accipe
673 1881 866 1938 mein
904 1882 1018 1940 ﬁde
1055 1885 1502 1955 etprotectione
1532 1889 1654 1943 tua.
1680 1908 1709 1934 (ι
1741 1883 1869 1949 Non

215 1976 302 2027 est
327 1970 489 2027 enim
516 1970 786 2042 volentis,
819 1988 1007 2045 neque
1052 1974 1364 2041 currentis,
1398 1974 1499 2029 sed
1534 1973 1869 2031 miserentis

216 2062 313 2118 Dei
338 2063 515 2132 (Rom.
531 2062 670 2135 ix).»
691 2083 720 2113 «
741 2062 890 2129 Quid
911 2062 1162 2130 dicam,»
1180 2064 1465 2120 subaudis
1491 2063 1692 2119 factori
1715 2080 1865 2133 meo,

214 2151 543 2223 cum‘juste
568 2150 894 2207 sustineam
923 2151 1125 2208 ista?“
1157 2154 1273 2207 Aut
1310 2152 1449 2224 quid
1490 2152 1869 2225 respondebit

213 2240 363 2295 mihi
390 2263 416 2289 »
439 2239 550 2297 iste
570 2239 675 2313 qui
694 2239 831 2297 fecit
850 2257 964 2309 me,
983 2245 1041 2297 et
1069 2242 1222 2313 quod
1244 2241 1429 2297 voluit
1450 2241 1655 2297 tribuit
1678 2241 1822 2296 mihi
1839 2241 1868 2296 ?

215 2329 578 2396 Sustinenda
601 2346 743 2403 ergo
759 2333 913 2385 sunt
952 2329 1098 2386 mihi
1142 2330 1735 2411 omnia'quaacunque
1768 2332 1869 2386 de-

212 2419 489 2477 creverit.

280 2532 309 2559 ‹‹
336 2507 693 2581 Recogitabo
713 2506 819 2565 tibi
840 2524 1043 2565 omnes
1064 2525 1249 2567 annos
1280 2526 1503 2577 meos,»
1524 2510 1634 2566 hoc
1655 2514 1766 2577 est,
1794 2509 1867 2565 ad

208 2597 565 2655 memoriam
595 2597 873 2654 reducam
901 2615 1106 2655 omnes
1136 2597 1261 2655 dies
1292 2598 1584 2655 felicitatis
1618 2615 1777 2665 meae,
1811 2602 1870 2654 et

208 2686 826 2755 consideraboomnes
846 2686 1029 2745 fuisse
1051 2704 1304 2757 amaros,
1325 2688 1464 2760 quia
1484 2704 1741 2760 praesens
1763 2687 1865 2742 tri-

205 2774 441 2831 bulatio
470 2773 557 2829 nil
582 2773 718 2830 boni
750 2774 932 2831 sentit
952 2792 1029 2831 ex
1071 2775 1165 2833 his
1212 2775 1507 2833 omnibus.
1532 2776 1768 2842 Revera,
1804 2778 1871 2830 ut

205 2865 423 2920 beatus
456 2863 844 2936 Hieronymus
873 2863 1055 2921 dicit:
1080 2864 1341 2923 humana
1370 2863 1614 2921 felicitas
1646 2863 1871 2920 nullius

202 2957 299 3010 est
328 2951 713 3009 securitatis.

274 3065 305 3092 ‹‹
341 3041 617 3104 Domine.
639 3039 727 3098 sic
753 3040 1023 3098 vivitur.»
1047 3042 1293 3110 Quidam
1321 3042 1549 3099 codices
1569 3042 1788 3099 habent
1816 3042 1868 3098 si

197 3131 293 3188 sic
311 3128 552 3198 vivitur,
577 3130 679 3187 sed
702 3147 816 3188 non
840 3135 931 3187 est
959 3130 1094 3188 ista.
1117 3130 1568 3204 Philosophatus
1599 3136 1689 3188 est
1708 3132 1883 3201 enim»

1899 1831 1955 1917 ἢ

1986 905 2277 975 hostibus,
2301 906 2567 963 laudabit
2594 914 2720 976 te,«
2750 909 2904 964 sicut
2933 913 2991 965 et
3016 927 3122 984 ego
3154 911 3325 968 hodie
3350 935 3378 961 ››
3408 912 3467 966 in
3500 931 3642 985 pra};-

1983 994 2135 1050 senti
2168 995 2341 1051 laudo
2371 1001 2429 1051 et
2470 997 2731 1070 gloriﬁco
2762 1002 2837 1053 te.
2861 1022 2889 1047 «
2926 998 3095 1053 Pater
3122 1000 3312 1055 bonus
3342 1000 3485 1055 ﬁliis
3511 1000 3637 1063 suis

1984 1088 2183 1139 notam
2216 1084 2388 1141 faciet
2415 1085 2717 1142 veritatem
2748 1090 2969 1155 tuam,»
2999 1086 3108 1143 hoc
3137 1092 3249 1157 est,
3275 1106 3475 1145 verum
3508 1086 3638 1146 reli-

1980 1172 2175 1246 gionis
2204 1172 2429 1229 cultum
2451 1174 2700 1230 docebit.
2730 1174 2835 1230 Per
2864 1178 3089 1246 patrem
3122 1176 3259 1233 boni
3284 1194 3449 1251 reges
3466 1178 3639 1234 intol.

1978 1259 2267 1335 liguntur,
2291 1266 2358 1318 ut
2404 1262 2610 1331 David,
2649 1262 2946 1319 Ezechias.
2971 1264 3074 1335 qui
3107 1265 3439 1323 docuerunt
3486 1267 3639 1337 ﬁlios

1977 1367 2118 1408 suos
2148 1367 2377 1407 servare
2406 1351 2595 1425 legem
2627 1352 2890 1422 Domini;
2912 1353 2999 1409 vel
3033 1353 3211 1409 etiam
3246 1356 3436 1413 sancti
3465 1360 3524 1413 et
3551 1375 3642 1415 re-

1976 1438 2170 1511 ligiosi
2189 1439 2427 1512 viri,qui
2451 1440 2705 1497 subditis
2731 1459 2857 1506 suis
2880 1446 3079 1498 notam
3103 1443 3328 1499 faciunt
3339 1444 3635 1516 justitiam

1978 1527 2233 1583 Domini.

2048 1638 2076 1667 «
2103 1615 2369 1688 Domine,
2403 1617 2650 1687 salvum,
2685 1636 2780 1676 me
2812 1619 2902 1675 fac
2935 1642 2964 1673 »
2998 1637 3033 1677 α
3072 1621 3575 1691 Sennacherib,.et
3603 1612 3639 1687 ἁ

1977 1708 2164 1760 morte
2184 1710 2419 1775 aeterna,
2434 1727 2455 1754 α
2469 1712 2527 1763 et
2546 1707 2808 1782 psalmos
2829 1713 3062 1767 nostros
3078 1710 3453 1767 cantabimus
3466 1711 3633 1767 tibi.»

1977 1793 2242 1864 Domine,
2267 1794 2317 1850 si
2340 1813 2431 1851 me
2456 1800 2515 1852 et
2532 1796 2819 1869 populum
2854 1814 3050 1853 meum
3073 1797 3407 1867 salvaveris,
3431 1804 3632 1856 cantas

1982 1882 2177 1939 bimus
2207 1884 2315 1939 tibi
2346 1884 2570 1942 laudes.
2595 1888 2756 1953 Quod
2782 1905 2968 1960 usque
2988 1888 3161 1945 hodie
3179 1888 3365 1945 Judaei
3386 1889 3631 1960 fociuut;

1976 1970 2111 2028 licet
2141 1990 2255 2029 non
2286 1975 2471 2045 prosit
2506 1974 2645 2033 illis.
2677 1978 2950 2032 Attamen
2990 1994 3157 2033 versa
3182 1977 3307 2034 vice
3340 1978 3539 2036 ﬁdeles
3568 1979 3635 2039 in

1976 2065 2180 2117 sancta
2210 2062 2467 2119 Ecclesia
2495 2081 2685 2137 usque
2714 2064 2885 2120 hodie
2923 2065 3164 2123 faciunt.
3626 2124 3629 2129 ,

2051 2172 2079 2201 α
2108 2151 2178 2205 Et
2211 2151 2396 2222 jussit
2428 2152 2609 2208 Isaias
2640 2175 2668 2203 »
2704 2153 2996 2210 ministris
3026 2154 3183 2227 regis
3205 2178 3233 2204 ‹‹
3267 2159 3333 2211 ut
3361 2156 3632 2221 tollerent

1976 2256 2235 2295 massam
2260 2241 2329 2295 de
2360 2240 2507 2308 ﬁcis,
2527 2246 2583 2296 et
2604 2242 3099 2315 cataplasmarent
3120 2260 3298 2316 super
3316 2244 3553 2310 vulnus,
3575 2250 3635 2305 et

1976 2332 2303 2384 sanaretur.
2325 2352 2350 2377 »
2373 2328 2808 2402 Cataplasmare
2839 2335 2930 2386 est
2952 2331 3268 2387 calefacere
3289 2331 3378 2389 vel
3406 2333 3631 2389 fomen-

1976 2420 2121 2473 tare.
2153 2418 2307 2474 Dicit
2352 2419 2560 2475 beatus
2603 2419 3011 2493 Hieronymus,
3048 2422 3204 2494 quod
3236 2422 3440 2478 morbo
3471 2423 3639 2496 regio.

1974 2504 2342 2575 laboraverit,
2369 2508 2459 2562 cui
2493 2509 2786 2565 contraria
2814 2526 2941 2565 esse
2963 2509 3243 2566 dicuntur
3271 2510 3490 2579 omnia,
3511 2511 3640 2569 sive

1975 2594 2034 2649 in
2064 2595 2214 2664 cibo,
2249 2598 2368 2652 sive
2407 2596 2465 2651 in
2517 2600 2674 2651 tactu
2707 2596 2922 2653 dulcia.
2945 2598 3055 2654 Sed
3106 2603 3172 2655 ut
3218 2600 3321 2655 Dei
3368 2602 3637 2672 potentia,

1976 2683 2167 2740 notior
2195 2685 2377 2752 ﬁeret,
2405 2684 2715 2741 contrariis
2747 2690 2985 2741 curatus
3033 2691 3136 2742 est
3174 2688 3417 2743 docente
3456 2689 3633 2748 Isaiae

1975 2772 2078 2828 Hic
2110 2776 2306 2828 autem
2351 2773 2815 2839 notandum-est,
2841 2774 2995 2845 quod
3041 2792 3159 2829 non
3197 2779 3386 2832 totum
3415 2780 3657 2848 corpus

1972 2860 2111 2918 inde
2138 2860 2629 2940 tomentaverunt,
2664 2862 2765 2918 sed
2799 2864 3207 2920 tantummodo
3238 2862 3451 2919 vulnus
3472 2863 3629 2936 quod

1975 2949 2025 3008 ei
2047 2953 2276 3006 tantum
2305 2953 2428 3006 erat
2450 2967 2485 3006 a
2509 2951 2772 3020 Domino,
2787 2956 3023 3024 excepto
3044 2952 3250 3009 morbo
3272 2951 3430 3026 regio
3450 2968 3635 3025 quem

1975 3037 2295 3113 sartiginem
2323 3038 2599 3094 dicimus.

2046 3152 2071 3178 «
2098 3128 2169 3183 Et
2194 3128 2340 3183 dixit
2385 3127 2695 3184 Ezechias:
2726 3129 2888 3195 Quod
2929 3128 3041 3185 erit
3086 3129 3505 3204 signum,'quia
3531 3148 3635 3193 88-3

196 3237 304 3276 rex
336 3220 416 3276 de
446 3196 605 3275 statu
635 3218 815 3292 hujus
844 3221 995 3292 vita),
1020 3225 1085 3276 ut
1121 3221 1329 3277 beatus
1353 3196 1747 3293 Hieronymus
1778 3196 1862 3275 di-
1896 3202 1955 3269 ὃ
1973 3218 2216 3273 cendam
2235 3217 2315 3273 ad
2339 3217 2581 3273 domum
2605 3218 2894 3273 Domini.»
2919 3218 3072 3274 Ordo
3095 3196 3486 3292 praeposterus
3511 3224 3633 3283 est:z

193 3308 303 3365 cit.
335 3331 367 3360 ιι
393 3307 659 3377 Domine,
692 3309 781 3364 sic
808 3308 1040 3379 vivitur,
1069 3331 1095 3358 ››
1117 3308 1176 3365 id
1219 3313 1330 3378 est,
1382 3312 1503 3365 tam
1555 3309 1780 3383 fragilis
1808 3314 1867 3367 et

192 3398 547 3455 caducaest
573 3396 1131 3466 humana'felicitas,
1158 3421 1186 3449 «
1211 3398 1491 3471 corripies
1512 3415 1604 3456 me
1626 3422 1654 3449 ››
1678 3398 1737 3454 in
1761 3403 1871 3456 tuo

189 3485 467 3561 flagello,
493 3509 523 3537 «
555 3492 613 3543 et
638 3486 961 3543 viviﬁcabis
991 3503 1105 3557 me,
1132 3510 1162 3537 »
1185 3487 1482 3544 reddendo
1513 3487 1659 3543 mihi
1686 3487 1863 3545 vitam

185 3579 248 3631 et
262 3600 269 3607 τ
282 3576 613 3633 sanitatem
622 3618 636 3634 .
1666 3618 1671 3623 -

264 3690 295 3716 «
334 3666 492 3721 Ecce
523 3664 582 3721 in
618 3681 783 3738 pace,
806 3687 835 3716 »
850 3665 1148 3729 subaudis
1182 3665 1546 3723 Hierusalem
1576 3670 1634 3724 et
1663 3666 1862 3741 populi

180 3753 339 3825 mei,
356 3754 467 3828 qui
492 3754 665 3810 modo
686 3771 805 3813 non
828 3755 1253 3829 impugnantur
1270 3756 1343 3812 ab
1369 3756 1660 3823 hostibus,
1684 3757 1866 3813 tribu-

181 3843 340 3902 latio
378 3860 519 3900 mea
546 3842 691 3900 mihi
724 3843 1116 3917 importabilis
1142 3850 1252 3901 est.
1277 3845 1408 3901 Ideo
1440 3845 1580 3901 dicit
1610 3846 1668 3900 in
1699 3863 1860 3919 pace,

175 3935 366 4007 quia,
386 3933 522 4007 jam
551 3950 831 4006 percusso
846 3933 1110 4007 Assyrio,
1136 3951 1247 4006 pax
1273 3938 1640 4008 magna-erat
1666 3934 1725 3989 in
1756 3951 1863 4007 po-

175 4022 365 4096 pulo.-

252 4134 287 4162 α
318 4112 428 4168 Tu
449 4115 644 4168 autem
664 4112 869 4168 eruisti
891 4110 1371 4168 animam-meam
1400 4134 1427 4161 »
1451 4128 1522 4168 ne
1553 4112 1663 4168 iret
1692 4112 1864 4169 modo

168 4202 252 4257 ad
301 4198 543 4256 inferos
573 4205 810 4274 propter
846 4198 1185 4274 superbiam
1216 4204 1273 4257 et
1302 4205 1541 4273 peccata
1570 4218 1700 4258 mea
1728 4200 1865 4274 plu-

163 4290 387 4359 rima;
419 4311 447 4339 ‹‹
473 4288 768 4362 projecisti
801 4292 936 4364 post
956 4293 1186 4362 tergum
1212 4293 1379 4345 tuum
1402 4289 1601 4346 omnia
1629 4294 1868 4362 peccata

163 4396 352 4447 mea,
386 4400 425 4428 »
445 4375 557 4434 hoc
604 4381 715 4447 est,
738 4376 1036 4436 abstulisti
1068 4376 1291 4433 malum
1323 4395 1358 4433 a
1388 4382 1492 4434 tua
1535 4378 1866 4452 praesentia,

154 4472 225 4526 et
258 4465 548 4542 posuisti
568 4470 923 4536 retrorsum,
954 4484 1027 4523 ne
1056 4466 1231 4522 modo
1263 4467 1684 4524 condemnares
1715 4485 1828 4525 me.

1970 3310 2116 3364 Ante
2144 3306 2303 3362 enim
2335 3305 2449 3362 ista
2495 3306 2721 3378 prolata
2765 3310 2926 3374 sunt,
2960 3307 3273 3380 quam'illa
3303 3324 3435 3380 quae
3479 3324 3626 3381 prter-

1973 3400 2276 3454 cesserunt
2315 3397 2386 3451 de
2429 3396 2679 3452 sanitate
2709 3400 2766 3452 et
2795 3396 2867 3452 de
2895 3396 3158 3454 oratione
3208 3398 3480 3471 superius
3529 3414 3642 3454 θεο-

1974 3486 2184 3561 posita.

2550 3574 2783 3630 CAPUT
2818 3574 3054 3630 XXXIX.

2045 3689 2073 3716 ‹‹
2099 3667 2162 3720 In
2186 3668 2446 3737 tempore
2468 3663 2626 3730 illo,»
2645 3667 2953 3736 postquam
2978 3663 3317 3719 interfectus
3339 3667 3429 3720 est
3446 3665 3622 3739 Assy-

1974 3756 2119 3821 rius,
2134 3758 2192 3810 et
2213 3752 2523 3809 sanitatem
2546 3753 2793 3823 adeptus
2811 3756 2900 3807 est
2918 3751 3246 3818 Ezechias,«
3267 3750 3430 3809 misit
3445 3752 3623 3810 Mero-

1974 3843 2121 3900 dacb
2147 3839 2600 3907 Baladan,ﬁlius
2618 3838 2903 3895 Baladach
2927 3856 3023 3895 rex
3045 3838 3365 3911 Babilonis,
3383 3840 3637 3910 libros,»

1973 3932 2083 3988 hoc
2114 3933 2204 3987 est
2230 3927 2529 4003 epistolas,
2557 3950 2585 3979 «
2608 3932 2665 3984 et
2703 3945 2948 3985 munera
2977 3929 3048 3985 ad
3088 3928 3475 3986 Ezechiam.»
3508 3931 3623 3988 Su-

1974 4021 2172 4095 perius
2216 4018 2440 4074 dictum
2471 4022 2578 4086 est,
2611 4018 2767 4090 quod
2815 4018 3171 4087 Assaradon,
3198 4018 3355 4075 filius
3398 4021 3637 4081 Setina-rt

1974 4108 2193 4179 cberib,
2218 4107 2316 4181 qui
2352 4106 2680 4180 imperabat
2708 4106 2964 4180 Assyriis
3002 4112 3062 4164 et
3102 4106 3460 4182 Babyloniis,
3492 4127 3639 4171 suow

1974 4197 2151 4256 cessit
2172 4196 2321 4270 patri
2342 4195 2399 4250 in
2424 4196 2778 4269 regnum.Et
2798 4194 2892 4251 hic
2914 4196 3133 4253 dicitur
3154 4196 3641 4270 quiavMerodsch.

1975 4286 2231 4344 Baladan
2263 4284 2427 4341 misit
2453 4283 2513 4340 in
2544 4283 2909 4340 Hierusalem
2931 4286 3170 4343 nuntios
3194 4287 3267 4343 ad
3298 4286 3645 4358 Ezechiam,.

1973 4377 2200 4433 vivente
2217 4374 2409 4430 adhuc
2419 4374 2878 4447 Assaradon,qui
2898 4393 2998 4431 rex
3017 4380 3141 4431 erat
3152 4374 3625 4447 Babyloniorum.

1978 4466 2091 4523 Sed
2124 4465 2432 4522 sciendum
2462 4466 2554 4519 est
2583 4463 2643 4518 in
2677 4463 2789 4519 isto
2821 4463 2968 4531 loco,
2992 4463 3416 4519 divisum'tuuc
3446 4462 3643 4520 fuisse.

243 4582 278 4609 ‹‹
302 4554 485 4624 Quia
501 4573 622 4612 non
650 4556 918 4613 infernus
940 4555 1319 4612 conﬁtebitur
1346 4555 1474 4623 tibi,
1498 4572 1686 4628 neque
1708 4573 1867 4612 mors
1897 4573 1948 4638 Ι)
1978 4572 2225 4629 regnum
2252 4552 2624 4626 Assyriorum
2657 4569 2723 4607 ac
2763 4550 3233 4624 Babyloniorum,
3259 4553 3317 4607 et
3347 4552 3642 4624 regnabat.

150 4644 482 4705 laudabit
512 4648 623 4701 te.»
647 4644 754 4702 Per
780 4645 1075 4701 infernum
1109 4645 1168 4700 in
1192 4644 1302 4701 hoc
1329 4643 1454 4700 loco
1487 4646 1763 4716 reprobos
1784 4645 1866 4701 in-

149 4736 582 4810 telligamus;
616 4750 719 4808 per
740 4738 989 4791 mortem
1008 4751 1143 4790 vero
1161 4732 1488 4789 diabolum.
1513 4732 1581 4788 Hi
1614 4750 1869 4806 namque

144 4826 273 4901 qui
318 4823 420 4881 ad
447 4822 655 4878 inferni
690 4822 950 4879 claustra
970 4823 1356 4890 descendunt,
1380 4822 1696 4877 damnandi
1730 4828 1870 4879 sunt

141 4916 307 4972 sine
352 4914 509 4968 ﬁne.
542 4911 665 4967 Non
719 4915 902 4986 agunt
948 4911 1353 4983 paenitentiam
1396 4909 1495 4979 ibi,
1522 4928 1625 4965 nec
1675 4914 1870 4969 ferunt

135 5004 417 5063 laudes
440 5000 825 5073 omnipotenti
848 5000 964 5056 Deo
990 5018 1003 5057 :
1028 5000 1168 5073 quia
1189 5018 1303 5055 non
1327 5004 1416 5055 est
1448 4999 1710 5073 speciosa
1739 5000 1873 5057 laus

134 5097 211 5151 in
253 5108 395 5149 ore
442 5089 790 5163 peccatoris.
816 5112 843 5139 ‹‹
868 5089 1009 5146 Non-
1038 5089 1457 5161 exspectabant
1487 5089 1588 5161 qui
1622 5090 1867 5146 descen-

130 5185 335 5243 dunt
383 5179 448 5234 in
481 5177 698 5247 lacum,
724 5201 752 5229 »
788 5178 901 5234 hoc
930 5182 1019 5234 est
1062 5178 1121 5233 in
1165 5177 1479 5245 infernum,
1506 5201 1533 5228 ‹‹
1569 5180 1871 5237 veritatem

122 5281 401 5338 tuam;
430 5292 458 5317 ››
479 5268 694 5325 veritas
728 5267 909 5324 Filius
954 5266 1055 5323 Dei
1087 5271 1177 5322 est
1208 5266 1308 5339 qui
1340 5266 1485 5321 dixit
1513 5285 1561 5323 :«
1590 5269 1706 5341 Ego
1737 5286 1870 5325 sum

120 5362 429 5421 veritas
455 5359 633 5428 (Joan.
656 5360 833 5427 καθ.»
857 5356 1059 5414 Sancti
1101 5355 1201 5429 qui
1243 5359 1375 5410 ante
1412 5356 1725 5412 adventum
1757 5358 1869 5413 Do-

117 5451 325 5513 mini
372 5446 824 5502 descendebant
853 5446 919 5501 in
945 5446 1266 5513 infernum,
1299 5445 1370 5499 ad
1403 5445 1713 5502 secretiora
1741 5446 1870 5505 loca

114 5533 705 5621 praestolabantur
758 5537 1076 5592 adventum
1129 5533 1320 5602 illius,
1385 5537 1448 5589 ut
1502 5540 1867 5592 mererentur

107 5623 467 5696 liberari
498 5641 534 5681 a
576 5623 937 5682 cruciatibus
983 5623 1283 5701 gehennae.
1317 5622 1486 5701 Impii
1533 5627 1729 5681 autem
1761 5626 1861 5704 qui

530 5750 806 5816 PATROL.
853 5750 1064 5816 CXVI.

1976 4642 2385 4715 unusquisque
2414 4641 2474 4695 in
2502 4657 2629 4696 suo.
2656 4641 2872 4695 Ferunt
2901 4638 3155 4695 historiae
3178 4640 3334 4712 quod
3364 4639 3475 4696 iste
3506 4640 3624 4697 Me¢

1977 4733 2191 4789 rodach
2215 4730 2471 4787 Baladan
2492 4728 2667 4783 fuerit
2688 4732 2853 4801 pater
2872 4728 3408 4785 Nabuchodonosor
3429 4732 3637 4802 potcn-_

1976 4821 2193 4878 tissimi
2226 4820 2398 4892 regis,
2424 4818 2524 4890 qui
2555 4822 2759 4891 postea
2789 4817 2989 4874 omnia
3019 4818 3121 4874 illa
3141 4835 3321 4891 regna
3350 4818 3461 4875 sibi
3494 4818 3627 4875 sub-

1968 4909 2199 4983 jugavit
2219 4913 2276 4964 et
2298 4906 2502 4975 univit,
2519 4911 2582 4961 ut
2598 4906 2828 4962 fuerant
2849 4907 3033 4979 prius.
3055 4908 3125 4962 Et
3146 4924 3326 4981 quare
3343 4910 3643 4963 venerunt.

1976 5000 2058 5055 illi
2092 4997 2282 5054 nuntii
2317 4997 2389 5051 ad
2422 4995 2768 5052 Ezechiam?
2797 4996 3035 5069 Propter
3080 5000 3415 5069 portentum
3468 4995 3623 5068 quod

1975 5089 2240 5145 viderant
2272 5086 2330 5142 in
2361 5085 2502 5142 sole.
2525 5087 2705 5141 Erant
2735 5087 2891 5141 enim
2922 5084 3219 5157 astrologi.
3243 5086 3314 5140 Et
3343 5101 3477 5139 cum
3510 5102 3626 5140 non

1982 5181 2223 5251 possent
2252 5192 2600 5249 cognoscere
2620 5191 2721 5245 per
2741 5191 2908 5230 suam
2930 5178 3138 5244 artem,
3163 5190 3343 5245 quare
3372 5173 3483 5229 hoc
3503 5190 3630 5229 eve-

1982 5266 2132 5323 nerit
2154 5270 2274 5321 uta
2295 5265 2522 5321 decima
2551 5263 2694 5317 hora
2722 5262 3218 5334 retrograderetur
3245 5263 3315 5318 ad
3350 5262 3643 5335 primam,.

1975 5360 2260 5414 venerunt
2282 5356 2339 5409 in
2370 5351 2748 5419 Hierusalem,
2777 5356 2893 5405 uta
2914 5351 3215 5424 prophetis
3235 5350 3319 5408 vel
3345 5370 3380 5421 a
3402 5353 3628 5425 sapien-

1978 5448 2137 5503 tibus
2160 5443 2375 5500 scirent
2396 5459 2522 5514 quze
2553 5456 2732 5495 causa
2759 5438 3064 5494 exstiterit.

2050 5560 2077 5588 ‹‹
2107 5536 2177 5591 Et
2206 5531 2463 5588 ostendit
2492 5529 2576 5585 eis
2603 5526 2809 5584 cellam
2842 5532 3231 5584 aromatum.»
3264 5529 3641 5604 Epiphanius.

1971 5624 2217 5705 Cyprius
2239 5620 2415 5678 dicit:
2436 5617 2642 5677 cellam
2665 5620 2995 5675 aromatum
3018 5633 3295 5696 magnam
3317 5623 3376 5676 et
3393 5620 3647 5716 praecle

3228 5748 3308 5810 29
