4090 6192
440 359 558 422 90⁸7

439 596 603 654 gum,
629 583 685 636 et
711 581 879 635 erant
906 576 966 632 in
999 575 1285 648 sepulcris
1313 593 1514 632 eorum
1555 579 1614 631 et
1647 592 1826 648 super
1854 577 1911 629 et
1935 573 2088 628 circa

441 667 632 725 multa
655 670 974 724 aromata.«
997 665 1265 722 Ostendit
1285 665 1458 720 etiam
1481 665 1564 720 eis
1587 663 1811 737 argenti
1833 666 1891 718 et
1913 662 2038 718 auri
2060 683 2087 711 »

440 756 726 814 subaudis
745 755 1053 810 thesauros
1071 779 1096 804 ‹‹
1119 759 1176 810 et
1197 755 1711 810 odoramentorum
1734 776 1760 802 »
1775 770 1900 825 quae
1923 755 2090 806 erant

439 845 594 919 apud
625 844 758 900 illos
783 848 924 900 tunc
953 845 1234 916 temporis
1265 843 1473 911 multa,
1501 867 1527 892 «
1552 847 1608 898 et
1637 842 1952 914 apothecas
1981 863 2006 888 ››
2029 839 2084 894 id

437 937 528 991 est
557 933 793 991 cellaria
847 933 1190 990 substantiae
1243 951 1383 988 suae.
1409 957 1434 981 ‹‹
1471 933 1595 986 Non
1654 931 1766 985 fuit
1821 930 2084 998 verbum,

438 1021 594 1095 quod
616 1039 734 1078 non
754 1021 1011 1078 ostendit
1031 1020 1173 1076 eis.»
1189 1022 1312 1075 Mos
1332 1025 1421 1076 est
1439 1036 1614 1074 sacrae
1638 1017 1949 1090 Scripturae
1969 1035 2091 1072 ver-

436 1111 581 1167 bum
615 1127 828 1184 ponere
860 1127 1010 1180 saepe
1057 1127 1160 1182 pro
1187 1125 1268 1176 re,
1293 1113 1358 1163 ut
1389 1109 1500 1162 isto
1531 1107 1590 1162 in
1623 1107 1770 1161 loco.
1811 1107 1868 1162 In
1914 1107 2086 1161 domo

436 1218 547 1258 sua
573 1199 738 1268 dicit,
763 1199 824 1254 in
845 1197 1139 1254 thesauris
1163 1198 1316 1265 suis;
1343 1197 1400 1250 in
1425 1199 1708 1268 potestate
1737 1198 1932 1251 autem
1955 1212 2083 1264 sua,

433 1289 497 1346 in
526 1287 820 1345 thesauris
852 1287 1063 1342 domus
1091 1285 1344 1353 Domini,
1371 1285 1429 1339 in
1461 1301 1576 1356 quo
1607 1284 1870 1340 offendit.

507 1400 536 1428 ‹‹
561 1375 710 1442 Quid
733 1374 1005 1430 dixerunt
1024 1373 1131 1429 viri
1163 1374 1257 1430 isti
1289 1377 1346 1428 et
1375 1375 1531 1428 unde
1550 1377 1836 1428 venerunt
1856 1373 1928 1427 ad
1959 1372 2082 1428 te?»

434 1465 562 1522 Duo
583 1463 905 1536 interrogat
926 1462 1234 1534 Pr0pheta,
1249 1463 1347 1518 sed
1373 1479 1720 1533 responsum
1746 1465 1836 1516 est
1855 1460 1906 1516 ei
1930 1462 2084 1533 quod

434 1553 687 1626 pertinet
705 1553 778 1608 ad
804 1552 1139 1625 superbiam
1162 1552 1506 1618 humanam,
1533 1568 1648 1606 non
1672 1551 1827 1623 quod
1852 1551 1922 1604 ad
1953 1550 2085 1605 lau-

435 1643 570 1698 dem
601 1641 702 1698 Dei
733 1657 836 1715 pro
867 1645 1134 1714 portento
1165 1645 1401 1714 propter
1429 1641 1583 1712 quod
1620 1643 1916 1696 venerant.
1941 1663 1968 1691 ‹‹
2003 1639 2085 1694 De

432 1733 590 1787 terra
611 1730 932 1804 longinqua
950 1734 1234 1786 venerunt
1256 1731 1328 1786 ad
1354 1746 1466 1797 me,
1490 1729 1560 1784 de
1584 1727 1930 1800 Babylone,»
1955 1745 2082 1800 quae

809 357 1218 419 HAYMONIS
1264 351 1806 414 HALBERSTAT.
1850 349 2094 413 EPISC.
2143 347 2316 412 OPP.
2363 349 2564 411 PARS
2607 347 2657 409 Ι.
2705 383 2783 394 ——
2824 348 3229 412 COMMENT.
3276 345 3474 410 BIBL.

439 507 568 550 ram
598 505 727 548 esse
755 491 1018 555 domum,
1043 487 1102 542 in
1127 503 1246 560 qua
1275 485 1709 560 sepeliebantur
1732 500 1976 558 corpora
2003 499 2088 539 re-
2113 483 2171 551 Α

3721 343 3843 406 908

2837 536 3070 592 CAPUT
3108 535 3201 592 ΧΙ.

2272 684 2300 712 ‹‹
2325 661 2743 730 Consolamini,
2782 659 3168 718 consolamini
3219 657 3432 732 popule
3480 673 3673 726 meus,
3703 656 3844 713 dicit

2198 750 2483 807 Dominus
2511 756 2718 808 vester.
2747 774 2774 800 ››
2805 753 2875 806 Et
2903 755 2996 808 est
3023 765 3268 806 sensus:
3295 749 3339 804 Ο
3367 745 3581 820 popule
3612 745 3715 802 Dei
3746 745 3842 818 qui

2197 841 2339 896 estis
2371 843 2673 896 credentes
2702 858 2771 897 ex
2799 840 3042 909 Judaeis,
3065 836 3448 894 consolamini
3484 835 3540 892 in
3573 835 3840 890 Christo:

2197 929 2337 1001 quia
2367 947 2464 986 rex
2491 934 2684 986 vester
2713 947 2829 986 non
2857 928 3214 1002 compatitur
3232 943 3337 982 nec
3364 925 3500 994 sibi,
3521 942 3630 980 nec
3657 922 3842 981 vobis.

2198 1019 2394 1074 Potest
2414 1023 2471 1074 et
2490 1020 2562 1075 ad
2585 1023 2786 1093 gentes
2818 1017 3038 1087 referri,
3061 1019 3134 1073 de
3158 1015 3376 1090 quibus
3395 1013 3538 1071 dicit
3558 1014 3843 1070 Dominus

2196 1125 2299 1180 per
2325 1108 2664 1164 Zachariam
2699 1124 2767 1163 :«
2798 1109 2942 1164 Ecce
2990 1123 3095 1180 ego
3145 1105 3507 1179 congregabo
3558 1101 3842 1176 populum

2197 1197 2473 1266 Orientis,
2507 1201 2565 1252 et
2593 1199 2767 1254 erunt
2796 1195 2942 1253 mihi
2971 1196 3032 1251 in
3075 1193 3380 1268 populum,
3411 1197 3471 1250 et
3497 1207 3605 1266 ego
3635 1189 3758 1248 illis
3782 1191 3838 1248 in

2195 1285 2380 1342 Deum
2413 1286 2595 1359 (Zach.
2617 1287 2762 1356 vm).
2790 1309 2813 1338 ι

2268 1398 2296 1425 ‹‹
2317 1373 2648 1447 Loquimini
2672 1375 2744 1432 ad
2769 1391 2869 1431 cor
2882 1371 3335 1440 Hierusalem,et
3355 1371 3634 1428 advocate
3653 1385 3839 1426 eam.»

2191 1463 2526 1536 Alloquitur
2543 1463 2828 1538 prepheta
2841 1461 3506 1532 Eliachim,caiterosque
3525 1457 3733 1514 ﬁdeles
3745 1457 3840 1530 qui

2194 1553 2294 1610 illo
2324 1559 2586 1627 tempore
2614 1557 2801 1610 erant.
2818 1551 2920 1608 Vel
2943 1551 3122 1608 etiam
3143 1548 3439 1622 apostolos
3459 1549 3842 1620 doctoresque

2192 1641 2478 1716 gentium,
2513 1647 2570 1698 et
2617 1641 2866 1698 dicit:0
2905 1639 3212 1708 Eliachim,
3261 1636 3570 1710 ceterique
3620 1635 3839 1704 ﬁdeles,

2190 1731 2279 1788 vel
2310 1731 2579 1805 apostoli,
2616 1729 2928 1804 loquimini
2958 1729 3032 1785 ad
3071 1744 3170 1784 cor
3198 1725 3587 1784 Hierusalem.
3617 1725 3708 1782 Ad
3749 1741 3845 1780 cor

433 1819 850 1926 potentissima.
871 1823 960 1875 est
989 1821 1487 1926 urbsLTe‘rra-i‘ru‘m
1526 1817 1829 1926 probati-tas
1878 1833 2082 1890 super-
2112 1859 2163 1926 B
2193 1821 2478 1926 loquitur,
2488 1820 2589 1894 qui
2619 1824 2897 1926 maestum
2917 1817 3007 1920 vel
3038 1813 3848 1926 tristfmnblande‘pzlloqgitur

433 1907 593 1965 biam
637 1912 698 1966 et
745 1909 964 1965 fastum
1014 1909 1194 1964 auxit.
1219 1908 1368 1962 Dicit
1418 1909 1626 1962 beatus
1674 1907 2084 1980 Hieronymus,

433 1997 575 2070 quia
596 2014 730 2054 cum
763 1997 1076 2070 supercilio
1116 1997 1430 2070 legendum
1469 2001 1555 2052 est
1595 1995 1780 2062 istud,
1801 1995 1957 2067 quod
1990 2012 2087 2050 rex

435 2087 692 2159 superba
720 2086 985 2159 protulit,
1010 2086 1210 2142 dicens
1233 2104 1246 2142 :
1278 2090 1352 2141 De
1379 2089 1536 2141 terra
1565 2084 1888 2157 longinqua
1915 2101 2086 2139 vene-

435 2179 573 2230 runt
601 2175 675 2231 ad
698 2191 812 2232 me.
839 2175 1124 2230 Debuerat
1145 2173 1337 2230 dicere
1359 2191 1374 2230 :
1397 2175 1481 2229 Ad
1505 2174 1868 2229 laudandum
1901 2174 2086 2229 Deum

429 2268 718 2320 venerunt
747 2281 851 2336 pro
883 2263 1291 2335 magnitudine
1323 2261 1497 2335 signi.

504 2376 533 2403 ‹‹
559 2351 770 2408 Omnia
789 2369 918 2424 quae
941 2351 1000 2406 in
1025 2353 1199 2406 domo
1229 2369 1360 2406 mea
1380 2355 1538 2418 sunt,
1567 2350 1856 2418 viderunt,
1883 2375 1910 2400 η
1938 2351 2082 2405 sub-

431 2439 602 2499 audis
631 2441 907 2512 pretiosa.
931 2463 958 2490 ‹‹
991 2440 1114 2496 Non
1145 2441 1255 2495 fuit
1277 2458 1367 2495 res
1387 2461 1414 2490 »
1441 2439 1878 2512 quantumlibet
1908 2441 2087 2495 chara

430 2535 490 2589 et
517 2531 764 2587 honesta
784 2553 811 2581 «
838 2547 1014 2603 quam
1045 2547 1158 2585 non
1193 2529 1547 2586 ostenderim
1582 2529 1666 2584 eis
1697 2529 1753 2584 in
1789 2529 2084 2585 thesauris

430 2621 638 2676 meis.»
659 2618 832 2676 Siluit
857 2620 928 2674 de
951 2618 1243 2674 thesauris
1273 2619 1485 2674 domus
1517 2617 1744 2672 Domini
1780 2635 1928 2691 quos
1959 2635 2082 2673 ma-

430 2708 727 2766 nifestavit
773 2707 1137 2781 alienigenis,
1167 2709 1225 2763 in
1259 2725 1374 2780 quo
1433 2707 1694 2776 olfendit,
1735 2707 1956 2763 timens
2013 2724 2084 2764 ne

432 2797 581 2855 forte
612 2816 648 2855 a
676 2798 964 2872 Propheta
992 2797 1535 2871 reprehenderetur.

504 2909 534 2939 «
554 2889 700 2944 Ecce
722 2888 848 2944 dies
867 2887 1164 2955 veniunt,»
1181 2886 1323 2943 dicit
1351 2887 1657 2954 Dominus,
1681 2910 1708 2936 «
1733 2890 1792 2942 et
1817 2887 2080 2942 auferen-

431 2978 531 3034 tur
548 2977 749 3033 omnia
771 2993 901 3050 quae
941 2977 1001 3031 in
1024 2977 1196 3032 domo
1235 2981 1339 3031 tua
1370 2979 1508 3031 sunt
1555 2974 1614 3029 in
1653 2975 2024 3048 Babylonem,
2052 2997 2080 3024 »

433 3082 562 3138 quae
592 3082 710 3122 non
740 3069 842 3121 tuo
885 3065 1082 3120 labore
1111 3069 1464 3138 congregata
1492 3068 1652 3132 sunt,
1695 3065 1794 3118 sed
1845 3069 2078 3135 patrum

431 3156 692 3208 tuorum.
707 3153 1048 3207 Praedicitur
1066 3153 1372 3207 retributio
1391 3151 1718 3218 sceleris,ut
1737 3151 1834 3223 qui
1857 3155 2080 3208 secreta

433 3239 665 3296 Domini
687 3238 895 3294 alienis
917 3241 1256 3306 nudaverat,
1283 3240 1356 3294 ab
1377 3241 1578 3296 eadem
1601 3244 1772 3312 gente
1793 3244 1849 3295 et
1869 3241 2084 3298 domus
2113 3229 2156 3296 C

432 3329 564 3400 ejus
593 3327 655 3382 in
686 3327 1098 3382 exterminium
1131 3333 1286 3384 esset
1319 3329 1492 3395 itura,
1519 3345 1652 3384 eum
1680 3329 1958 3384 omnibus
1991 3329 2086 3384 bo-

433 3415 529 3483 nis
556 3419 792 3489 patrum
830 3414 1157 3487 priscorum
1179 3433 1306 3488 quae
1338 3417 1575 3471 tenebat
1605 3421 1662 3472 et
1691 3417 1852 3474 suis:
1880 3435 2082 3474 verum

431 3505 608 3562 etiam
639 3508 699 3562 et
727 3505 938 3561 domus
960 3505 1190 3562 Domini
1222 3510 1460 3579 propter
1481 3510 1784 3578 peccatum
1809 3506 1970 3565 illius
1991 3526 2087 3582 po-

431 3594 556 3669 puli
587 3595 966 3652 destruenda.
995 3617 1024 3646 ‹‹
1055 3595 1180 3652 Non
1232 3594 1599 3667 relinquetur
1645 3597 1970 3670 quidquam
2016 3615 2086 3654 ex

431 3685 538 3754 eis,
559 3684 703 3741 dicit
729 3684 1036 3741 Dominus.
1065 3707 1093 3734 ››
1124 3686 1269 3742 Ecce
1301 3685 1410 3740 fixa
1443 3687 1754 3742 sententia.

501 3775 634 3858 «Et
661 3775 733 3831 de
764 3773 903 3832 filiis
927 3775 1048 3831 tuis
1071 3775 1171 3847 qui
1204 3775 1450 3830 exibunt
1471 3777 1544 3832 de
1565 3779 1640 3831 te.
1670 3799 1697 3826 »
1732 3775 1842 3832 hoc
1871 3777 2086 3850 est,qui

431 3863 506 3920 de
533 3863 795 3938 germine
823 3867 924 3920 tuo
956 3868 1186 3932 erunt,«
1216 3863 1420 3920 tollent
1452 3868 1509 3920 et
1539 3869 1711 3920 erunt
1741 3866 1994 3922 eunuchi
2026 3866 2086 3922 in

431 3951 648 4026 palatio
678 3953 832 4026 regis
863 3952 1196 4026 Babylonis.
1222 3975 1251 4004 ››
1279 3954 1498 4009 Ferunt
1521 3954 1740 4010 Hebraei
1772 3955 1924 4011 hanc
1955 3972 2086 4028 pro-

430 4040 692 4114 phetiam
713 4040 1016 4114 impletam
1037 4041 1097 4096 in
1118 4041 1308 4098 tribus
1329 4041 1548 4114 pueris,
1565 4047 1621 4099 et
1643 4043 1883 4100 Daniele
1904 4044 2002 4116 qui
2027 4043 2086 4100 in

429 4146 499 4188 eo
519 4135 1015 4186 commemoratur
1033 4130 1202 4199 libro,
1219 4133 1454 4202 quando
1481 4135 1686 4205 captus
1707 4137 1798 4189 est
1818 4133 2086 4190 Joacbim

431 4217 591 4274 ﬁlius
609 4215 869 4286 Josiaa,et
884 4218 1096 4279 ductus
1112 4223 1200 4274 est
1219 4219 1473 4290 populus
1492 4219 1551 4274 in
1573 4220 1928 4294 Babylonem
1953 4239 2086 4278 cum

431 4306 649 4380 quibus
679 4305 882 4362 Daniel
915 4310 974 4362 et
1003 4305 1146 4362 socii
1174 4307 1302 4377 ejus
1335 4307 1547 4374 ierunt,
1583 4309 1684 4380 qui
1718 4314 1920 4381 postea
1953 4311 2090 4366 facti

430 4399 574 4454 sunt
603 4393 858 4478 eunuchi
889 4395 948 4450 in
980 4393 1197 4467 palatio
1227 4394 1402 4468 regis.
1431 4396 1556 4450 Non
1579 4401 1668 4452 est
1693 4398 1850 4453 enim
1886 4403 2091 4471 putan-

430 4485 574 4542 dum
605 4483 760 4558 quod
803 4483 1058 4540 truncati
1101 4483 1355 4540 fuissent
1393 4500 1652 4556 corpore,
1689 4487 1790 4541 sed
1821 4487 1996 4559 positi
2027 4488 2088 4544 in

2195 1914 2253 1966 et
2283 1909 2637 1966 consolatur.
2669 1909 2836 1966 Sicut
2875 1907 3127 1982 legimus
3156 1906 3228 1963 de
3257 1904 3472 1962 Sichen
3509 1902 3632 1960 ﬁlio
3671 1903 3852 1958 Emor

2195 2000 2428 2072 quando
2447 1998 2924 2072 corrupitDinam
2945 2015 2996 2054 :«
3013 1997 3270 2052 Locutus
3289 1997 3380 2051 est
3394 1996 3594 2050 autem
3611 1991 3848 2048 Sichem

2196 2089 2269 2144 ad
2299 2106 2399 2145 cor
2427 2105 2578 2161 ejus,
2607 2093 2664 2144 et
2712 2085 3050 2150 consolatus
3099 2087 3191 2140 est
3236 2099 3368 2140 eam
3400 2081 3552 2154 (Gen.
3573 2082 3794 2149 κων).
3821 2101 3849 2129 »ι

2195 2179 2530 2234 Notandum
2557 2181 2749 2232 autem
2773 2176 2929 2250 quod
2951 2175 3130 2232 dicit:
3155 2175 3444 2230 Advocate
3471 2187 3624 2239 eam,
3655 2168 3852 2224 Hieru-

2195 2267 2376 2324 salem
2400 2266 2624 2322 scilicet
2643 2265 2728 2322 vel
2755 2263 3168 2339 gentilitatem,
3192 2259 3670 2319 subaudiendum
3702 2261 3794 2314 est
3815 2274 3850 2314 a

2194 2356 2574 2413 tribulatione
2596 2354 2684 2412 vel
2712 2353 2952 2412 tristitia
2981 2353 3054 2410 ad
3075 2351 3381 2426 gaudium,
3404 2367 3440 2406 a
3458 2348 3618 2405 male
3647 2349 3724 2404 ad
3754 2348 3852 2403 bo-

2194 2463 2358 2515 num,
2393 2447 2466 2502 ab
2497 2443 2826 2501 idololatria
2863 2444 2935 2500 ad
2973 2443 3202 2499 luctum
3233 2439 3609 2514 pcenitentiae.
3636 2461 3666 2488 «ι
3691 2439 3850 2504 Quo-

2193 2536 2353 2591 niam
2387 2533 2676 2608 completa
2701 2538 2792 2590 est
2822 2531 3050 2588 malitia
3078 2532 3262 2604 ejus.»
3289 2528 3514 2586 Malitia
3539 2544 3660 2584 non
3692 2543 3854 2583 sem-

2194 2641 2298 2698 per
2321 2641 2425 2697 pro
2455 2627 2689 2697 peccato
2712 2622 2972 2696 ponitur,
2995 2621 3098 2678 sed
3119 2636 3223 2693 pro
3247 2617 3584 2675 afﬂictione.
3608 2615 3686 2674 Ut
3707 2614 3853 2671 illud

2191 2713 2349 2786 quod
2371 2713 2652 2768 Dominus
2671 2710 2816 2767 dixit
2837 2727 2940 2784 per
2960 2709 3310 2783 Prophetam
3336 2723 3387 2766 :«
3413 2706 3474 2764 Si
3505 2709 3598 2768 est
3625 2703 3854 2761 malum

2190 2802 2250 2858 in
2269 2801 2630 2871 civitate,»id
2657 2803 2747 2856 est
2768 2797 3065 2866 afﬂictio,«
3089 2797 3248 2870 quod
3269 2795 3557 2854 Dominus
3578 2811 3698 2850 non
3720 2792 3858 2850 fecit

2191 2893 2392 2974 (Amos.
2415 2891 2556 2965 111).»
2584 2889 2883 2962 Completa
2911 2891 3002 2946 est
3051 2903 3188 2962 ergo
3232 2884 3458 2942 malitia
3485 2884 3638 2956 ejus,
3663 2883 3726 2938 id
3763 2885 3858 2938 est

2189 2973 2430 3038 afflictio
2460 2977 2888 3054 persecutionis
2918 2994 3046 3050 qua
3093 2975 3284 3033 evenit
3310 2973 3372 3031 in
3416 2976 3605 3030 morte
3633 2975 3855 3044 marty-

2187 3087 2342 3139 rum,
2367 3073 2424 3126 et
2451 3069 2626 3125 modo
2656 3069 2773 3124 Deo
2803 3067 2979 3123 dante
3007 3067 3227 3122 abest.«
3249 3063 3508 3122 Dimissa
3525 3065 3616 3118 est
3635 3060 3852 3132 iniqui-

2187 3161 2282 3217 tas
2301 3159 2520 3226 illius,»
2541 3159 2651 3215 hoc
2671 3162 2762 3214 est
2785 3174 2798 3214 :
2822 3157 2873 3213 si
2893 3155 3209 3229 aliquando
3229 3153 3508 3226 peccavit,
3523 3150 3843 3207 dimissum

2193 3255 2283 3308 est
2311 3250 2385 3319 ei,
2409 3253 2467 3306 et
2511 3247 2762 3322 pertinet
2808 3247 2918 3302 hoc
2963 3243 3195 3318 proprie
3214 3243 3288 3300 ad
3337 3240 3586 3315 gentiles
3616 3237 3705 3296 vel
3733 3238 3842 3296 Ju-

2193 3341 2369 3408 dwos,
2393 3339 2516 3412 qui,
2539 3339 2612 3394 ad
2635 3337 2809 3393 ﬁdem
2841 3333 3071 3392 Domini
3099 3332 3416 3398 venientes,
3440 3347 3545 3404 per
3563 3327 3848 3401 baptismi

2194 3427 2692 3502 regenerationem
2730 3425 3000 3481 mundati
3040 3426 3200 3480 sunt.
3217 3419 3321 3477 Vel
3350 3419 3411 3476 in
3439 3418 3718 3492 martyrio
3747 3417 3847 3473 ubi

2194 3519 2280 3576 sic
2311 3516 2558 3574 dimissa
2587 3519 2728 3572 sunt
2773 3513 2893 3570 illis
2933 3515 3190 3586 peccata,
3215 3508 3375 3567 velut
3419 3508 3482 3565 in
3530 3506 3846 3580 baptismo.

2196 3631 2224 3659 ι(
2257 3607 2526 3679 Suscepit
2553 3606 2626 3661 de
2673 3621 2855 3660 manu
2903 3601 3134 3659 Domini
3193 3598 3472 3673 duplicia,
3501 3619 3530 3648 »
3561 3595 3847 3654 subaudis

2195 3700 2508 3754 tormenta.
2543 3694 2603 3750 Si
2635 3695 2706 3751 ad
2743 3690 3104 3748 Hierusalem
3135 3689 3244 3745 hoc
3283 3687 3632 3758 referamus,
3657 3684 3847 3758 dupli-

2196 3787 2286 3843 cia
2317 3785 2533 3858 recepit
2557 3802 2592 3840 a
2615 3782 2897 3839 Chaldaeis
2917 3785 2976 3837 et
2997 3778 3297 3847 Romanis,
3322 3781 3380 3834 et
3405 3775 3583 3850 periit
3611 3789 3849 3847 corpore

2195 3881 2255 3934 et
2283 3875 2499 3932 anima.
2524 3874 2585 3931 Si
2617 3873 2690 3928 ad
2733 3870 3054 3928 Ecclesiam
3093 3867 3407 3942 dupliciter
3439 3883 3475 3922 a
3511 3866 3850 3938 persecuto-

2197 3967 2362 4022 ribus
2391 3964 2627 4038 recepit,
2650 3963 2791 4036 quia
2810 3976 3050 4034 corpore
3075 3958 3335 4018 cruciata
3359 3959 3448 4014 est
3477 3959 3536 4012 et
3563 3955 3625 4010 in
3655 3953 3873 4019 animo,

2197 4055 2532 4128 angustiam
2565 4051 2894 4109 sustinebat
2921 4054 3185 4124 tempore
3213 4043 3667 4121 persecutionis,
3696 4042 3850 4098 ideo-

2197 4162 2310 4218 que
2343 4142 2587 4200 dimissa
2612 4145 2704 4198 est
2730 4138 3015 4212 iniquitas
3046 4139 3198 4210 ejus.

2269 4257 2297 4286 ‹‹
2323 4233 2446 4290 Vox
2470 4229 2838 4298 clamantis,»
2862 4227 3148 4286 subaudis
3169 4223 3385 4283 Christi
3412 4240 3517 4298 per
3539 4222 3846 4288 Joannem,

2203 4347 2226 4375 α
2251 4323 2311 4379 in
2334 4323 2562 4378 deserto
2586 4342 2615 4370 »
2641 4318 2876 4374 Judaeae.
2911 4316 3170 4374 Joannes
3199 4331 3308 4372 vox
3337 4311 3690 4386 appellatur,
3712 4308 3852 4382 quia

2195 4413 2437 4469 verbum
2471 4407 2787 4483 praecessit.
2807 4404 2910 4464 Vel
2939 4404 3115 4467 etiam
3145 4421 3254 4461 vox
3275 4400 3488 4460 Christi
3519 4401 3593 4457 ad
3626 4403 3851 4473 aposto-

2197 4501 2287 4558 los
2317 4497 2626 4557 clamantis
2655 4496 2714 4551 in
2759 4497 2988 4552 deserto
3037 4495 3376 4552 Judaeorum
3423 4488 3514 4546 vel
3560 4487 3846 4562 gentium.

431 4582 758 4640 ministerio
801 4583 946 4639 casti
997 4581 1364 4638 exstiterunt.
1395 4582 1474 4638 De
1531 4581 1751 4638 talibus
1802 4583 2087 4644 Dominus
2116 4599 2164 4664 Ι)
2195 4592 2360 4650 Sicut
2386 4588 2545 4644 enim
2601 4587 2857 4643 Joannes
2912 4585 3153 4641 desertae
3185 4599 3252 4638 ac
3281 4580 3580 4638 destitute
3635 4576 3848 4634 -Ῐυάεε

431 4672 573 4728 dicit
598 4673 660 4728 in
689 4672 998 4744 Evangelio
1033 4688 1080 4726 :«
1117 4671 1285 4727 Multi
1319 4688 1381 4727 se
1417 4675 1822 4729 castraverunt
1853 4678 2089 4746 propter
2197 4683 2249 4739 cl
2257 4680 2508 4749 “nabat,
2524 4673 2929 4749 paenitentiam
2951 4672 3104 4747 agite
3126 4689 3138 4728 :
3159 4671 3244 4729 sic
3264 4667 3516 4744 apostoli
3539 4669 3600 4724 in
3622 4668 3850 4723 deserto

432 4777 682 4835 regnum
713 4761 811 4816 Dei
844 4760 1047 4834 (Matth.
1072 4764 1246 4830 δίνη.»

503 4872 531 4900 ‹‹
566 4848 692 4906 Fiat
710 4853 941 4906 tantum
973 4867 1140 4923 pax,»
1167 4854 1230 4904 ut
1257 4851 1396 4906 dum
1421 4850 1612 4907 vixero
1635 4869 1748 4908 non
1774 4851 2086 4926 impugner

431 4956 466 4996 a
495 4937 912 5007 Sennacherib,
937 4962 966 4988 «
999 4943 1056 4994 et
1083 4938 1320 5006 veritas,
1348 4961 1369 4990 ιι
1399 4939 1455 4994 id
1499 4944 1588 4995 est
1616 4957 1787 4996 verus
1829 4942 1928 4997 Dei
1960 4941 2082 4997 cul-

431 5031 550 5097 tus,
574 5051 603 5078 «
637 5027 696 5082 in
729 5025 934 5083 diebus
967 5027 1134 5083 meis.
1161 5049 1188 5077 »
1215 5031 1336 5082 Non
1389 5033 1560 5084 recte.
1597 5029 1886 5086 Debuerat
1924 5031 2080 5086 enim

431 5115 694 5175 conﬁteri
725 5122 1030 5190 peccatum
1052 5134 1227 5174 suum
1259 5122 1324 5172 ut
1355 5117 1556 5185 David,
1581 5121 1637 5173 et
1667 5118 1814 5174 iram
1849 5119 2080 5176 Domini

430 5222 696 5264 amovere
718 5223 752 5262 a
782 5207 1034 5278 posteris
1065 5206 1210 5274 suis,
1235 5210 1336 5261 aut
1365 5206 1640 5278 compati,
1664 5211 1728 5261 ut
1759 5207 1948 5264 Moses
1977 5226 2078 5282 po-

428 5295 839 5370 pulo,quando
861 5295 1050 5352 delere
1071 5313 1132 5352 se
1159 5295 1323 5369 petiit
1345 5297 1414 5351 de
1445 5294 1594 5350 libro
1624 5295 1753 5352 vitae
1784 5297 1858 5352 ob
1889 5297 2080 5354 scelus

429 5384 629 5458 populi
651 5385 724 5440 ad
749 5389 995 5440 mortem
1018 5384 1317 5453 destinati,
1343 5384 1616 5457 inquiens
1642 5400 1691 5442 ια
1713 5387 1828 5442 Aut
1848 5387 2080 5444 dimitte

429 5473 516 5529 eis
542 5473 694 5530 hanc
723 5491 954 5543 noxam,
989 5478 1090 5530 aut
1118 5474 1247 5531 dele
1279 5490 1370 5528 me
1411 5474 1481 5529 de
1531 5473 1678 5530 libro
1729 5492 1902 5548 quem
1936 5477 2078 5532 scri-

429 5560 603 5634 psisti
627 5563 816 5633 (Exod.
839 5565 1072 5632 xxxn).»
1104 5563 1355 5636 Ideoque
1386 5580 1500 5619 non
1537 5565 1839 5636 respondit
1867 5566 1918 5622 ei
1952 5567 2080 5624 Pro-

429 5648 626 5734 pheta,
650 5650 751 5709 eed
780 5667 982 5708 versus
1011 5654 1083 5709 ad
1117 5651 1401 5730 populum
1431 5652 1576 5708 dixit
1609 5670 1623 5710 :

2193 4767 2501 4846 gentilium
2531 4763 2927 4838 praedicabant
2945 4762 3190 4818 verbum
3221 4759 3450 4826 salutis,
3475 4757 3781 4814 audientes
3813 4769 3853 4846 a

2193 4842 2440 4916 Domino
2485 4872 2552 4910 :«
2605 4855 2845 4921 Euntes,
2896 4850 3206 4924 praedicate
3257 4847 3640 4922 Evangelium
3685 4842 3850 4901 omni

2192 4952 2471 5005 creaturae
2489 4943 2672 5016 (Marc.
2691 4944 2863 5011 xv1).»
2886 4961 2912 4992 α
2934 4941 3137 4996 Parate
3157 4939 3309 4996 viam
3334 4935 3631 5004 Domini,»
3653 4933 3709 4988 id
3733 4933 3848 4987 est.

2193 5035 2372 5093 talem
2395 5031 2793 5106 operationem
2823 5028 2992 5086 facite
3021 5032 3088 5084 ut
3114 5027 3231 5084 Deo
3261 5025 3514 5099 placeat,
3538 5028 3694 5080 recte
3721 5037 3854 5076 cre-

2191 5125 2380 5182 dendo
2401 5125 2456 5178 et
2475 5122 2622 5176 bene
2645 5119 2962 5192 operando,
2976 5122 3041 5173 ut
3059 5117 3186 5190 ipse
3206 5113 3613 5190 possitvenire
3633 5111 3704 5168 ad
3721 5125 3848 5166 vos.

2191 5237 2218 5264 ‹‹
2247 5213 2456 5269 Rectas
2487 5209 2658 5267 facite
2689 5208 2748 5263 in
2771 5206 3146 5275 solitudine,»
3169 5206 3227 5261 id
3250 5208 3360 5273 est,
3385 5205 3445 5260 in
3464 5205 3693 5260 deserto
3713 5214 3858 5272 gen-

2190 5302 2386 5358 tilium
2411 5323 2440 5351 ‹‹
2465 5299 2708 5356 semitas
2728 5297 2830 5354 Dei
2855 5299 3095 5365 nostri.»
3113 5296 3368 5352 Possunt
3389 5310 3507 5349 non
3528 5292 3852 5362 incongrue

2195 5409 2300 5466 per
2330 5389 2572 5448 semitas
2601 5386 2984 5461 cogitationes
3013 5383 3282 5458 intelligi,
3307 5382 3464 5440 sicut
3483 5386 3544 5438 et
3572 5376 3851 5466 per

2189 5465 2472 5548 actiones,
2497 5481 2554 5534 et
2594 5475 2673 5533 sit
2715 5491 2964 5532 sensus:
2989 5478 3054 5530 ut
3083 5473 3169 5530 illi
3201 5472 3302 5546 qui
3331 5471 3633 5529 Christum
3671 5465 3736 5521 ad
3777 5480 3853 5519 se

2187 5569 2382 5626 venire
2402 5569 2628 5642 optant,
2643 5582 2760 5622 non
2782 5564 2974 5622 solum
3000 5563 3120 5620 sint
3142 5562 3346 5620 mundi
3367 5568 3850 5634 corpore,verum

2187 5656 2364 5718 etiam
2395 5655 2586 5714 corde.
2612 5653 2950 5730 Praecipitur
2981 5657 3181 5712 autem
3220 5651 3330 5710 hoc
3372 5650 3491 5709 illis
3521 5647 3621 5725 qui
3651 5647 3708 5702 in
3735 5642 3852 5701 de-
