  <div class='ocr_page' id='page_1' title='image "/cluster/home/n/w/nwhite01/storage/ocr_20150623/116/hvd.32044054759808/461.png"; bbox 0 0 4090 6192; ppageno 0'>
   <div class='ocr_carea' id='block_1_1' title="bbox 445 355 582 448">
    <p class='ocr_par' dir='ltr' id='par_1_1' title="bbox 445 355 582 448">
     <span class='ocr_line' id='line_1_1' title="bbox 445 355 582 448; baseline -0.015 -29"><span class='ocrx_word' id='word_1_1' title='bbox 445 355 582 448; x_wconf 58' lang='lat'><strong>91,1,</strong></span> 
     </span>
    </p>
   </div>
   <div class='ocr_carea' id='block_1_2' title="bbox 447 478 2186 566">
    <p class='ocr_par' dir='ltr' id='par_1_2' title="bbox 447 478 2186 566">
     <span class='ocr_line' id='line_1_2' title="bbox 447 478 2186 566; baseline -0.005 -23"><span class='ocrx_word' id='word_1_2' title='bbox 447 487 636 560; x_wconf 72' lang='lat' dir='ltr'><strong>forma</strong></span> <span class='ocrx_word' id='word_1_3' title='bbox 663 481 938 556; x_wconf 82' lang='lat' dir='ltr'><strong>pastoris,</strong></span> <span class='ocrx_word' id='word_1_4' title='bbox 969 481 1122 536; x_wconf 80' lang='lat' dir='ltr'><strong>sicut</strong></span> <span class='ocrx_word' id='word_1_5' title='bbox 1152 479 1276 552; x_wconf 90' lang='lat' dir='ltr'><strong>ipse</strong></span> <span class='ocrx_word' id='word_1_6' title='bbox 1307 478 1451 534; x_wconf 87' lang='lat' dir='ltr'><strong>dicit</strong></span> <span class='ocrx_word' id='word_1_7' title='bbox 1484 496 1497 533; x_wconf 91' lang='lat'><strong>:</strong></span> <span class='ocrx_word' id='word_1_8' title='bbox 1534 501 1562 532; x_wconf 86' lang='grc'><em>‹‹</em></span> <span class='ocrx_word' id='word_1_9' title='bbox 1595 479 1714 550; x_wconf 86' lang='lat' dir='ltr'><strong>Ego</strong></span> <span class='ocrx_word' id='word_1_10' title='bbox 1746 495 1880 534; x_wconf 90' lang='lat' dir='ltr'><strong>sum</strong></span> <span class='ocrx_word' id='word_1_11' title='bbox 1903 481 2104 550; x_wconf 90' lang='lat' dir='ltr'><strong>pastor</strong></span> <span class='ocrx_word' id='word_1_12' title='bbox 2130 489 2186 566; x_wconf 66' lang='grc' dir='ltr'><strong>Α</strong></span> 
     </span>
    </p>
   </div>
   <div class='ocr_carea' id='block_1_3' title="bbox 448 567 2108 646">
    <p class='ocr_par' dir='ltr' id='par_1_3' title="bbox 448 567 2108 646">
     <span class='ocr_line' id='line_1_3' title="bbox 448 567 2108 646; baseline -0.004 -16"><span class='ocrx_word' id='word_1_13' title='bbox 448 571 821 646; x_wconf 74' lang='lat' dir='ltr'><strong>bonuonan.</strong></span> <span class='ocrx_word' id='word_1_14' title='bbox 855 569 930 644; x_wconf 72' lang='grc' dir='ltr'><strong>χ).</strong></span> <span class='ocrx_word' id='word_1_15' title='bbox 967 591 995 618; x_wconf 88' lang='grc'><strong>››</strong></span> <span class='ocrx_word' id='word_1_16' title='bbox 1029 569 1158 641; x_wconf 83' lang='lat' dir='ltr'><strong>Ipse</strong></span> <span class='ocrx_word' id='word_1_17' title='bbox 1189 572 1278 624; x_wconf 90' lang='lat' dir='ltr'><strong>est</strong></span> <span class='ocrx_word' id='word_1_18' title='bbox 1307 567 1464 622; x_wconf 91' lang='lat' dir='ltr'><strong>enim</strong></span> <span class='ocrx_word' id='word_1_19' title='bbox 1513 571 1714 638; x_wconf 82' lang='lat' dir='ltr'><strong>pastor</strong></span> <span class='ocrx_word' id='word_1_20' title='bbox 1763 567 1954 622; x_wconf 89' lang='lat' dir='ltr'><strong>bonus</strong></span> <span class='ocrx_word' id='word_1_21' title='bbox 2005 569 2108 639; x_wconf 91' lang='lat' dir='ltr'><strong>qui</strong></span> 
     </span>
    </p>
   </div>
   <div class='ocr_carea' id='block_1_4' title="bbox 449 653 2106 732">
    <p class='ocr_par' dir='ltr' id='par_1_4' title="bbox 449 653 2106 732">
     <span class='ocr_line' id='line_1_4' title="bbox 449 653 2106 732; baseline -0.005 -12"><span class='ocrx_word' id='word_1_22' title='bbox 449 679 607 732; x_wconf 83' lang='lat' dir='ltr'><strong>nunc</strong></span> <span class='ocrx_word' id='word_1_23' title='bbox 638 653 812 718; x_wconf 81' lang='lat' dir='ltr'><strong>faciat</strong></span> <span class='ocrx_word' id='word_1_24' title='bbox 839 657 1054 713; x_wconf 89' lang='lat' dir='ltr'><strong>electos</strong></span> <span class='ocrx_word' id='word_1_25' title='bbox 1085 674 1224 712; x_wconf 91' lang='lat' dir='ltr'><strong>suos</strong></span> <span class='ocrx_word' id='word_1_26' title='bbox 1257 674 1358 729; x_wconf 87' lang='lat' dir='ltr'><strong>per</strong></span> <span class='ocrx_word' id='word_1_27' title='bbox 1397 655 1612 711; x_wconf 88' lang='lat' dir='ltr'><strong>mentis</strong></span> <span class='ocrx_word' id='word_1_28' title='bbox 1660 654 2106 728; x_wconf 89' lang='lat' dir='ltr'><strong>contemplatio-</strong></span> 
     </span>
    </p>
   </div>
   <div class='ocr_carea' id='block_1_5' title="bbox 449 744 2104 816">
    <p class='ocr_par' dir='ltr' id='par_1_5' title="bbox 449 744 2104 816">
     <span class='ocr_line' id='line_1_5' title="bbox 449 744 2104 816; baseline -0.006 -7"><span class='ocrx_word' id='word_1_29' title='bbox 449 767 586 810; x_wconf 85' lang='lat' dir='ltr'><strong>nem</strong></span> <span class='ocrx_word' id='word_1_30' title='bbox 617 765 632 805; x_wconf 87' lang='lat'><strong>:</strong></span> <span class='ocrx_word' id='word_1_31' title='bbox 664 751 806 803; x_wconf 91' lang='lat' dir='ltr'><strong>tunc</strong></span> <span class='ocrx_word' id='word_1_32' title='bbox 836 763 970 802; x_wconf 88' lang='lat' dir='ltr'><strong>vero</strong></span> <span class='ocrx_word' id='word_1_33' title='bbox 1003 745 1243 801; x_wconf 73' lang='lat' dir='ltr'><strong>satiabit</strong></span> <span class='ocrx_word' id='word_1_34' title='bbox 1276 746 1530 816; x_wconf 80' lang='lat' dir='ltr'><strong>perfecta</strong></span> <span class='ocrx_word' id='word_1_35' title='bbox 1571 744 1816 812; x_wconf 75' lang='lat' dir='ltr'><strong>visione,</strong></span> <span class='ocrx_word' id='word_1_36' title='bbox 1850 745 2104 816; x_wconf 87' lang='lat' dir='ltr'><strong>primum</strong></span> 
     </span>
    </p>
   </div>
   <div class='ocr_carea' id='block_1_6' title="bbox 445 832 2104 910">
    <p class='ocr_par' dir='ltr' id='par_1_6' title="bbox 445 832 2104 910">
     <span class='ocr_line' id='line_1_6' title="bbox 445 832 2104 910; baseline -0.007 -10"><span class='ocrx_word' id='word_1_37' title='bbox 445 839 732 910; x_wconf 79' lang='lat' dir='ltr'><strong>docendo,</strong></span> <span class='ocrx_word' id='word_1_38' title='bbox 764 840 899 909; x_wconf 88' lang='lat' dir='ltr'><strong>post</strong></span> <span class='ocrx_word' id='word_1_39' title='bbox 929 835 1360 890; x_wconf 88' lang='lat' dir='ltr'><strong>introducendo</strong></span> <span class='ocrx_word' id='word_1_40' title='bbox 1391 835 1460 888; x_wconf 88' lang='lat' dir='ltr'><strong>ad</strong></span> <span class='ocrx_word' id='word_1_41' title='bbox 1494 834 1712 906; x_wconf 88' lang='lat' dir='ltr'><strong>gaudia</strong></span> <span class='ocrx_word' id='word_1_42' title='bbox 1741 840 2006 888; x_wconf 56' lang='lat' dir='ltr'><strong>aiternam</strong></span> <span class='ocrx_word' id='word_1_43' title='bbox 2044 832 2104 888; x_wconf 92' lang='lat' dir='ltr'><strong>ln</strong></span> 
     </span>
    </p>
   </div>
   <div class='ocr_carea' id='block_1_7' title="bbox 445 923 2107 994">
    <p class='ocr_par' dir='ltr' id='par_1_7' title="bbox 445 923 2107 994">
     <span class='ocr_line' id='line_1_7' title="bbox 445 923 2107 994; baseline -0.007 -5"><span class='ocrx_word' id='word_1_44' title='bbox 445 926 686 990; x_wconf 83' lang='lat' dir='ltr'><strong>brachio</strong></span> <span class='ocrx_word' id='word_1_45' title='bbox 717 943 844 994; x_wconf 90' lang='lat' dir='ltr'><strong>suo,</strong></span> <span class='ocrx_word' id='word_1_46' title='bbox 879 947 907 976; x_wconf 84' lang='lat'>»</span> <span class='ocrx_word' id='word_1_47' title='bbox 943 925 1053 980; x_wconf 92' lang='lat' dir='ltr'><strong>hoc</strong></span> <span class='ocrx_word' id='word_1_48' title='bbox 1087 929 1198 991; x_wconf 89' lang='lat' dir='ltr'><strong>est,</strong></span> <span class='ocrx_word' id='word_1_49' title='bbox 1228 923 1286 978; x_wconf 90' lang='lat' dir='ltr'><strong>in</strong></span> <span class='ocrx_word' id='word_1_50' title='bbox 1324 923 1664 978; x_wconf 89' lang='lat' dir='ltr'><strong>fortitudine</strong></span> <span class='ocrx_word' id='word_1_51' title='bbox 1695 941 1822 993; x_wconf 89' lang='lat' dir='ltr'><strong>sua,</strong></span> <span class='ocrx_word' id='word_1_52' title='bbox 1870 940 2107 989; x_wconf 79' lang='lat' dir='ltr'><strong>congre-</strong></span> 
     </span>
    </p>
   </div>
   <div class='ocr_carea' id='block_1_8' title="bbox 446 1011 2100 1092">
    <p class='ocr_par' dir='ltr' id='par_1_8' title="bbox 446 1011 2100 1092">
     <span class='ocr_line' id='line_1_8' title="bbox 446 1011 2100 1092; baseline -0.006 -18"><span class='ocrx_word' id='word_1_53' title='bbox 446 1015 844 1092; x_wconf 75' lang='lat' dir='ltr'><strong>gabitagnos,</strong></span> <span class='ocrx_word' id='word_1_54' title='bbox 873 1036 900 1062; x_wconf 85' lang='grc'><strong>››</strong></span> <span class='ocrx_word' id='word_1_55' title='bbox 931 1013 989 1067; x_wconf 88' lang='lat' dir='ltr'><strong>id</strong></span> <span class='ocrx_word' id='word_1_56' title='bbox 1021 1016 1107 1068; x_wconf 86' lang='lat' dir='ltr'><strong>est</strong></span> <span class='ocrx_word' id='word_1_57' title='bbox 1142 1011 1380 1084; x_wconf 89' lang='lat' dir='ltr'><strong>colliget</strong></span> <span class='ocrx_word' id='word_1_58' title='bbox 1409 1011 2100 1083; x_wconf 84' lang='lat' dir='ltr'><strong>simplices,mansuetos,</strong></span> 
     </span>
    </p>
   </div>
   <div class='ocr_carea' id='block_1_9' title="bbox 445 1097 2098 1174">
    <p class='ocr_par' dir='ltr' id='par_1_9' title="bbox 445 1097 2098 1174">
     <span class='ocr_line' id='line_1_9' title="bbox 445 1097 2098 1174; baseline -0.007 -9"><span class='ocrx_word' id='word_1_59' title='bbox 445 1097 506 1170; x_wconf 72' lang='lat' dir='ltr'><strong>et</strong></span> <span class='ocrx_word' id='word_1_60' title='bbox 531 1105 896 1174; x_wconf 74' lang='lat' dir='ltr'><strong>innocentes,</strong></span> <span class='ocrx_word' id='word_1_61' title='bbox 918 1106 975 1156; x_wconf 91' lang='lat' dir='ltr'><strong>et</strong></span> <span class='ocrx_word' id='word_1_62' title='bbox 1005 1101 1232 1156; x_wconf 88' lang='lat' dir='ltr'><strong>noviter</strong></span> <span class='ocrx_word' id='word_1_63' title='bbox 1254 1101 1322 1155; x_wconf 90' lang='lat' dir='ltr'><strong>ad</strong></span> <span class='ocrx_word' id='word_1_64' title='bbox 1359 1101 1535 1154; x_wconf 91' lang='lat' dir='ltr'><strong>ﬁdem</strong></span> <span class='ocrx_word' id='word_1_65' title='bbox 1567 1116 1734 1154; x_wconf 91' lang='lat' dir='ltr'><strong>suam</strong></span> <span class='ocrx_word' id='word_1_66' title='bbox 1765 1099 2060 1155; x_wconf 82' lang='lat' dir='ltr'><strong>venientes</strong></span> <span class='ocrx_word' id='word_1_67' title='bbox 2085 1115 2098 1154; x_wconf 91' lang='lat'>:</span> 
     </span>
    </p>
   </div>
   <div class='ocr_carea' id='block_1_10' title="bbox 445 1186 2099 1266">
    <p class='ocr_par' dir='ltr' id='par_1_10' title="bbox 445 1186 2099 1266">
     <span class='ocr_line' id='line_1_10' title="bbox 445 1186 2099 1266; baseline -0.008 -12"><span class='ocrx_word' id='word_1_68' title='bbox 445 1186 564 1253; x_wconf 80' lang='lat' dir='ltr'><strong>non</strong></span> <span class='ocrx_word' id='word_1_69' title='bbox 596 1191 882 1266; x_wconf 85' lang='lat' dir='ltr'><strong>superbos</strong></span> <span class='ocrx_word' id='word_1_70' title='bbox 915 1193 972 1245; x_wconf 91' lang='lat' dir='ltr'><strong>et</strong></span> <span class='ocrx_word' id='word_1_71' title='bbox 1001 1189 1282 1244; x_wconf 88' lang='lat' dir='ltr'><strong>tumidos.</strong></span> <span class='ocrx_word' id='word_1_72' title='bbox 1301 1212 1328 1236; x_wconf 88' lang='grc'><strong><em>‹‹</em></strong></span> <span class='ocrx_word' id='word_1_73' title='bbox 1359 1188 1421 1242; x_wconf 90' lang='lat' dir='ltr'><strong>In</strong></span> <span class='ocrx_word' id='word_1_74' title='bbox 1455 1187 1586 1243; x_wconf 87' lang='lat' dir='ltr'><strong>sinu</strong></span> <span class='ocrx_word' id='word_1_75' title='bbox 1621 1187 1901 1252; x_wconf 78' lang='lat' dir='ltr'><strong>suo,»hoc</strong></span> <span class='ocrx_word' id='word_1_76' title='bbox 1931 1191 2020 1243; x_wconf 90' lang='lat' dir='ltr'><strong>est</strong></span> <span class='ocrx_word' id='word_1_77' title='bbox 2041 1187 2099 1242; x_wconf 90' lang='lat' dir='ltr'><strong>in</strong></span> 
     </span>
    </p>
   </div>
   <div class='ocr_carea' id='block_1_11' title="bbox 445 1275 2098 1358">
    <p class='ocr_par' dir='ltr' id='par_1_11' title="bbox 445 1275 2098 1358">
     <span class='ocr_line' id='line_1_11' title="bbox 445 1275 2098 1358; baseline -0.005 -19"><span class='ocrx_word' id='word_1_78' title='bbox 445 1281 804 1358; x_wconf 77' lang='lat' dir='ltr'><strong>protectiene</strong></span> <span class='ocrx_word' id='word_1_79' title='bbox 836 1295 950 1333; x_wconf 91' lang='lat' dir='ltr'><strong>sua</strong></span> <span class='ocrx_word' id='word_1_80' title='bbox 975 1300 1002 1327; x_wconf 84' lang='lat'>«</span> <span class='ocrx_word' id='word_1_81' title='bbox 1034 1276 1252 1332; x_wconf 87' lang='lat' dir='ltr'><strong>levabit</strong></span> <span class='ocrx_word' id='word_1_82' title='bbox 1278 1275 1597 1332; x_wconf 75' lang='lat' dir='ltr'><strong>nsubaudis</strong></span> <span class='ocrx_word' id='word_1_83' title='bbox 1627 1275 1840 1332; x_wconf 87' lang='lat' dir='ltr'><strong>electos</strong></span> <span class='ocrx_word' id='word_1_84' title='bbox 1872 1293 2010 1332; x_wconf 90' lang='lat' dir='ltr'><strong>suos</strong></span> <span class='ocrx_word' id='word_1_85' title='bbox 2027 1277 2098 1332; x_wconf 91' lang='lat' dir='ltr'><strong>ad</strong></span> 
     </span>
    </p>
   </div>
   <div class='ocr_carea' id='block_1_12' title="bbox 447 1364 2126 1444">
    <p class='ocr_par' dir='ltr' id='par_1_12' title="bbox 447 1364 2126 1444">
     <span class='ocr_line' id='line_1_12' title="bbox 447 1364 2126 1444; baseline -0.002 -19"><span class='ocrx_word' id='word_1_86' title='bbox 447 1368 732 1444; x_wconf 64' lang='lat' dir='ltr'><strong>emlestia,</strong></span> <span class='ocrx_word' id='word_1_87' title='bbox 758 1367 859 1438; x_wconf 88' lang='lat' dir='ltr'><strong>qui</strong></span> <span class='ocrx_word' id='word_1_88' title='bbox 892 1364 1291 1421; x_wconf 90' lang='lat' dir='ltr'><strong>innocentiam</strong></span> <span class='ocrx_word' id='word_1_89' title='bbox 1323 1365 1457 1436; x_wconf 87' lang='lat' dir='ltr'><strong>agni</strong></span> <span class='ocrx_word' id='word_1_90' title='bbox 1488 1364 1796 1420; x_wconf 85' lang='lat' dir='ltr'><strong>imitantur</strong></span> <span class='ocrx_word' id='word_1_91' title='bbox 1827 1383 1840 1421; x_wconf 91' lang='lat'><strong>:</strong></span> <span class='ocrx_word' id='word_1_92' title='bbox 1877 1388 1905 1415; x_wconf 90' lang='grc'><strong>‹‹</strong></span> <span class='ocrx_word' id='word_1_93' title='bbox 1931 1366 2126 1421; x_wconf 87' lang='lat' dir='ltr'><strong>Fetas.</strong></span> 
     </span>
    </p>
   </div>
   <div class='ocr_carea' id='block_1_13' title="bbox 445 1453 2101 1534">
    <p class='ocr_par' dir='ltr' id='par_1_13' title="bbox 445 1453 2101 1534">
     <span class='ocr_line' id='line_1_13' title="bbox 445 1453 2101 1534; baseline -0.004 -17"><span class='ocrx_word' id='word_1_94' title='bbox 445 1459 575 1534; x_wconf 81' lang='lat' dir='ltr'><strong>ipse</strong></span> <span class='ocrx_word' id='word_1_95' title='bbox 602 1453 876 1531; x_wconf 83' lang='lat' dir='ltr'><strong>portabit.</strong></span> <span class='ocrx_word' id='word_1_96' title='bbox 895 1477 923 1504; x_wconf 87' lang='grc'><strong>››</strong></span> <span class='ocrx_word' id='word_1_97' title='bbox 956 1455 1061 1510; x_wconf 92' lang='lat' dir='ltr'><strong>Per</strong></span> <span class='ocrx_word' id='word_1_98' title='bbox 1094 1454 1240 1510; x_wconf 88' lang='lat' dir='ltr'><strong>fetas</strong></span> <span class='ocrx_word' id='word_1_99' title='bbox 1267 1471 1746 1524; x_wconf 89' lang='lat' dir='ltr'><strong>oves,possumus</strong></span> <span class='ocrx_word' id='word_1_100' title='bbox 1775 1453 2101 1528; x_wconf 83' lang='lat' dir='ltr'><strong>intelligere</strong></span> 
     </span>
    </p>
   </div>
   <div class='ocr_carea' id='block_1_14' title="bbox 446 1531 2100 1622">
    <p class='ocr_par' dir='ltr' id='par_1_14' title="bbox 446 1531 2100 1622">
     <span class='ocr_line' id='line_1_14' title="bbox 446 1531 2100 1622; baseline -0.004 -17"><span class='ocrx_word' id='word_1_101' title='bbox 446 1531 742 1622; x_wconf 70' lang='lat' dir='ltr'><strong>apostolos</strong></span> <span class='ocrx_word' id='word_1_102' title='bbox 772 1545 830 1600; x_wconf 89' lang='lat' dir='ltr'><strong>et</strong></span> <span class='ocrx_word' id='word_1_103' title='bbox 859 1541 1206 1616; x_wconf 83' lang='lat' dir='ltr'><strong>apostolicos</strong></span> <span class='ocrx_word' id='word_1_104' title='bbox 1236 1541 1556 1614; x_wconf 90' lang='lat' dir='ltr'><strong>viros,quid</strong></span> <span class='ocrx_word' id='word_1_105' title='bbox 1591 1541 1925 1613; x_wconf 84' lang='lat' dir='ltr'><strong>spirituales</strong></span> <span class='ocrx_word' id='word_1_106' title='bbox 1950 1542 2100 1599; x_wconf 91' lang='lat' dir='ltr'><strong>ﬁlios</strong></span> 
     </span>
    </p>
   </div>
   <div class='ocr_carea' id='block_1_15' title="bbox 448 1629 2100 1710">
    <p class='ocr_par' dir='ltr' id='par_1_15' title="bbox 448 1629 2100 1710">
     <span class='ocr_line' id='line_1_15' title="bbox 448 1629 2100 1710; baseline -0.007 -13"><span class='ocrx_word' id='word_1_107' title='bbox 448 1633 708 1710; x_wconf 78' lang='lat' dir='ltr'><strong>quotidie</strong></span> <span class='ocrx_word' id='word_1_108' title='bbox 738 1631 798 1687; x_wconf 92' lang='lat' dir='ltr'><strong>in</strong></span> <span class='ocrx_word' id='word_1_109' title='bbox 818 1631 1075 1687; x_wconf 78' lang='lat' dir='ltr'><strong>Ecclesia</strong></span> <span class='ocrx_word' id='word_1_110' title='bbox 1096 1631 1332 1704; x_wconf 91' lang='lat' dir='ltr'><strong>pariunt</strong></span> <span class='ocrx_word' id='word_1_111' title='bbox 1348 1648 1456 1686; x_wconf 91' lang='lat' dir='ltr'><strong>sua</strong></span> <span class='ocrx_word' id='word_1_112' title='bbox 1478 1629 2100 1703; x_wconf 74' lang='lat' dir='ltr'><strong>przedicatione,exem-</strong></span> 
     </span>
    </p>
   </div>
   <div class='ocr_carea' id='block_1_16' title="bbox 445 1719 2097 1798">
    <p class='ocr_par' dir='ltr' id='par_1_16' title="bbox 445 1719 2097 1798">
     <span class='ocr_line' id='line_1_16' title="bbox 445 1719 2097 1798; baseline -0.002 -20"><span class='ocrx_word' id='word_1_113' title='bbox 445 1721 561 1798; x_wconf 72' lang='lat' dir='ltr'><strong>piis</strong></span> <span class='ocrx_word' id='word_1_114' title='bbox 589 1725 647 1778; x_wconf 90' lang='lat' dir='ltr'><strong>et</strong></span> <span class='ocrx_word' id='word_1_115' title='bbox 666 1719 1052 1789; x_wconf 83' lang='lat' dir='ltr'><strong>miraculis,et</strong></span> <span class='ocrx_word' id='word_1_116' title='bbox 1071 1719 1263 1775; x_wconf 91' lang='lat' dir='ltr'><strong>adhuc</strong></span> <span class='ocrx_word' id='word_1_117' title='bbox 1283 1719 1622 1792; x_wconf 86' lang='lat' dir='ltr'><strong>parturiunt</strong></span> <span class='ocrx_word' id='word_1_118' title='bbox 1640 1719 1892 1776; x_wconf 83' lang='lat' dir='ltr'><strong>salutem</strong></span> <span class='ocrx_word' id='word_1_119' title='bbox 1913 1719 2097 1792; x_wconf 91' lang='lat' dir='ltr'><strong>pluri-</strong></span> 
     </span>
    </p>
   </div>
   <div class='ocr_carea' id='block_1_17' title="bbox 443 1798 2097 1881">
    <p class='ocr_par' dir='ltr' id='par_1_17' title="bbox 443 1798 2097 1881">
     <span class='ocr_line' id='line_1_17' title="bbox 443 1798 2097 1881; baseline -0.002 -13"><span class='ocrx_word' id='word_1_120' title='bbox 443 1798 762 1879; x_wconf 76' lang='lat' dir='ltr'><strong>morum,et</strong></span> <span class='ocrx_word' id='word_1_121' title='bbox 791 1805 999 1864; x_wconf 90' lang='lat' dir='ltr'><strong>dicunt</strong></span> <span class='ocrx_word' id='word_1_122' title='bbox 1029 1825 1162 1864; x_wconf 91' lang='lat' dir='ltr'><strong>cum</strong></span> <span class='ocrx_word' id='word_1_123' title='bbox 1193 1807 1470 1881; x_wconf 85' lang='lat' dir='ltr'><strong>Apostolo</strong></span> <span class='ocrx_word' id='word_1_124' title='bbox 1503 1824 1517 1863; x_wconf 88' lang='lat'><strong>:</strong></span> <span class='ocrx_word' id='word_1_125' title='bbox 1555 1829 1582 1858; x_wconf 84' lang='lat'><strong>«</strong></span> <span class='ocrx_word' id='word_1_126' title='bbox 1617 1807 1761 1863; x_wconf 84' lang='lat' dir='ltr'><strong>Fioli</strong></span> <span class='ocrx_word' id='word_1_127' title='bbox 1794 1808 1906 1864; x_wconf 90' lang='lat' dir='ltr'><strong>mei</strong></span> <span class='ocrx_word' id='word_1_128' title='bbox 1947 1825 2097 1880; x_wconf 90' lang='lat' dir='ltr'><strong>quos</strong></span> 
     </span>
    </p>
   </div>
   <div class='ocr_carea' id='block_1_18' title="bbox 443 1893 2097 1973">
    <p class='ocr_par' dir='ltr' id='par_1_18' title="bbox 443 1893 2097 1973">
     <span class='ocr_line' id='line_1_18' title="bbox 443 1893 2097 1973; baseline -0.004 -17"><span class='ocrx_word' id='word_1_129' title='bbox 443 1893 659 1968; x_wconf 82' lang='lat' dir='ltr'><strong>iterum</strong></span> <span class='ocrx_word' id='word_1_130' title='bbox 691 1897 950 1973; x_wconf 90' lang='lat' dir='ltr'><strong>parturio</strong></span> <span class='ocrx_word' id='word_1_131' title='bbox 983 1896 1122 1970; x_wconf 85' lang='lat' dir='ltr'><strong>(Gal.</strong></span> <span class='ocrx_word' id='word_1_132' title='bbox 1157 1901 1257 1966; x_wconf 78' lang='grc' dir='ltr'><strong>ιν).</strong></span> <span class='ocrx_word' id='word_1_133' title='bbox 1295 1919 1323 1945; x_wconf 92' lang='grc'><strong>››</strong></span> <span class='ocrx_word' id='word_1_134' title='bbox 1355 1897 1424 1951; x_wconf 88' lang='lat' dir='ltr'><strong>Et</strong></span> <span class='ocrx_word' id='word_1_135' title='bbox 1454 1896 1667 1950; x_wconf 89' lang='lat' dir='ltr'><strong>iterum</strong></span> <span class='ocrx_word' id='word_1_136' title='bbox 1706 1913 1758 1952; x_wconf 83' lang='grc'><strong>;‹‹</strong></span> <span class='ocrx_word' id='word_1_137' title='bbox 1791 1897 1898 1952; x_wconf 91' lang='lat' dir='ltr'><strong>Per</strong></span> <span class='ocrx_word' id='word_1_138' title='bbox 1919 1898 2097 1952; x_wconf 82' lang='lat' dir='ltr'><strong>Evan-</strong></span> 
     </span>
    </p>
   </div>
   <div class='ocr_carea' id='block_1_19' title="bbox 443 1973 1844 2068">
    <p class='ocr_par' dir='ltr' id='par_1_19' title="bbox 443 1973 1844 2068">
     <span class='ocr_line' id='line_1_19' title="bbox 443 1973 1844 2068; baseline -0.011 -19"><span class='ocrx_word' id='word_1_139' title='bbox 443 1977 690 2068; x_wconf 63' lang='lat' dir='ltr'><strong>gelium,</strong></span> <span class='ocrx_word' id='word_1_140' title='bbox 721 1973 932 2060; x_wconf 81' lang='lat' dir='ltr'><strong>inquit,</strong></span> <span class='ocrx_word' id='word_1_141' title='bbox 965 2002 1070 2059; x_wconf 90' lang='lat' dir='ltr'><strong>ego</strong></span> <span class='ocrx_word' id='word_1_142' title='bbox 1099 2002 1200 2040; x_wconf 92' lang='lat' dir='ltr'><strong>vos</strong></span> <span class='ocrx_word' id='word_1_143' title='bbox 1231 1984 1404 2058; x_wconf 86' lang='lat' dir='ltr'><strong>genui</strong></span> <span class='ocrx_word' id='word_1_144' title='bbox 1441 1984 1494 2057; x_wconf 84' lang='grc' dir='ltr'><strong>(Ι</strong></span> <span class='ocrx_word' id='word_1_145' title='bbox 1521 1986 1650 2041; x_wconf 85' lang='lat' dir='ltr'><strong>Cor.</strong></span> <span class='ocrx_word' id='word_1_146' title='bbox 1683 1985 1779 2058; x_wconf 84' lang='lat' dir='ltr'><strong>1v).</strong></span> <span class='ocrx_word' id='word_1_147' title='bbox 1817 2008 1844 2034; x_wconf 82' lang='grc'><strong>››</strong></span> 
     </span>
    </p>
   </div>
   <div class='ocr_carea' id='block_1_20' title="bbox 515 2073 2095 2146">
    <p class='ocr_par' dir='ltr' id='par_1_20' title="bbox 515 2073 2095 2146">
     <span class='ocr_line' id='line_1_20' title="bbox 515 2073 2095 2146; baseline 0 -18"><span class='ocrx_word' id='word_1_148' title='bbox 515 2075 691 2143; x_wconf 81' lang='lat' dir='ltr'><strong>«Quis</strong></span> <span class='ocrx_word' id='word_1_149' title='bbox 712 2091 955 2130; x_wconf 90' lang='lat' dir='ltr'><strong>mensus</strong></span> <span class='ocrx_word' id='word_1_150' title='bbox 985 2077 1075 2130; x_wconf 90' lang='lat' dir='ltr'><strong>est</strong></span> <span class='ocrx_word' id='word_1_151' title='bbox 1104 2073 1326 2146; x_wconf 83' lang='lat' dir='ltr'><strong>pugillo</strong></span> <span class='ocrx_word' id='word_1_152' title='bbox 1365 2090 1572 2145; x_wconf 88' lang='lat' dir='ltr'><strong>aquas,</strong></span> <span class='ocrx_word' id='word_1_153' title='bbox 1592 2077 1649 2129; x_wconf 92' lang='lat' dir='ltr'><strong>et</strong></span> <span class='ocrx_word' id='word_1_154' title='bbox 1671 2073 1846 2129; x_wconf 73' lang='lat' dir='ltr'><strong>cmlos</strong></span> <span class='ocrx_word' id='word_1_155' title='bbox 1869 2073 2095 2146; x_wconf 87' lang='lat' dir='ltr'><strong>psalmo</strong></span> 
     </span>
    </p>
   </div>
   <div class='ocr_carea' id='block_1_21' title="bbox 443 2161 2092 2243">
    <p class='ocr_par' dir='ltr' id='par_1_21' title="bbox 443 2161 2092 2243">
     <span class='ocr_line' id='line_1_21' title="bbox 443 2161 2092 2243; baseline -0.003 -21"><span class='ocrx_word' id='word_1_156' title='bbox 443 2163 825 2243; x_wconf 75' lang='lat' dir='ltr'><strong>ponderavit?</strong></span> <span class='ocrx_word' id='word_1_157' title='bbox 856 2185 885 2213; x_wconf 83' lang='lat'>»</span> <span class='ocrx_word' id='word_1_158' title='bbox 919 2162 1214 2236; x_wconf 89' lang='lat' dir='ltr'><strong>Pugillum</strong></span> <span class='ocrx_word' id='word_1_159' title='bbox 1247 2163 1563 2218; x_wconf 81' lang='lat' dir='ltr'><strong>contractis</strong></span> <span class='ocrx_word' id='word_1_160' title='bbox 1594 2161 1797 2236; x_wconf 80' lang='lat' dir='ltr'><strong>digitis</strong></span> <span class='ocrx_word' id='word_1_161' title='bbox 1827 2179 2092 2236; x_wconf 88' lang='lat' dir='ltr'><strong>pugnum</strong></span> 
     </span>
    </p>
   </div>
   <div class='ocr_carea' id='block_1_22' title="bbox 443 2251 2097 2330">
    <p class='ocr_par' dir='ltr' id='par_1_22' title="bbox 443 2251 2097 2330">
     <span class='ocr_line' id='line_1_22' title="bbox 443 2251 2097 2330; baseline -0.004 -19"><span class='ocrx_word' id='word_1_162' title='bbox 443 2255 717 2330; x_wconf 78' lang='lat' dir='ltr'><strong>dicimus.</strong></span> <span class='ocrx_word' id='word_1_163' title='bbox 769 2251 1007 2310; x_wconf 91' lang='lat' dir='ltr'><strong>Palmus</strong></span> <span class='ocrx_word' id='word_1_164' title='bbox 1054 2255 1250 2308; x_wconf 90' lang='lat' dir='ltr'><strong>autem</strong></span> <span class='ocrx_word' id='word_1_165' title='bbox 1300 2257 1390 2307; x_wconf 91' lang='lat' dir='ltr'><strong>est</strong></span> <span class='ocrx_word' id='word_1_166' title='bbox 1440 2255 1671 2306; x_wconf 81' lang='lat' dir='ltr'><strong>extenta</strong></span> <span class='ocrx_word' id='word_1_167' title='bbox 1711 2268 1940 2318; x_wconf 87' lang='lat' dir='ltr'><strong>manus,</strong></span> <span class='ocrx_word' id='word_1_168' title='bbox 1993 2267 2097 2323; x_wconf 91' lang='lat' dir='ltr'><strong>per</strong></span> 
     </span>
    </p>
   </div>
   <div class='ocr_carea' id='block_1_23' title="bbox 442 2324 2092 2418">
    <p class='ocr_par' dir='ltr' id='par_1_23' title="bbox 442 2324 2092 2418">
     <span class='ocr_line' id='line_1_23' title="bbox 442 2324 2092 2418; baseline -0.004 -17"><span class='ocrx_word' id='word_1_169' title='bbox 442 2324 844 2418; x_wconf 75' lang='lat' dir='ltr'><strong>transversum</strong></span> <span class='ocrx_word' id='word_1_170' title='bbox 898 2359 933 2398; x_wconf 91' lang='lat' dir='ltr'><strong>a</strong></span> <span class='ocrx_word' id='word_1_171' title='bbox 980 2340 1322 2397; x_wconf 78' lang='lat' dir='ltr'><strong>summitate</strong></span> <span class='ocrx_word' id='word_1_172' title='bbox 1355 2339 1584 2412; x_wconf 85' lang='lat' dir='ltr'><strong>pollicis</strong></span> <span class='ocrx_word' id='word_1_173' title='bbox 1617 2357 1804 2412; x_wconf 89' lang='lat' dir='ltr'><strong>usque</strong></span> <span class='ocrx_word' id='word_1_174' title='bbox 1835 2341 1906 2394; x_wconf 91' lang='lat' dir='ltr'><strong>ad</strong></span> <span class='ocrx_word' id='word_1_175' title='bbox 1929 2356 2092 2395; x_wconf 92' lang='lat' dir='ltr'><strong>sum-</strong></span> 
     </span>
    </p>
   </div>
   <div class='ocr_carea' id='block_1_24' title="bbox 443 2415 2091 2504">
    <p class='ocr_par' dir='ltr' id='par_1_24' title="bbox 443 2415 2091 2504">
     <span class='ocr_line' id='line_1_24' title="bbox 443 2415 2091 2504; baseline -0.002 -16"><span class='ocrx_word' id='word_1_176' title='bbox 443 2415 729 2504; x_wconf 45' lang='lat' dir='ltr'><strong>mitatem,</strong></span> <span class='ocrx_word' id='word_1_177' title='bbox 769 2430 1000 2487; x_wconf 88' lang='lat' dir='ltr'><strong>minimi</strong></span> <span class='ocrx_word' id='word_1_178' title='bbox 1051 2429 1244 2503; x_wconf 88' lang='lat' dir='ltr'><strong>digiti.</strong></span> <span class='ocrx_word' id='word_1_179' title='bbox 1295 2429 1577 2484; x_wconf 66' lang='lat' dir='ltr'><strong>Praedicta</strong></span> <span class='ocrx_word' id='word_1_180' title='bbox 1623 2433 1711 2485; x_wconf 89' lang='lat' dir='ltr'><strong>est</strong></span> <span class='ocrx_word' id='word_1_181' title='bbox 1758 2427 1938 2502; x_wconf 87' lang='lat' dir='ltr'><strong>igitur</strong></span> <span class='ocrx_word' id='word_1_182' title='bbox 1993 2447 2091 2484; x_wconf 93' lang='lat' dir='ltr'><strong>su-</strong></span> 
     </span>
    </p>
   </div>
   <div class='ocr_carea' id='block_1_25' title="bbox 443 2517 2094 2596">
    <p class='ocr_par' dir='ltr' id='par_1_25' title="bbox 443 2517 2094 2596">
     <span class='ocr_line' id='line_1_25' title="bbox 443 2517 2094 2596; baseline -0.004 -18"><span class='ocrx_word' id='word_1_183' title='bbox 443 2519 808 2596; x_wconf 20' lang='lat' dir='ltr'><strong>pralvocatio</strong></span> <span class='ocrx_word' id='word_1_184' title='bbox 855 2519 1144 2594; x_wconf 88' lang='lat' dir='ltr'><strong>gentium,</strong></span> <span class='ocrx_word' id='word_1_185' title='bbox 1193 2522 1251 2574; x_wconf 90' lang='lat' dir='ltr'><strong>et</strong></span> <span class='ocrx_word' id='word_1_186' title='bbox 1298 2517 1601 2573; x_wconf 86' lang='lat' dir='ltr'><strong>retributio</strong></span> <span class='ocrx_word' id='word_1_187' title='bbox 1652 2534 1874 2573; x_wconf 90' lang='lat' dir='ltr'><strong>earum.</strong></span> <span class='ocrx_word' id='word_1_188' title='bbox 1926 2517 2094 2573; x_wconf 89' lang='lat' dir='ltr'><strong>Nunc</strong></span> 
     </span>
    </p>
   </div>
   <div class='ocr_carea' id='block_1_26' title="bbox 441 2592 2091 2682">
    <p class='ocr_par' dir='ltr' id='par_1_26' title="bbox 441 2592 2091 2682">
     <span class='ocr_line' id='line_1_26' title="bbox 441 2592 2091 2682; baseline -0.004 -14"><span class='ocrx_word' id='word_1_189' title='bbox 441 2592 599 2682; x_wconf 70' lang='lat' dir='ltr'><strong>vero,</strong></span> <span class='ocrx_word' id='word_1_190' title='bbox 647 2627 719 2668; x_wconf 91' lang='lat' dir='ltr'><strong>ne</strong></span> <span class='ocrx_word' id='word_1_191' title='bbox 767 2592 981 2682; x_wconf 83' lang='lat' dir='ltr'><strong>aliquis</strong></span> <span class='ocrx_word' id='word_1_192' title='bbox 1031 2608 1320 2664; x_wconf 89' lang='lat' dir='ltr'><strong>difﬁderet</strong></span> <span class='ocrx_word' id='word_1_193' title='bbox 1366 2609 1438 2664; x_wconf 92' lang='lat' dir='ltr'><strong>de</strong></span> <span class='ocrx_word' id='word_1_194' title='bbox 1487 2608 1780 2664; x_wconf 87' lang='lat' dir='ltr'><strong>vocatione</strong></span> <span class='ocrx_word' id='word_1_195' title='bbox 1834 2607 2091 2677; x_wconf 88' lang='lat' dir='ltr'><strong>illarum,</strong></span> 
     </span>
    </p>
   </div>
   <div class='ocr_carea' id='block_1_27' title="bbox 443 2695 2092 2772">
    <p class='ocr_par' dir='ltr' id='par_1_27' title="bbox 443 2695 2092 2772">
     <span class='ocr_line' id='line_1_27' title="bbox 443 2695 2092 2772; baseline -0.004 -14"><span class='ocrx_word' id='word_1_196' title='bbox 443 2699 562 2770; x_wconf 72' lang='lat' dir='ltr'><strong>his,</strong></span> <span class='ocrx_word' id='word_1_197' title='bbox 586 2697 780 2772; x_wconf 83' lang='lat' dir='ltr'><strong>verbis</strong></span> <span class='ocrx_word' id='word_1_198' title='bbox 825 2696 1172 2772; x_wconf 87' lang='lat' dir='ltr'><strong>magnitudo</strong></span> <span class='ocrx_word' id='word_1_199' title='bbox 1221 2696 1484 2754; x_wconf 87' lang='lat' dir='ltr'><strong>vocantis</strong></span> <span class='ocrx_word' id='word_1_200' title='bbox 1529 2695 1894 2769; x_wconf 80' lang='lat' dir='ltr'><strong>exprimitur.</strong></span> <span class='ocrx_word' id='word_1_201' title='bbox 1927 2696 2092 2764; x_wconf 84' lang='lat' dir='ltr'><strong>Quod</strong></span> 
     </span>
    </p>
   </div>
   <div class='ocr_carea' id='block_1_28' title="bbox 442 2784 2093 2865">
    <p class='ocr_par' dir='ltr' id='par_1_28' title="bbox 442 2784 2093 2865">
     <span class='ocr_line' id='line_1_28' title="bbox 442 2784 2093 2865; baseline -0.004 -19"><span class='ocrx_word' id='word_1_202' title='bbox 442 2791 642 2865; x_wconf 69' lang='lat' dir='ltr'><strong>autem</strong></span> <span class='ocrx_word' id='word_1_203' title='bbox 697 2785 958 2862; x_wconf 86' lang='lat' dir='ltr'><strong>pngillus</strong></span> <span class='ocrx_word' id='word_1_204' title='bbox 1014 2785 1262 2842; x_wconf 90' lang='lat' dir='ltr'><strong>Domino</strong></span> <span class='ocrx_word' id='word_1_205' title='bbox 1311 2785 1696 2857; x_wconf 89' lang='lat' dir='ltr'><strong>omnipotenti</strong></span> <span class='ocrx_word' id='word_1_206' title='bbox 1745 2789 1803 2840; x_wconf 92' lang='lat' dir='ltr'><strong>et</strong></span> <span class='ocrx_word' id='word_1_207' title='bbox 1858 2784 2093 2857; x_wconf 89' lang='lat' dir='ltr'><strong>palmus</strong></span> 
     </span>
    </p>
   </div>
   <div class='ocr_carea' id='block_1_29' title="bbox 441 2871 2093 2948">
    <p class='ocr_par' dir='ltr' id='par_1_29' title="bbox 441 2871 2093 2948">
     <span class='ocr_line' id='line_1_29' title="bbox 441 2871 2093 2948; baseline -0.005 -12"><span class='ocrx_word' id='word_1_208' title='bbox 441 2875 778 2948; x_wconf 84' lang='lat' dir='ltr'><strong>ascribitur,</strong></span> <span class='ocrx_word' id='word_1_209' title='bbox 829 2893 945 2932; x_wconf 92' lang='lat' dir='ltr'><strong>non</strong></span> <span class='ocrx_word' id='word_1_210' title='bbox 995 2879 1085 2932; x_wconf 91' lang='lat' dir='ltr'><strong>est</strong></span> <span class='ocrx_word' id='word_1_211' title='bbox 1133 2873 1580 2948; x_wconf 88' lang='lat' dir='ltr'><strong>intelligendum</strong></span> <span class='ocrx_word' id='word_1_212' title='bbox 1641 2874 1798 2947; x_wconf 92' lang='lat' dir='ltr'><strong>quod</strong></span> <span class='ocrx_word' id='word_1_213' title='bbox 1845 2871 1942 2929; x_wconf 91' lang='lat' dir='ltr'><strong>ille</strong></span> <span class='ocrx_word' id='word_1_214' title='bbox 1990 2873 2093 2946; x_wconf 91' lang='lat' dir='ltr'><strong>qui</strong></span> 
     </span>
    </p>
   </div>
   <div class='ocr_carea' id='block_1_30' title="bbox 438 2950 2088 3044">
    <p class='ocr_par' dir='ltr' id='par_1_30' title="bbox 438 2950 2088 3044">
     <span class='ocr_line' id='line_1_30' title="bbox 438 2950 2088 3044; baseline -0.004 -19"><span class='ocrx_word' id='word_1_215' title='bbox 438 2950 686 3044; x_wconf 69' lang='lat' dir='ltr'><strong>spiritus</strong></span> <span class='ocrx_word' id='word_1_216' title='bbox 715 2968 805 3021; x_wconf 92' lang='lat' dir='ltr'><strong>est</strong></span> <span class='ocrx_word' id='word_1_217' title='bbox 832 2964 1094 3020; x_wconf 90' lang='lat' dir='ltr'><strong>humana</strong></span> <span class='ocrx_word' id='word_1_218' title='bbox 1123 2963 1338 3020; x_wconf 90' lang='lat' dir='ltr'><strong>habeat</strong></span> <span class='ocrx_word' id='word_1_219' title='bbox 1387 2963 1582 3019; x_wconf 90' lang='lat' dir='ltr'><strong>ofﬁcia</strong></span> <span class='ocrx_word' id='word_1_220' title='bbox 1629 2963 2028 3019; x_wconf 88' lang='lat' dir='ltr'><strong>membrorum</strong></span> <span class='ocrx_word' id='word_1_221' title='bbox 2074 2979 2088 3018; x_wconf 90' lang='lat'>:</span> 
     </span>
    </p>
   </div>
   <div class='ocr_carea' id='block_1_31' title="bbox 438 3043 2091 3129">
    <p class='ocr_par' dir='ltr' id='par_1_31' title="bbox 438 3043 2091 3129">
     <span class='ocr_line' id='line_1_31' title="bbox 438 3043 2091 3129; baseline -0.005 -14"><span class='ocrx_word' id='word_1_222' title='bbox 574 3054 842 3129; x_wconf 64' lang='lat' dir='ltr'><strong>quaedam</strong></span> <span class='ocrx_word' id='word_1_223' title='bbox 875 3056 964 3110; x_wconf 91' lang='lat' dir='ltr'><strong>est</strong></span> <span class='ocrx_word' id='word_1_224' title='bbox 991 3052 1340 3121; x_wconf 87' lang='lat' dir='ltr'><strong>similitudo,</strong></span> <span class='ocrx_word' id='word_1_225' title='bbox 1376 3053 1447 3108; x_wconf 91' lang='lat' dir='ltr'><strong>ad</strong></span> <span class='ocrx_word' id='word_1_226' title='bbox 1498 3051 1936 3125; x_wconf 86' lang='lat' dir='ltr'><strong>exprimendam</strong></span> <span class='ocrx_word' id='word_1_227' title='bbox 1989 3068 2091 3124; x_wconf 90' lang='lat' dir='ltr'><strong>po-</strong></span> 
     </span>
    </p>
   </div>
   <div class='ocr_carea' id='block_1_32' title="bbox 437 3121 2094 3220">
    <p class='ocr_par' dir='ltr' id='par_1_32' title="bbox 437 3121 2094 3220">
     <span class='ocr_line' id='line_1_32' title="bbox 437 3121 2094 3220; baseline -0.004 -17"><span class='ocrx_word' id='word_1_228' title='bbox 437 3121 636 3214; x_wconf 59' lang='lat' dir='ltr'><strong>tentia)</strong></span> <span class='ocrx_word' id='word_1_229' title='bbox 665 3144 795 3220; x_wconf 81' lang='lat' dir='ltr'><strong>ejus</strong></span> <span class='ocrx_word' id='word_1_230' title='bbox 826 3141 1466 3217; x_wconf 87' lang='lat' dir='ltr'><strong>magnitudinem.Quis</strong></span> <span class='ocrx_word' id='word_1_231' title='bbox 1495 3121 1652 3198; x_wconf 84' lang='lat' dir='ltr'><strong>enim</strong></span> <span class='ocrx_word' id='word_1_232' title='bbox 1679 3139 1871 3198; x_wconf 89' lang='lat' dir='ltr'><strong>metiri</strong></span> <span class='ocrx_word' id='word_1_233' title='bbox 1900 3121 2094 3214; x_wconf 75' lang='lat' dir='ltr'><strong>potest</strong></span> 
     </span>
    </p>
   </div>
   <div class='ocr_carea' id='block_1_33' title="bbox 818 343 3472 412">
    <p class='ocr_par' dir='ltr' id='par_1_33' title="bbox 818 343 3472 412">
     <span class='ocr_line' id='line_1_33' title="bbox 818 343 3472 412; baseline -0.002 0"><span class='ocrx_word' id='word_1_234' title='bbox 818 347 1229 412; x_wconf 82' lang='lat' dir='ltr'><strong>HAYMONIS</strong></span> <span class='ocrx_word' id='word_1_235' title='bbox 1273 345 1811 408; x_wconf 75' lang='lat' dir='ltr'><strong>HALBERSTA&#39;I‘.</strong></span> <span class='ocrx_word' id='word_1_236' title='bbox 1856 345 2107 408; x_wconf 89' lang='lat' dir='ltr'><strong>EPIST.</strong></span> <span class='ocrx_word' id='word_1_237' title='bbox 2152 345 2304 408; x_wconf 81' lang='lat' dir='ltr'><strong>OPP</strong></span> <span class='ocrx_word' id='word_1_238' title='bbox 2346 348 2552 410; x_wconf 82' lang='lat' dir='ltr'><strong>PARS</strong></span> <span class='ocrx_word' id='word_1_239' title='bbox 2598 347 2647 409; x_wconf 93' lang='grc' dir='ltr'><strong>Ι.</strong></span> <span class='ocrx_word' id='word_1_240' title='bbox 2697 382 2774 392; x_wconf 93' lang='lat'><strong>—</strong></span> <span class='ocrx_word' id='word_1_241' title='bbox 2817 346 3225 411; x_wconf 82' lang='lat' dir='ltr'><strong>COMMENT.</strong></span> <span class='ocrx_word' id='word_1_242' title='bbox 3271 343 3472 408; x_wconf 88' lang='lat' dir='ltr'><strong>BlBL.</strong></span> 
     </span>
    </p>
   </div>
   <div class='ocr_carea' id='block_1_34' title="bbox 3737 345 3863 418">
    <p class='ocr_par' dir='ltr' id='par_1_34' title="bbox 3737 345 3863 418">
     <span class='ocr_line' id='line_1_34' title="bbox 3737 345 3863 418; baseline -0.071 -10"><span class='ocrx_word' id='word_1_243' title='bbox 3737 345 3863 418; x_wconf 62' lang='lat'><strong>912.</strong></span> 
     </span>
    </p>
   </div>
   <div class='ocr_carea' id='block_1_35' title="bbox 2216 478 3860 552">
    <p class='ocr_par' dir='ltr' id='par_1_35' title="bbox 2216 478 3860 552">
     <span class='ocr_line' id='line_1_35' title="bbox 2216 478 3860 552; baseline -0.002 -17"><span class='ocrx_word' id='word_1_244' title='bbox 2216 479 2400 535; x_wconf 92' lang='lat' dir='ltr'><strong>Sicuti</strong></span> <span class='ocrx_word' id='word_1_245' title='bbox 2434 480 2665 536; x_wconf 90' lang='lat' dir='ltr'><strong>modica</strong></span> <span class='ocrx_word' id='word_1_246' title='bbox 2695 479 2852 538; x_wconf 89' lang='lat' dir='ltr'><strong>stilla</strong></span> <span class='ocrx_word' id='word_1_247' title='bbox 2867 498 2902 537; x_wconf 91' lang='lat' dir='ltr'><strong>a</strong></span> <span class='ocrx_word' id='word_1_248' title='bbox 2917 479 3106 538; x_wconf 77' lang='lat' dir='ltr'><strong>situla.</strong></span> <span class='ocrx_word' id='word_1_249' title='bbox 3123 478 3395 536; x_wconf 90' lang='lat' dir='ltr'><strong>decidens</strong></span> <span class='ocrx_word' id='word_1_250' title='bbox 3411 495 3445 534; x_wconf 92' lang='lat' dir='ltr'><strong>a</strong></span> <span class='ocrx_word' id='word_1_251' title='bbox 3463 479 3732 552; x_wconf 85' lang='lat' dir='ltr'><strong>portante</strong></span> <span class='ocrx_word' id='word_1_252' title='bbox 3759 493 3860 550; x_wconf 86' lang='lat' dir='ltr'><strong>pro</strong></span> 
     </span>
    </p>
   </div>
   <div class='ocr_carea' id='block_1_36' title="bbox 2219 567 3870 640">
    <p class='ocr_par' dir='ltr' id='par_1_36' title="bbox 2219 567 3870 640">
     <span class='ocr_line' id='line_1_36' title="bbox 2219 567 3870 640; baseline 0 -18"><span class='ocrx_word' id='word_1_253' title='bbox 2219 567 2401 624; x_wconf 88' lang='lat' dir='ltr'><strong>nihilo</strong></span> <span class='ocrx_word' id='word_1_254' title='bbox 2432 568 2686 638; x_wconf 90' lang='lat' dir='ltr'><strong>ducitur,</strong></span> <span class='ocrx_word' id='word_1_255' title='bbox 2723 591 2751 619; x_wconf 85' lang='lat'><strong>«</strong></span> <span class='ocrx_word' id='word_1_256' title='bbox 2777 573 2836 625; x_wconf 91' lang='lat' dir='ltr'><strong>et</strong></span> <span class='ocrx_word' id='word_1_257' title='bbox 2864 569 3018 626; x_wconf 88' lang='lat' dir='ltr'><strong>sicut</strong></span> <span class='ocrx_word' id='word_1_258' title='bbox 3046 571 3411 626; x_wconf 87' lang='lat' dir='ltr'><strong>momentum</strong></span> <span class='ocrx_word' id='word_1_259' title='bbox 3439 567 3870 640; x_wconf 66' lang='lat' dir='ltr'><strong>statcrzenquod</strong></span> 
     </span>
    </p>
   </div>
   <div class='ocr_carea' id='block_1_37' title="bbox 2215 653 3860 730">
    <p class='ocr_par' dir='ltr' id='par_1_37' title="bbox 2215 653 3860 730">
     <span class='ocr_line' id='line_1_37' title="bbox 2215 653 3860 730; baseline 0.001 -20"><span class='ocrx_word' id='word_1_260' title='bbox 2215 655 2324 710; x_wconf 89' lang='lat' dir='ltr'><strong>levi</strong></span> <span class='ocrx_word' id='word_1_261' title='bbox 2357 658 2611 729; x_wconf 89' lang='lat' dir='ltr'><strong>pondere</strong></span> <span class='ocrx_word' id='word_1_262' title='bbox 2643 656 2702 713; x_wconf 93' lang='lat' dir='ltr'><strong>in</strong></span> <span class='ocrx_word' id='word_1_263' title='bbox 2733 657 2909 713; x_wconf 86' lang='lat' dir='ltr'><strong>aliam</strong></span> <span class='ocrx_word' id='word_1_264' title='bbox 2929 661 3154 730; x_wconf 89' lang='lat' dir='ltr'><strong>partem</strong></span> <span class='ocrx_word' id='word_1_265' title='bbox 3177 655 3528 712; x_wconf 88' lang='lat' dir='ltr'><strong>declinatur:</strong></span> <span class='ocrx_word' id='word_1_266' title='bbox 3554 653 3639 712; x_wconf 89' lang='lat' dir='ltr'><strong>sic</strong></span> <span class='ocrx_word' id='word_1_267' title='bbox 3659 671 3860 717; x_wconf 84' lang='lat' dir='ltr'><strong>omnes</strong></span> 
     </span>
    </p>
   </div>
   <div class='ocr_carea' id='block_1_38' title="bbox 2215 743 3858 819">
    <p class='ocr_par' dir='ltr' id='par_1_38' title="bbox 2215 743 3858 819">
     <span class='ocr_line' id='line_1_38' title="bbox 2215 743 3858 819; baseline 0.001 -21"><span class='ocrx_word' id='word_1_268' title='bbox 2215 749 2420 816; x_wconf 88' lang='lat' dir='ltr'><strong>gentes</strong></span> <span class='ocrx_word' id='word_1_269' title='bbox 2450 745 2757 802; x_wconf 80' lang='lat' dir='ltr'><strong>aeternitati</strong></span> <span class='ocrx_word' id='word_1_270' title='bbox 2792 746 2892 802; x_wconf 90' lang='lat' dir='ltr'><strong>Dei</strong></span> <span class='ocrx_word' id='word_1_271' title='bbox 2924 749 3272 819; x_wconf 70' lang='lat' dir='ltr'><strong>comparata:</strong></span> <span class='ocrx_word' id='word_1_272' title='bbox 3303 762 3406 818; x_wconf 91' lang='lat' dir='ltr'><strong>pro</strong></span> <span class='ocrx_word' id='word_1_273' title='bbox 3439 743 3655 801; x_wconf 85' lang='lat' dir='ltr'><strong>nihilo«</strong></span> <span class='ocrx_word' id='word_1_274' title='bbox 3692 762 3858 817; x_wconf 55' lang='lat' dir='ltr'><strong>repus</strong></span> 
     </span>
    </p>
   </div>
   <div class='ocr_carea' id='block_1_39' title="bbox 2216 833 3860 892">
    <p class='ocr_par' dir='ltr' id='par_1_39' title="bbox 2216 833 3860 892">
     <span class='ocr_line' id='line_1_39' title="bbox 2216 833 3860 892; baseline 0.001 -5"><span class='ocrx_word' id='word_1_275' title='bbox 2216 837 2470 889; x_wconf 84' lang='lat' dir='ltr'><strong>tantur.»</strong></span> <span class='ocrx_word' id='word_1_276' title='bbox 2496 835 2858 891; x_wconf 88' lang='lat' dir='ltr'><strong>Momentum</strong></span> <span class='ocrx_word' id='word_1_277' title='bbox 2893 853 2927 892; x_wconf 90' lang='lat' dir='ltr'><strong>a</strong></span> <span class='ocrx_word' id='word_1_278' title='bbox 2958 840 3121 891; x_wconf 91' lang='lat' dir='ltr'><strong>motu</strong></span> <span class='ocrx_word' id='word_1_279' title='bbox 3153 833 3494 890; x_wconf 86' lang='lat' dir='ltr'><strong>dicitur.Est</strong></span> <span class='ocrx_word' id='word_1_280' title='bbox 3521 837 3724 889; x_wconf 90' lang='lat' dir='ltr'><strong>autem</strong></span> <span class='ocrx_word' id='word_1_281' title='bbox 3747 850 3860 889; x_wconf 85' lang='lat' dir='ltr'><strong>mo-</strong></span> 
     </span>
    </p>
   </div>
   <div class='ocr_carea' id='block_1_40' title="bbox 2215 921 3860 991">
    <p class='ocr_par' dir='ltr' id='par_1_40' title="bbox 2215 921 3860 991">
     <span class='ocr_line' id='line_1_40' title="bbox 2215 921 3860 991; baseline -0.001 -12"><span class='ocrx_word' id='word_1_282' title='bbox 2215 927 2480 979; x_wconf 85' lang='lat' dir='ltr'><strong>mentum</strong></span> <span class='ocrx_word' id='word_1_283' title='bbox 2504 923 2749 980; x_wconf 87' lang='lat' dir='ltr'><strong>minima</strong></span> <span class='ocrx_word' id='word_1_284' title='bbox 2770 923 3069 980; x_wconf 89' lang='lat' dir='ltr'><strong>inclinatio</strong></span> <span class='ocrx_word' id='word_1_285' title='bbox 3093 923 3338 991; x_wconf 69' lang='lat' dir='ltr'><strong>libraa,et</strong></span> <span class='ocrx_word' id='word_1_286' title='bbox 3356 921 3664 978; x_wconf 87' lang='lat' dir='ltr'><strong>celerrima</strong></span> <span class='ocrx_word' id='word_1_287' title='bbox 3681 921 3744 978; x_wconf 89' lang='lat' dir='ltr'><strong>in</strong></span> <span class='ocrx_word' id='word_1_288' title='bbox 3766 921 3860 978; x_wconf 84' lang='lat' dir='ltr'><strong>ali-</strong></span> 
     </span>
    </p>
   </div>
   <div class='ocr_carea' id='block_1_41' title="bbox 2212 1010 3857 1086">
    <p class='ocr_par' dir='ltr' id='par_1_41' title="bbox 2212 1010 3857 1086">
     <span class='ocr_line' id='line_1_41' title="bbox 2212 1010 3857 1086; baseline 0 -20"><span class='ocrx_word' id='word_1_289' title='bbox 2212 1026 2390 1082; x_wconf 88' lang='lat' dir='ltr'><strong>quam</strong></span> <span class='ocrx_word' id='word_1_290' title='bbox 2422 1016 2801 1084; x_wconf 73' lang='lat' dir='ltr'><strong>partem,quae</strong></span> <span class='ocrx_word' id='word_1_291' title='bbox 2832 1013 2899 1068; x_wconf 88' lang='lat' dir='ltr'><strong>ﬁt</strong></span> <span class='ocrx_word' id='word_1_292' title='bbox 2926 1029 2996 1069; x_wconf 80' lang='lat' dir='ltr'><strong>ex</strong></span> <span class='ocrx_word' id='word_1_293' title='bbox 3024 1028 3200 1086; x_wconf 90' lang='lat' dir='ltr'><strong>parvo</strong></span> <span class='ocrx_word' id='word_1_294' title='bbox 3233 1011 3504 1084; x_wconf 89' lang='lat' dir='ltr'><strong>pondere.</strong></span> <span class='ocrx_word' id='word_1_295' title='bbox 3537 1034 3567 1062; x_wconf 86' lang='grc'><strong>‹‹</strong></span> <span class='ocrx_word' id='word_1_296' title='bbox 3599 1011 3746 1066; x_wconf 84' lang='lat' dir='ltr'><strong>Ecce</strong></span> <span class='ocrx_word' id='word_1_297' title='bbox 3776 1010 3857 1067; x_wconf 92' lang='lat' dir='ltr'><strong>in-</strong></span> 
     </span>
    </p>
   </div>
   <div class='ocr_carea' id='block_1_42' title="bbox 2211 1097 3854 1174">
    <p class='ocr_par' dir='ltr' id='par_1_42' title="bbox 2211 1097 3854 1174">
     <span class='ocr_line' id='line_1_42' title="bbox 2211 1097 3854 1174; baseline 0.001 -21"><span class='ocrx_word' id='word_1_298' title='bbox 2211 1098 2354 1154; x_wconf 72' lang='lat' dir='ltr'><strong>sulae</strong></span> <span class='ocrx_word' id='word_1_299' title='bbox 2387 1123 2416 1150; x_wconf 87' lang='grc'><strong>››</strong></span> <span class='ocrx_word' id='word_1_300' title='bbox 2446 1101 2712 1157; x_wconf 90' lang='lat' dir='ltr'><strong>omnium</strong></span> <span class='ocrx_word' id='word_1_301' title='bbox 2741 1105 3029 1157; x_wconf 88' lang='lat' dir='ltr'><strong>terrarum</strong></span> <span class='ocrx_word' id='word_1_302' title='bbox 3061 1119 3190 1174; x_wconf 73' lang='lat' dir='ltr'><strong>qua:</strong></span> <span class='ocrx_word' id='word_1_303' title='bbox 3221 1101 3281 1156; x_wconf 90' lang='lat' dir='ltr'><strong>in</strong></span> <span class='ocrx_word' id='word_1_304' title='bbox 3312 1097 3659 1157; x_wconf 72' lang='lat' dir='ltr'><strong>fluminibus</strong></span> <span class='ocrx_word' id='word_1_305' title='bbox 3699 1103 3854 1168; x_wconf 89' lang='lat' dir='ltr'><strong>sunt,</strong></span> 
     </span>
    </p>
   </div>
   <div class='ocr_carea' id='block_1_43' title="bbox 2207 1185 3858 1262">
    <p class='ocr_par' dir='ltr' id='par_1_43' title="bbox 2207 1185 3858 1262">
     <span class='ocr_line' id='line_1_43' title="bbox 2207 1185 3858 1262; baseline 0.002 -22"><span class='ocrx_word' id='word_1_306' title='bbox 2207 1185 2296 1242; x_wconf 88' lang='lat' dir='ltr'><strong>vel</strong></span> <span class='ocrx_word' id='word_1_307' title='bbox 2324 1203 2527 1242; x_wconf 90' lang='lat' dir='ltr'><strong>omnes</strong></span> <span class='ocrx_word' id='word_1_308' title='bbox 2557 1192 2780 1261; x_wconf 87' lang='lat' dir='ltr'><strong>gentes,</strong></span> <span class='ocrx_word' id='word_1_309' title='bbox 2831 1192 2895 1243; x_wconf 87' lang='lat' dir='ltr'><strong>ut</strong></span> <span class='ocrx_word' id='word_1_310' title='bbox 2944 1205 3048 1262; x_wconf 89' lang='lat' dir='ltr'><strong>per</strong></span> <span class='ocrx_word' id='word_1_311' title='bbox 3091 1185 3320 1244; x_wconf 89' lang='lat' dir='ltr'><strong>insulas</strong></span> <span class='ocrx_word' id='word_1_312' title='bbox 3343 1191 3548 1261; x_wconf 82' lang='lat' dir='ltr'><strong>gentes</strong></span> <span class='ocrx_word' id='word_1_313' title='bbox 3573 1185 3858 1260; x_wconf 51' lang='lat' dir='ltr'><strong>intelligit:</strong></span> 
     </span>
    </p>
   </div>
   <div class='ocr_carea' id='block_1_44' title="bbox 2210 1276 3874 1351">
    <p class='ocr_par' dir='ltr' id='par_1_44' title="bbox 2210 1276 3874 1351">
     <span class='ocr_line' id='line_1_44' title="bbox 2210 1276 3874 1351; baseline 0.001 -21"><span class='ocrx_word' id='word_1_314' title='bbox 2210 1292 2399 1346; x_wconf 82' lang='lat' dir='ltr'><strong>mus,«</strong></span> <span class='ocrx_word' id='word_1_315' title='bbox 2434 1277 2603 1350; x_wconf 90' lang='lat' dir='ltr'><strong>quasi</strong></span> <span class='ocrx_word' id='word_1_316' title='bbox 2633 1277 2824 1350; x_wconf 88' lang='lat' dir='ltr'><strong>pulvis</strong></span> <span class='ocrx_word' id='word_1_317' title='bbox 2853 1277 3100 1351; x_wconf 80' lang='lat' dir='ltr'><strong>exiguus</strong></span> <span class='ocrx_word' id='word_1_318' title='bbox 3130 1276 3601 1350; x_wconf 73' lang='lat' dir='ltr'><strong>ncomparatione</strong></span> <span class='ocrx_word' id='word_1_319' title='bbox 3624 1276 3874 1348; x_wconf 48' lang='lat' dir='ltr'><strong>Dei,qui.</strong></span> 
     </span>
    </p>
   </div>
   <div class='ocr_carea' id='block_1_45' title="bbox 2206 1363 3853 1438">
    <p class='ocr_par' dir='ltr' id='par_1_45' title="bbox 2206 1363 3853 1438">
     <span class='ocr_line' id='line_1_45' title="bbox 2206 1363 3853 1438; baseline 0.001 -20"><span class='ocrx_word' id='word_1_320' title='bbox 2206 1363 2267 1420; x_wconf 90' lang='lat' dir='ltr'><strong>in</strong></span> <span class='ocrx_word' id='word_1_321' title='bbox 2298 1365 2460 1421; x_wconf 88' lang='lat' dir='ltr'><strong>radio</strong></span> <span class='ocrx_word' id='word_1_322' title='bbox 2487 1365 2627 1422; x_wconf 90' lang='lat' dir='ltr'><strong>solis</strong></span> <span class='ocrx_word' id='word_1_323' title='bbox 2657 1367 2904 1434; x_wconf 91' lang='lat' dir='ltr'><strong>videtur,</strong></span> <span class='ocrx_word' id='word_1_324' title='bbox 2954 1368 3012 1422; x_wconf 88' lang='lat' dir='ltr'><strong>et</strong></span> <span class='ocrx_word' id='word_1_325' title='bbox 3057 1366 3255 1438; x_wconf 84' lang='lat' dir='ltr'><strong>potius</strong></span> <span class='ocrx_word' id='word_1_326' title='bbox 3295 1365 3546 1422; x_wconf 89' lang='lat' dir='ltr'><strong>sentitur</strong></span> <span class='ocrx_word' id='word_1_327' title='bbox 3576 1365 3637 1421; x_wconf 89' lang='lat' dir='ltr'><strong>in</strong></span> <span class='ocrx_word' id='word_1_328' title='bbox 3670 1363 3853 1421; x_wconf 88' lang='lat' dir='ltr'><strong>oculis</strong></span> 
     </span>
    </p>
   </div>
   <div class='ocr_carea' id='block_1_46' title="bbox 2207 1453 2702 1524">
    <p class='ocr_par' dir='ltr' id='par_1_46' title="bbox 2207 1453 2702 1524">
     <span class='ocr_line' id='line_1_46' title="bbox 2207 1453 2702 1524; baseline 0.004 -16"><span class='ocrx_word' id='word_1_329' title='bbox 2207 1469 2385 1524; x_wconf 91' lang='lat' dir='ltr'><strong>quam</strong></span> <span class='ocrx_word' id='word_1_330' title='bbox 2415 1453 2702 1511; x_wconf 89' lang='lat' dir='ltr'><strong>videatur.</strong></span> 
     </span>
    </p>
   </div>
   <div class='ocr_carea' id='block_1_47' title="bbox 2279 1543 3876 1614">
    <p class='ocr_par' dir='ltr' id='par_1_47' title="bbox 2279 1543 3876 1614">
     <span class='ocr_line' id='line_1_47' title="bbox 2279 1543 3876 1614; baseline 0.001 -16"><span class='ocrx_word' id='word_1_331' title='bbox 2279 1543 2411 1598; x_wconf 84' lang='lat' dir='ltr'><strong>«Et</strong></span> <span class='ocrx_word' id='word_1_332' title='bbox 2461 1543 2718 1601; x_wconf 89' lang='lat' dir='ltr'><strong>Libanus</strong></span> <span class='ocrx_word' id='word_1_333' title='bbox 2767 1561 2883 1600; x_wconf 92' lang='lat' dir='ltr'><strong>non</strong></span> <span class='ocrx_word' id='word_1_334' title='bbox 2935 1543 3190 1601; x_wconf 89' lang='lat' dir='ltr'><strong>sufﬁciet</strong></span> <span class='ocrx_word' id='word_1_335' title='bbox 3235 1544 3308 1600; x_wconf 93' lang='lat' dir='ltr'><strong>ad</strong></span> <span class='ocrx_word' id='word_1_336' title='bbox 3358 1544 3751 1614; x_wconf 88' lang='lat' dir='ltr'><strong>suecendnm,</strong></span> <span class='ocrx_word' id='word_1_337' title='bbox 3807 1549 3876 1609; x_wconf 58' lang='lat' dir='ltr'><strong>et,</strong></span> 
     </span>
    </p>
   </div>
   <div class='ocr_carea' id='block_1_48' title="bbox 2207 1621 3875 1706">
    <p class='ocr_par' dir='ltr' id='par_1_48' title="bbox 2207 1621 3875 1706">
     <span class='ocr_line' id='line_1_48' title="bbox 2207 1621 3875 1706; baseline 0.002 -20"><span class='ocrx_word' id='word_1_338' title='bbox 2207 1629 2484 1688; x_wconf 86' lang='lat' dir='ltr'><strong>animalia</strong></span> <span class='ocrx_word' id='word_1_339' title='bbox 2513 1633 2642 1704; x_wconf 86' lang='lat' dir='ltr'><strong>ejus</strong></span> <span class='ocrx_word' id='word_1_340' title='bbox 2673 1633 2745 1689; x_wconf 91' lang='lat' dir='ltr'><strong>ad</strong></span> <span class='ocrx_word' id='word_1_341' title='bbox 2779 1631 3208 1690; x_wconf 87' lang='lat' dir='ltr'><strong>holocaustum.</strong></span> <span class='ocrx_word' id='word_1_342' title='bbox 3235 1654 3264 1683; x_wconf 83' lang='grc'><strong>››</strong></span> <span class='ocrx_word' id='word_1_343' title='bbox 3300 1632 3373 1690; x_wconf 88' lang='lat' dir='ltr'><strong>Ut</strong></span> <span class='ocrx_word' id='word_1_344' title='bbox 3403 1638 3630 1690; x_wconf 83' lang='lat' dir='ltr'><strong>revocet</strong></span> <span class='ocrx_word' id='word_1_345' title='bbox 3659 1621 3875 1706; x_wconf 40' lang='lat' dir='ltr'><strong>gentes;</strong></span> 
     </span>
    </p>
   </div>
   <div class='ocr_carea' id='block_1_49' title="bbox 2206 1718 3876 1796">
    <p class='ocr_par' dir='ltr' id='par_1_49' title="bbox 2206 1718 3876 1796">
     <span class='ocr_line' id='line_1_49' title="bbox 2206 1718 3876 1796; baseline 0.005 -22"><span class='ocrx_word' id='word_1_346' title='bbox 2206 1719 2278 1775; x_wconf 92' lang='lat' dir='ltr'><strong>ab</strong></span> <span class='ocrx_word' id='word_1_347' title='bbox 2312 1718 2660 1790; x_wconf 84' lang='lat' dir='ltr'><strong>idololatria,</strong></span> <span class='ocrx_word' id='word_1_348' title='bbox 2694 1721 2822 1778; x_wconf 90' lang='lat' dir='ltr'><strong>ideo</strong></span> <span class='ocrx_word' id='word_1_349' title='bbox 2875 1721 3016 1778; x_wconf 89' lang='lat' dir='ltr'><strong>talia</strong></span> <span class='ocrx_word' id='word_1_350' title='bbox 3063 1721 3347 1796; x_wconf 87' lang='lat' dir='ltr'><strong>loquitur.</strong></span> <span class='ocrx_word' id='word_1_351' title='bbox 3397 1720 3660 1778; x_wconf 87' lang='lat' dir='ltr'><strong>Libanus</strong></span> <span class='ocrx_word' id='word_1_352' title='bbox 3691 1738 3876 1793; x_wconf 64' lang='lat' dir='ltr'><strong>mons;</strong></span> 
     </span>
    </p>
   </div>
   <div class='ocr_carea' id='block_1_50' title="bbox 2207 1796 3875 1884">
    <p class='ocr_par' dir='ltr' id='par_1_50' title="bbox 2207 1796 3875 1884">
     <span class='ocr_line' id='line_1_50' title="bbox 2207 1796 3875 1884; baseline 0.003 -22"><span class='ocrx_word' id='word_1_353' title='bbox 2207 1811 2298 1864; x_wconf 91' lang='lat' dir='ltr'><strong>est</strong></span> <span class='ocrx_word' id='word_1_354' title='bbox 2318 1807 2480 1865; x_wconf 69' lang='lat' dir='ltr'><strong>mirae</strong></span> <span class='ocrx_word' id='word_1_355' title='bbox 2503 1809 3276 1882; x_wconf 86' lang='lat' dir='ltr'><strong>magnitudinis,uberrimis</strong></span> <span class='ocrx_word' id='word_1_356' title='bbox 3295 1809 3534 1884; x_wconf 79' lang='lat' dir='ltr'><strong>pascuis</strong></span> <span class='ocrx_word' id='word_1_357' title='bbox 3549 1796 3875 1880; x_wconf 37' lang='lat' dir='ltr'><strong>abundans.</strong></span> 
     </span>
    </p>
   </div>
   <div class='ocr_carea' id='block_1_51' title="bbox 2205 1896 3876 1976">
    <p class='ocr_par' dir='ltr' id='par_1_51' title="bbox 2205 1896 3876 1976">
     <span class='ocr_line' id='line_1_51' title="bbox 2205 1896 3876 1976; baseline 0.004 -24"><span class='ocrx_word' id='word_1_358' title='bbox 2205 1897 2376 1968; x_wconf 91' lang='lat' dir='ltr'><strong>cujus</strong></span> <span class='ocrx_word' id='word_1_359' title='bbox 2407 1897 2566 1970; x_wconf 90' lang='lat' dir='ltr'><strong>ligna</strong></span> <span class='ocrx_word' id='word_1_360' title='bbox 2593 1896 2792 1954; x_wconf 89' lang='lat' dir='ltr'><strong>omnia</strong></span> <span class='ocrx_word' id='word_1_361' title='bbox 2819 1901 2878 1954; x_wconf 91' lang='lat' dir='ltr'><strong>et</strong></span> <span class='ocrx_word' id='word_1_362' title='bbox 2897 1915 3110 1971; x_wconf 86' lang='lat' dir='ltr'><strong>pecora</strong></span> <span class='ocrx_word' id='word_1_363' title='bbox 3133 1897 3215 1956; x_wconf 88' lang='lat' dir='ltr'><strong>ibi</strong></span> <span class='ocrx_word' id='word_1_364' title='bbox 3247 1899 3697 1972; x_wconf 84' lang='lat' dir='ltr'><strong>pascentia,non</strong></span> <span class='ocrx_word' id='word_1_365' title='bbox 3719 1899 3876 1976; x_wconf 64' lang='lat' dir='ltr'><strong>satis;</strong></span> 
     </span>
    </p>
   </div>
   <div class='ocr_carea' id='block_1_52' title="bbox 2209 1986 3877 2061">
    <p class='ocr_par' dir='ltr' id='par_1_52' title="bbox 2209 1986 3877 2061">
     <span class='ocr_line' id='line_1_52' title="bbox 2209 1986 3877 2061; baseline 0.003 -20"><span class='ocrx_word' id='word_1_366' title='bbox 2209 2001 2338 2042; x_wconf 90' lang='lat' dir='ltr'><strong>esse</strong></span> <span class='ocrx_word' id='word_1_367' title='bbox 2369 1990 2594 2058; x_wconf 90' lang='lat' dir='ltr'><strong>queunt</strong></span> <span class='ocrx_word' id='word_1_368' title='bbox 2623 1986 2858 2042; x_wconf 91' lang='lat' dir='ltr'><strong>Domini</strong></span> <span class='ocrx_word' id='word_1_369' title='bbox 2906 1986 3233 2046; x_wconf 87' lang='lat' dir='ltr'><strong>sacriﬁciis.</strong></span> <span class='ocrx_word' id='word_1_370' title='bbox 3279 1988 3349 2042; x_wconf 89' lang='lat' dir='ltr'><strong>Et</strong></span> <span class='ocrx_word' id='word_1_371' title='bbox 3394 1991 3484 2044; x_wconf 89' lang='lat' dir='ltr'><strong>est</strong></span> <span class='ocrx_word' id='word_1_372' title='bbox 3531 1986 3877 2061; x_wconf 57' lang='lat' dir='ltr'><strong>similitudo,</strong></span> 
     </span>
    </p>
   </div>
   <div class='ocr_carea' id='block_1_53' title="bbox 2204 2075 3857 2146">
    <p class='ocr_par' dir='ltr' id='par_1_53' title="bbox 2204 2075 3857 2146">
     <span class='ocr_line' id='line_1_53' title="bbox 2204 2075 3857 2146; baseline 0.003 -17"><span class='ocrx_word' id='word_1_373' title='bbox 2204 2075 2495 2146; x_wconf 68' lang='lat' dir='ltr'><strong>quaedam.</strong></span> <span class='ocrx_word' id='word_1_374' title='bbox 2526 2075 2658 2132; x_wconf 83' lang='lat' dir='ltr'><strong>Acsi</strong></span> <span class='ocrx_word' id='word_1_375' title='bbox 2693 2075 2912 2132; x_wconf 90' lang='lat' dir='ltr'><strong>diceret</strong></span> <span class='ocrx_word' id='word_1_376' title='bbox 2939 2075 3072 2134; x_wconf 89' lang='lat' dir='ltr'><strong>aliis</strong></span> <span class='ocrx_word' id='word_1_377' title='bbox 3099 2075 3291 2134; x_wconf 80' lang='lat' dir='ltr'><strong>verbis</strong></span> <span class='ocrx_word' id='word_1_378' title='bbox 3323 2093 3338 2134; x_wconf 88' lang='lat'><strong>:</strong></span> <span class='ocrx_word' id='word_1_379' title='bbox 3370 2075 3562 2134; x_wconf 84' lang='lat' dir='ltr'><strong>Etiam</strong></span> <span class='ocrx_word' id='word_1_380' title='bbox 3595 2076 3650 2134; x_wconf 89' lang='lat' dir='ltr'><strong>si</strong></span> <span class='ocrx_word' id='word_1_381' title='bbox 3666 2076 3857 2136; x_wconf 83' lang='lat' dir='ltr'><strong>omnia</strong></span> 
     </span>
    </p>
   </div>
   <div class='ocr_carea' id='block_1_54' title="bbox 2202 2162 3876 2238">
    <p class='ocr_par' dir='ltr' id='par_1_54' title="bbox 2202 2162 3876 2238">
     <span class='ocr_line' id='line_1_54' title="bbox 2202 2162 3876 2238; baseline 0.002 -20"><span class='ocrx_word' id='word_1_382' title='bbox 2202 2162 2482 2219; x_wconf 90' lang='lat' dir='ltr'><strong>animalia</strong></span> <span class='ocrx_word' id='word_1_383' title='bbox 2511 2163 2974 2236; x_wconf 90' lang='lat' dir='ltr'><strong>immolaveritis,</strong></span> <span class='ocrx_word' id='word_1_384' title='bbox 3005 2170 3066 2222; x_wconf 89' lang='lat' dir='ltr'><strong>et</strong></span> <span class='ocrx_word' id='word_1_385' title='bbox 3104 2164 3267 2238; x_wconf 86' lang='lat' dir='ltr'><strong>ligna</strong></span> <span class='ocrx_word' id='word_1_386' title='bbox 3312 2165 3739 2224; x_wconf 86' lang='lat' dir='ltr'><strong>succenderitis</strong></span> <span class='ocrx_word' id='word_1_387' title='bbox 3787 2166 3876 2222; x_wconf 84' lang='lat' dir='ltr'><strong>ad.</strong></span> 
     </span>
    </p>
   </div>
   <div class='ocr_carea' id='block_1_55' title="bbox 2202 2252 3849 2328">
    <p class='ocr_par' dir='ltr' id='par_1_55' title="bbox 2202 2252 3849 2328">
     <span class='ocr_line' id='line_1_55' title="bbox 2202 2252 3849 2328; baseline 0.003 -21"><span class='ocrx_word' id='word_1_388' title='bbox 2202 2252 2600 2309; x_wconf 85' lang='lat' dir='ltr'><strong>comburenda</strong></span> <span class='ocrx_word' id='word_1_389' title='bbox 2629 2252 2992 2324; x_wconf 82' lang='lat' dir='ltr'><strong>holocausta,</strong></span> <span class='ocrx_word' id='word_1_390' title='bbox 3025 2271 3142 2311; x_wconf 91' lang='lat' dir='ltr'><strong>non</strong></span> <span class='ocrx_word' id='word_1_391' title='bbox 3191 2254 3487 2312; x_wconf 86' lang='lat' dir='ltr'><strong>sufﬁcient</strong></span> <span class='ocrx_word' id='word_1_392' title='bbox 3509 2257 3589 2312; x_wconf 85' lang='lat' dir='ltr'><strong>ad</strong></span> <span class='ocrx_word' id='word_1_393' title='bbox 3617 2254 3849 2328; x_wconf 73' lang='lat' dir='ltr'><strong>placari,-</strong></span> 
     </span>
    </p>
   </div>
   <div class='ocr_carea' id='block_1_56' title="bbox 2201 2341 3280 2416">
    <p class='ocr_par' dir='ltr' id='par_1_56' title="bbox 2201 2341 3280 2416">
     <span class='ocr_line' id='line_1_56' title="bbox 2201 2341 3280 2416; baseline 0.003 -20"><span class='ocrx_word' id='word_1_394' title='bbox 2201 2341 2339 2397; x_wconf 90' lang='lat' dir='ltr'><strong>dam</strong></span> <span class='ocrx_word' id='word_1_395' title='bbox 2370 2345 2545 2398; x_wconf 70' lang='lat' dir='ltr'><strong>tantaa</strong></span> <span class='ocrx_word' id='word_1_396' title='bbox 2575 2342 2905 2414; x_wconf 86' lang='lat' dir='ltr'><strong>majestatis</strong></span> <span class='ocrx_word' id='word_1_397' title='bbox 2936 2343 3280 2416; x_wconf 89' lang='lat' dir='ltr'><strong>potentiam.</strong></span> 
     </span>
    </p>
   </div>
   <div class='ocr_carea' id='block_1_57' title="bbox 2272 2429 3852 2506">
    <p class='ocr_par' dir='ltr' id='par_1_57' title="bbox 2272 2429 3852 2506">
     <span class='ocr_line' id='line_1_57' title="bbox 2272 2429 3852 2506; baseline 0.006 -26"><span class='ocrx_word' id='word_1_398' title='bbox 2272 2453 2301 2480; x_wconf 84' lang='lat'><strong>«</strong></span> <span class='ocrx_word' id='word_1_399' title='bbox 2332 2429 2550 2488; x_wconf 81' lang='lat' dir='ltr'><strong>Omnes</strong></span> <span class='ocrx_word' id='word_1_400' title='bbox 2577 2433 2804 2504; x_wconf 89' lang='lat' dir='ltr'><strong>gentes,</strong></span> <span class='ocrx_word' id='word_1_401' title='bbox 2833 2451 2862 2484; x_wconf 75' lang='grc' dir='ltr'><strong><em>ι</em></strong></span> <span class='ocrx_word' id='word_1_402' title='bbox 2897 2429 3182 2490; x_wconf 89' lang='lat' dir='ltr'><strong>subaudis</strong></span> <span class='ocrx_word' id='word_1_403' title='bbox 3214 2449 3340 2506; x_wconf 67' lang='lat' dir='ltr'><strong>quae</strong></span> <span class='ocrx_word' id='word_1_404' title='bbox 3370 2431 3482 2488; x_wconf 86' lang='lat' dir='ltr'><strong>sub</strong></span> <span class='ocrx_word' id='word_1_405' title='bbox 3511 2430 3661 2491; x_wconf 63' lang='lat' dir='ltr'><strong>caelo</strong></span> <span class='ocrx_word' id='word_1_406' title='bbox 3694 2438 3852 2503; x_wconf 72' lang='lat' dir='ltr'><strong>sunt,</strong></span> 
     </span>
    </p>
   </div>
   <div class='ocr_carea' id='block_1_58' title="bbox 2206 2505 3870 2594">
    <p class='ocr_par' dir='ltr' id='par_1_58' title="bbox 2206 2505 3870 2594">
     <span class='ocr_line' id='line_1_58' title="bbox 2206 2505 3870 2594; baseline 0.008 -24"><span class='ocrx_word' id='word_1_407' title='bbox 2206 2538 2234 2570; x_wconf 75' lang='grc' dir='ltr'><strong><em>α</em></strong></span> <span class='ocrx_word' id='word_1_408' title='bbox 2263 2519 2433 2592; x_wconf 90' lang='lat' dir='ltr'><strong>quasi</strong></span> <span class='ocrx_word' id='word_1_409' title='bbox 2467 2536 2581 2576; x_wconf 90' lang='lat' dir='ltr'><strong>non</strong></span> <span class='ocrx_word' id='word_1_410' title='bbox 2611 2519 2754 2589; x_wconf 88' lang='lat' dir='ltr'><strong>sint,</strong></span> <span class='ocrx_word' id='word_1_411' title='bbox 2785 2518 2869 2576; x_wconf 91' lang='lat' dir='ltr'><strong>sic</strong></span> <span class='ocrx_word' id='word_1_412' title='bbox 2895 2524 3038 2578; x_wconf 91' lang='lat' dir='ltr'><strong>sunt</strong></span> <span class='ocrx_word' id='word_1_413' title='bbox 3057 2563 3062 2566; x_wconf 92' lang='grc'><strong><em>-</em></strong></span> <span class='ocrx_word' id='word_1_414' title='bbox 3081 2505 3278 2579; x_wconf 86' lang='lat' dir='ltr'><strong>coram</strong></span> <span class='ocrx_word' id='word_1_415' title='bbox 3322 2537 3411 2591; x_wconf 83' lang='lat' dir='ltr'><strong>eo,</strong></span> <span class='ocrx_word' id='word_1_416' title='bbox 3447 2543 3478 2570; x_wconf 87' lang='lat'><strong>»</strong></span> <span class='ocrx_word' id='word_1_417' title='bbox 3508 2520 3620 2578; x_wconf 89' lang='lat' dir='ltr'><strong>hoc</strong></span> <span class='ocrx_word' id='word_1_418' title='bbox 3649 2527 3764 2594; x_wconf 84' lang='lat' dir='ltr'><strong>est,</strong></span> <span class='ocrx_word' id='word_1_419' title='bbox 3795 2505 3870 2584; x_wconf 33' lang='lat' dir='ltr'><strong>in:</strong></span> 
     </span>
    </p>
   </div>
   <div class='ocr_carea' id='block_1_59' title="bbox 2201 2607 3443 2686">
    <p class='ocr_par' dir='ltr' id='par_1_59' title="bbox 2201 2607 3443 2686">
     <span class='ocr_line' id='line_1_59' title="bbox 2201 2607 3443 2686; baseline 0.006 -22"><span class='ocrx_word' id='word_1_420' title='bbox 2201 2607 2636 2680; x_wconf 88' lang='lat' dir='ltr'><strong>comparatione</strong></span> <span class='ocrx_word' id='word_1_421' title='bbox 2667 2607 2826 2664; x_wconf 90' lang='lat' dir='ltr'><strong>illius</strong></span> <span class='ocrx_word' id='word_1_422' title='bbox 2855 2608 2956 2682; x_wconf 91' lang='lat' dir='ltr'><strong>qui</strong></span> <span class='ocrx_word' id='word_1_423' title='bbox 2987 2609 3188 2667; x_wconf 90' lang='lat' dir='ltr'><strong>omnia</strong></span> <span class='ocrx_word' id='word_1_424' title='bbox 3217 2609 3443 2686; x_wconf 76' lang='lat' dir='ltr'><strong>implet.</strong></span> 
     </span>
    </p>
   </div>
   <div class='ocr_carea' id='block_1_60' title="bbox 2275 2695 3851 2774">
    <p class='ocr_par' dir='ltr' id='par_1_60' title="bbox 2275 2695 3851 2774">
     <span class='ocr_line' id='line_1_60' title="bbox 2275 2695 3851 2774; baseline 0.003 -22"><span class='ocrx_word' id='word_1_425' title='bbox 2275 2718 2304 2747; x_wconf 85' lang='grc'><strong>‹‹</strong></span> <span class='ocrx_word' id='word_1_426' title='bbox 2335 2696 2439 2752; x_wconf 89' lang='lat' dir='ltr'><strong>Cui</strong></span> <span class='ocrx_word' id='word_1_427' title='bbox 2470 2713 2606 2770; x_wconf 91' lang='lat' dir='ltr'><strong>ergo</strong></span> <span class='ocrx_word' id='word_1_428' title='bbox 2638 2695 2894 2754; x_wconf 89' lang='lat' dir='ltr'><strong>similem</strong></span> <span class='ocrx_word' id='word_1_429' title='bbox 2926 2697 3146 2757; x_wconf 82' lang='lat' dir='ltr'><strong>fecistis</strong></span> <span class='ocrx_word' id='word_1_430' title='bbox 3177 2699 3698 2768; x_wconf 50' lang='lat' dir='ltr'><strong>Deumnvivummo</strong></span> <span class='ocrx_word' id='word_1_431' title='bbox 3721 2716 3851 2774; x_wconf 86' lang='lat' dir='ltr'><strong>gen-</strong></span> 
     </span>
    </p>
   </div>
   <div class='ocr_carea' id='block_1_61' title="bbox 2199 2783 3868 2862">
    <p class='ocr_par' dir='ltr' id='par_1_61' title="bbox 2199 2783 3868 2862">
     <span class='ocr_line' id='line_1_61' title="bbox 2199 2783 3868 2862; baseline 0.005 -21"><span class='ocrx_word' id='word_1_432' title='bbox 2199 2783 2352 2856; x_wconf 91' lang='lat' dir='ltr'><strong>tiles,</strong></span> <span class='ocrx_word' id='word_1_433' title='bbox 2368 2802 2438 2842; x_wconf 79' lang='lat' dir='ltr'><strong>ex</strong></span> <span class='ocrx_word' id='word_1_434' title='bbox 2463 2785 2740 2843; x_wconf 89' lang='lat' dir='ltr'><strong>omnibus</strong></span> <span class='ocrx_word' id='word_1_435' title='bbox 2770 2786 3106 2844; x_wconf 89' lang='lat' dir='ltr'><strong>simulacris</strong></span> <span class='ocrx_word' id='word_1_436' title='bbox 3131 2787 3656 2858; x_wconf 83' lang='lat' dir='ltr'><strong>manufactis,«aut</strong></span> <span class='ocrx_word' id='word_1_437' title='bbox 3673 2806 3868 2862; x_wconf 85' lang='lat' dir='ltr'><strong>quam.</strong></span> 
     </span>
    </p>
   </div>
   <div class='ocr_carea' id='block_1_62' title="bbox 2200 2873 3847 2952">
    <p class='ocr_par' dir='ltr' id='par_1_62' title="bbox 2200 2873 3847 2952">
     <span class='ocr_line' id='line_1_62' title="bbox 2200 2873 3847 2952; baseline 0.004 -23"><span class='ocrx_word' id='word_1_438' title='bbox 2200 2873 2518 2948; x_wconf 90' lang='lat' dir='ltr'><strong>imaginem</strong></span> <span class='ocrx_word' id='word_1_439' title='bbox 2552 2875 2780 2947; x_wconf 89' lang='lat' dir='ltr'><strong>ponetis</strong></span> <span class='ocrx_word' id='word_1_440' title='bbox 2810 2875 2862 2932; x_wconf 92' lang='lat' dir='ltr'><strong>ei</strong></span> <span class='ocrx_word' id='word_1_441' title='bbox 2913 2899 2942 2926; x_wconf 88' lang='lat'>»</span> <span class='ocrx_word' id='word_1_442' title='bbox 2989 2876 3266 2934; x_wconf 90' lang='lat' dir='ltr'><strong>omnibus</strong></span> <span class='ocrx_word' id='word_1_443' title='bbox 3312 2877 3428 2934; x_wconf 91' lang='lat' dir='ltr'><strong>diis</strong></span> <span class='ocrx_word' id='word_1_444' title='bbox 3467 2877 3704 2950; x_wconf 84' lang='lat' dir='ltr'><strong>vestris,</strong></span> <span class='ocrx_word' id='word_1_445' title='bbox 3756 2878 3847 2952; x_wconf 85' lang='lat' dir='ltr'><strong>qui</strong></span> 
     </span>
    </p>
   </div>
   <div class='ocr_carea' id='block_1_63' title="bbox 2201 2963 2606 3036">
    <p class='ocr_par' dir='ltr' id='par_1_63' title="bbox 2201 2963 2606 3036">
     <span class='ocr_line' id='line_1_63' title="bbox 2201 2963 2606 3036; baseline 0.002 -17"><span class='ocrx_word' id='word_1_446' title='bbox 2201 2963 2447 3036; x_wconf 90' lang='lat' dir='ltr'><strong>spiritus</strong></span> <span class='ocrx_word' id='word_1_447' title='bbox 2479 2965 2606 3021; x_wconf 83' lang='lat' dir='ltr'><strong>est?</strong></span> 
     </span>
    </p>
   </div>
   <div class='ocr_carea' id='block_1_64' title="bbox 2277 3053 3870 3128">
    <p class='ocr_par' dir='ltr' id='par_1_64' title="bbox 2277 3053 3870 3128">
     <span class='ocr_line' id='line_1_64' title="bbox 2277 3053 3870 3128; baseline 0.004 -24"><span class='ocrx_word' id='word_1_448' title='bbox 2277 3075 2306 3104; x_wconf 86' lang='grc'><strong>‹(</strong></span> <span class='ocrx_word' id='word_1_449' title='bbox 2337 3053 2616 3126; x_wconf 88' lang='lat' dir='ltr'><strong>Nunquid</strong></span> <span class='ocrx_word' id='word_1_450' title='bbox 2647 3053 2919 3128; x_wconf 90' lang='lat' dir='ltr'><strong>sculptile</strong></span> <span class='ocrx_word' id='word_1_451' title='bbox 2948 3055 3220 3112; x_wconf 87' lang='lat' dir='ltr'><strong>conﬂavit</strong></span> <span class='ocrx_word' id='word_1_452' title='bbox 3266 3054 3466 3118; x_wconf 81' lang='lat' dir='ltr'><strong>faber?</strong></span> <span class='ocrx_word' id='word_1_453' title='bbox 3494 3059 3600 3126; x_wconf 81' lang='lat' dir='ltr'><strong>aut</strong></span> <span class='ocrx_word' id='word_1_454' title='bbox 3631 3057 3870 3123; x_wconf 77' lang='lat' dir='ltr'><strong>aurifex_</strong></span> 
     </span>
    </p>
   </div>
   <div class='ocr_carea' id='block_1_65' title="bbox 2201 3140 3844 3217">
    <p class='ocr_par' dir='ltr' id='par_1_65' title="bbox 2201 3140 3844 3217">
     <span class='ocr_line' id='line_1_65' title="bbox 2201 3140 3844 3217; baseline 0.004 -21"><span class='ocrx_word' id='word_1_455' title='bbox 2201 3140 2474 3214; x_wconf 86' lang='lat' dir='ltr'><strong>ﬁguravit</strong></span> <span class='ocrx_word' id='word_1_456' title='bbox 2501 3141 2650 3202; x_wconf 90' lang='lat' dir='ltr'><strong>illud</strong></span> <span class='ocrx_word' id='word_1_457' title='bbox 2681 3165 2709 3193; x_wconf 86' lang='grc'><strong>››</strong></span> <span class='ocrx_word' id='word_1_458' title='bbox 2741 3142 3124 3199; x_wconf 89' lang='lat' dir='ltr'><strong>simulacrum</strong></span> <span class='ocrx_word' id='word_1_459' title='bbox 3157 3161 3321 3212; x_wconf 90' lang='lat' dir='ltr'><strong>auro,</strong></span> <span class='ocrx_word' id='word_1_460' title='bbox 3355 3149 3420 3200; x_wconf 91' lang='lat' dir='ltr'><strong>ut</strong></span> <span class='ocrx_word' id='word_1_461' title='bbox 3449 3144 3638 3217; x_wconf 92' lang='lat' dir='ltr'><strong>possil</strong></span> <span class='ocrx_word' id='word_1_462' title='bbox 3662 3143 3844 3203; x_wconf 82' lang='lat' dir='ltr'><strong>simile</strong></span> 
     </span>
    </p>
   </div>
   <div class='ocr_carea' id='block_1_66' title="bbox 438 3229 3841 3308">
    <p class='ocr_par' dir='ltr' id='par_1_66' title="bbox 438 3229 3841 3308">
     <span class='ocr_line' id='line_1_66' title="bbox 438 3229 3841 3308; baseline 0.001 -18"><span class='ocrx_word' id='word_1_463' title='bbox 438 3248 646 3302; x_wconf 81' lang='lat' dir='ltr'><strong>omnes</strong></span> <span class='ocrx_word' id='word_1_464' title='bbox 675 3231 878 3306; x_wconf 87' lang='lat' dir='ltr'><strong>aquas,</strong></span> <span class='ocrx_word' id='word_1_465' title='bbox 903 3236 1007 3288; x_wconf 91' lang='lat' dir='ltr'><strong>aut</strong></span> <span class='ocrx_word' id='word_1_466' title='bbox 1035 3231 1093 3286; x_wconf 91' lang='lat' dir='ltr'><strong>in</strong></span> <span class='ocrx_word' id='word_1_467' title='bbox 1125 3233 1378 3304; x_wconf 88' lang='lat' dir='ltr'><strong>pondere</strong></span> <span class='ocrx_word' id='word_1_468' title='bbox 1400 3231 1610 3286; x_wconf 82' lang='lat' dir='ltr'><strong>coelum</strong></span> <span class='ocrx_word' id='word_1_469' title='bbox 1645 3234 1976 3302; x_wconf 90' lang='lat' dir='ltr'><strong>terramque</strong></span> <span class='ocrx_word' id='word_1_470' title='bbox 2007 3247 2090 3286; x_wconf 87' lang='lat' dir='ltr'><strong>re-</strong></span> <span class='ocrx_word' id='word_1_471' title='bbox 2118 3237 2165 3306; x_wconf 70' lang='grc' dir='ltr'>α</span> <span class='ocrx_word' id='word_1_472' title='bbox 2199 3245 2328 3286; x_wconf 90' lang='lat' dir='ltr'><strong>esse</strong></span> <span class='ocrx_word' id='word_1_473' title='bbox 2357 3231 2473 3286; x_wconf 91' lang='lat' dir='ltr'><strong>Deo</strong></span> <span class='ocrx_word' id='word_1_474' title='bbox 2517 3231 2618 3303; x_wconf 92' lang='lat' dir='ltr'><strong>qui</strong></span> <span class='ocrx_word' id='word_1_475' title='bbox 2669 3231 2886 3305; x_wconf 90' lang='lat' dir='ltr'><strong>ubique</strong></span> <span class='ocrx_word' id='word_1_476' title='bbox 2932 3237 3056 3290; x_wconf 83' lang='lat' dir='ltr'><strong>est?</strong></span> <span class='ocrx_word' id='word_1_477' title='bbox 3102 3233 3236 3292; x_wconf 88' lang='lat' dir='ltr'><strong>Acsi</strong></span> <span class='ocrx_word' id='word_1_478' title='bbox 3274 3229 3494 3290; x_wconf 87' lang='lat' dir='ltr'><strong>diceret</strong></span> <span class='ocrx_word' id='word_1_479' title='bbox 3523 3250 3538 3290; x_wconf 89' lang='lat'>:</span> <span class='ocrx_word' id='word_1_480' title='bbox 3569 3233 3841 3308; x_wconf 78' lang='lat' dir='ltr'><strong>Nunquid</strong></span> 
     </span>
    </p>
   </div>
   <div class='ocr_carea' id='block_1_67' title="bbox 437 3319 2084 3400">
    <p class='ocr_par' dir='ltr' id='par_1_67' title="bbox 437 3319 2084 3400">
     <span class='ocr_line' id='line_1_67' title="bbox 437 3319 2084 3400; baseline -0.002 -22"><span class='ocrx_word' id='word_1_481' title='bbox 437 3320 674 3400; x_wconf 77' lang='lat' dir='ltr'><strong>digere?</strong></span> <span class='ocrx_word' id='word_1_482' title='bbox 701 3319 914 3378; x_wconf 87' lang='lat' dir='ltr'><strong>Nullus</strong></span> <span class='ocrx_word' id='word_1_483' title='bbox 943 3319 1072 3377; x_wconf 89' lang='lat' dir='ltr'><strong>nisi-</strong></span> <span class='ocrx_word' id='word_1_484' title='bbox 1106 3320 1156 3374; x_wconf 91' lang='lat' dir='ltr'><strong>is</strong></span> <span class='ocrx_word' id='word_1_485' title='bbox 1203 3319 1302 3392; x_wconf 90' lang='lat' dir='ltr'><strong>qui</strong></span> <span class='ocrx_word' id='word_1_486' title='bbox 1351 3336 1418 3375; x_wconf 89' lang='lat' dir='ltr'><strong>ex</strong></span> <span class='ocrx_word' id='word_1_487' title='bbox 1468 3319 1652 3374; x_wconf 87' lang='lat' dir='ltr'><strong>nihilo</strong></span> <span class='ocrx_word' id='word_1_488' title='bbox 1682 3319 1882 3375; x_wconf 89' lang='lat' dir='ltr'><strong>omnia</strong></span> <span class='ocrx_word' id='word_1_489' title='bbox 1929 3319 2084 3374; x_wconf 86' lang='lat' dir='ltr'><strong>fecit.</strong></span> 
     </span>
    </p>
   </div>
   <div class='ocr_carea' id='block_1_68' title="bbox 439 3407 2086 3488">
    <p class='ocr_par' dir='ltr' id='par_1_68' title="bbox 439 3407 2086 3488">
     <span class='ocr_line' id='line_1_68' title="bbox 439 3407 2086 3488; baseline 0.001 -26"><span class='ocrx_word' id='word_1_490' title='bbox 439 3407 644 3488; x_wconf 79' lang='lat' dir='ltr'><strong>«_Quis</strong></span> <span class='ocrx_word' id='word_1_491' title='bbox 673 3410 954 3484; x_wconf 89' lang='lat' dir='ltr'><strong>appendit</strong></span> <span class='ocrx_word' id='word_1_492' title='bbox 1000 3407 1190 3463; x_wconf 88' lang='lat' dir='ltr'><strong>tribus</strong></span> <span class='ocrx_word' id='word_1_493' title='bbox 1233 3407 1435 3480; x_wconf 88' lang='lat' dir='ltr'><strong>digitis</strong></span> <span class='ocrx_word' id='word_1_494' title='bbox 1485 3407 1696 3463; x_wconf 90' lang='lat' dir='ltr'><strong>molem</strong></span> <span class='ocrx_word' id='word_1_495' title='bbox 1747 3411 1934 3476; x_wconf 66' lang='lat' dir='ltr'><strong>terrae,</strong></span> <span class='ocrx_word' id='word_1_496' title='bbox 1971 3430 1999 3456; x_wconf 90' lang='grc'><strong>››</strong></span> <span class='ocrx_word' id='word_1_497' title='bbox 2028 3407 2086 3463; x_wconf 91' lang='lat' dir='ltr'><strong>id</strong></span> 
     </span>
    </p>
   </div>
   <div class='ocr_carea' id='block_1_69' title="bbox 437 3495 2090 3574">
    <p class='ocr_par' dir='ltr' id='par_1_69' title="bbox 437 3495 2090 3574">
     <span class='ocr_line' id='line_1_69' title="bbox 437 3495 2090 3574; baseline -0.001 -18"><span class='ocrx_word' id='word_1_498' title='bbox 437 3501 531 3574; x_wconf 75' lang='lat' dir='ltr'><strong>est</strong></span> <span class='ocrx_word' id='word_1_499' title='bbox 560 3497 695 3574; x_wconf 75' lang='lat' dir='ltr'><strong>quis</strong></span> <span class='ocrx_word' id='word_1_500' title='bbox 725 3495 1034 3570; x_wconf 89' lang='lat' dir='ltr'><strong>suspendit</strong></span> <span class='ocrx_word' id='word_1_501' title='bbox 1064 3499 1282 3552; x_wconf 89' lang='lat' dir='ltr'><strong>terram</strong></span> <span class='ocrx_word' id='word_1_502' title='bbox 1313 3513 1492 3568; x_wconf 88' lang='lat' dir='ltr'><strong>super</strong></span> <span class='ocrx_word' id='word_1_503' title='bbox 1537 3495 1812 3563; x_wconf 90' lang='lat' dir='ltr'><strong>nihilum,</strong></span> <span class='ocrx_word' id='word_1_504' title='bbox 1846 3495 1958 3552; x_wconf 90' lang='lat' dir='ltr'><strong>nisi</strong></span> <span class='ocrx_word' id='word_1_505' title='bbox 1991 3514 2090 3569; x_wconf 90' lang='lat' dir='ltr'><strong>po-</strong></span> 
     </span>
    </p>
   </div>
   <div class='ocr_carea' id='block_1_70' title="bbox 437 3571 2086 3659">
    <p class='ocr_par' dir='ltr' id='par_1_70' title="bbox 437 3571 2086 3659">
     <span class='ocr_line' id='line_1_70' title="bbox 437 3571 2086 3659; baseline -0.002 -14"><span class='ocrx_word' id='word_1_506' title='bbox 437 3571 620 3659; x_wconf 74' lang='lat' dir='ltr'><strong>testas</strong></span> <span class='ocrx_word' id='word_1_507' title='bbox 652 3571 982 3656; x_wconf 83' lang='lat' dir='ltr'><strong>Trinitatis,</strong></span> <span class='ocrx_word' id='word_1_508' title='bbox 1016 3585 1182 3640; x_wconf 90' lang='lat' dir='ltr'><strong>Pater</strong></span> <span class='ocrx_word' id='word_1_509' title='bbox 1229 3589 1286 3640; x_wconf 91' lang='lat' dir='ltr'><strong>et</strong></span> <span class='ocrx_word' id='word_1_510' title='bbox 1333 3583 1512 3641; x_wconf 84' lang='lat' dir='ltr'><strong>Filius</strong></span> <span class='ocrx_word' id='word_1_511' title='bbox 1543 3588 1601 3640; x_wconf 83' lang='lat' dir='ltr'><strong>et</strong></span> <span class='ocrx_word' id='word_1_512' title='bbox 1629 3584 1882 3657; x_wconf 90' lang='lat' dir='ltr'><strong>Spiritus</strong></span> <span class='ocrx_word' id='word_1_513' title='bbox 1913 3602 2086 3642; x_wconf 84' lang='lat' dir='ltr'><strong>sanc-</strong></span> 
     </span>
    </p>
   </div>
   <div class='ocr_carea' id='block_1_71' title="bbox 437 3661 2085 3755">
    <p class='ocr_par' dir='ltr' id='par_1_71' title="bbox 437 3661 2085 3755">
     <span class='ocr_line' id='line_1_71' title="bbox 437 3661 2085 3755; baseline -0.003 -19"><span class='ocrx_word' id='word_1_514' title='bbox 437 3661 578 3755; x_wconf 58' lang='lat' dir='ltr'><strong>tus?</strong></span> <span class='ocrx_word' id='word_1_515' title='bbox 621 3699 651 3726; x_wconf 86' lang='lat'><strong>«</strong></span> <span class='ocrx_word' id='word_1_516' title='bbox 699 3673 772 3731; x_wconf 86' lang='lat' dir='ltr'><strong>Et</strong></span> <span class='ocrx_word' id='word_1_517' title='bbox 813 3671 946 3746; x_wconf 91' lang='lat' dir='ltr'><strong>quis</strong></span> <span class='ocrx_word' id='word_1_518' title='bbox 993 3672 1247 3742; x_wconf 90' lang='lat' dir='ltr'><strong>libravit,</strong></span> <span class='ocrx_word' id='word_1_519' title='bbox 1303 3697 1330 3723; x_wconf 88' lang='grc'><strong>››</strong></span> <span class='ocrx_word' id='word_1_520' title='bbox 1373 3673 1429 3729; x_wconf 91' lang='lat' dir='ltr'><strong>id</strong></span> <span class='ocrx_word' id='word_1_521' title='bbox 1477 3679 1567 3731; x_wconf 88' lang='lat' dir='ltr'><strong>est</strong></span> <span class='ocrx_word' id='word_1_522' title='bbox 1609 3673 1917 3748; x_wconf 88' lang='lat' dir='ltr'><strong>suspendit</strong></span> <span class='ocrx_word' id='word_1_523' title='bbox 1950 3697 1971 3724; x_wconf 78' lang='grc' dir='ltr'>ι</span> <span class='ocrx_word' id='word_1_524' title='bbox 2026 3674 2085 3731; x_wconf 94' lang='lat' dir='ltr'><strong>in</strong></span> 
     </span>
    </p>
   </div>
   <div class='ocr_carea' id='block_1_72' title="bbox 435 3763 2084 3840">
    <p class='ocr_par' dir='ltr' id='par_1_72' title="bbox 435 3763 2084 3840">
     <span class='ocr_line' id='line_1_72' title="bbox 435 3763 2084 3840; baseline -0.001 -19"><span class='ocrx_word' id='word_1_525' title='bbox 435 3765 692 3840; x_wconf 79' lang='lat' dir='ltr'><strong>pondere</strong></span> <span class='ocrx_word' id='word_1_526' title='bbox 738 3766 987 3833; x_wconf 88' lang='lat' dir='ltr'><strong>montes,</strong></span> <span class='ocrx_word' id='word_1_527' title='bbox 1038 3767 1098 3820; x_wconf 91' lang='lat' dir='ltr'><strong>et</strong></span> <span class='ocrx_word' id='word_1_528' title='bbox 1143 3763 1319 3820; x_wconf 92' lang='lat' dir='ltr'><strong>colles</strong></span> <span class='ocrx_word' id='word_1_529' title='bbox 1368 3763 1427 3820; x_wconf 90' lang='lat' dir='ltr'><strong>in</strong></span> <span class='ocrx_word' id='word_1_530' title='bbox 1478 3767 1712 3834; x_wconf 90' lang='lat' dir='ltr'><strong>statera,</strong></span> <span class='ocrx_word' id='word_1_531' title='bbox 1749 3787 1777 3814; x_wconf 84' lang='lat'>»</span> <span class='ocrx_word' id='word_1_532' title='bbox 1810 3764 1867 3820; x_wconf 92' lang='lat' dir='ltr'><strong>id</strong></span> <span class='ocrx_word' id='word_1_533' title='bbox 1907 3765 2084 3820; x_wconf 88' lang='lat' dir='ltr'><strong>estin</strong></span> 
     </span>
    </p>
   </div>
   <div class='ocr_carea' id='block_1_73' title="bbox 435 3839 950 3936">
    <p class='ocr_par' dir='ltr' id='par_1_73' title="bbox 435 3839 950 3936">
     <span class='ocr_line' id='line_1_73' title="bbox 435 3839 950 3936; baseline -0.008 -24"><span class='ocrx_word' id='word_1_534' title='bbox 435 3839 670 3936; x_wconf 69' lang='lat' dir='ltr'><strong>pondus</strong></span> <span class='ocrx_word' id='word_1_535' title='bbox 689 3851 950 3927; x_wconf 85' lang='lat' dir='ltr'><strong>redegit?</strong></span> 
     </span>
    </p>
   </div>
   <div class='ocr_carea' id='block_1_74' title="bbox 506 3941 2086 4015">
    <p class='ocr_par' dir='ltr' id='par_1_74' title="bbox 506 3941 2086 4015">
     <span class='ocr_line' id='line_1_74' title="bbox 506 3941 2086 4015; baseline 0.001 -18"><span class='ocrx_word' id='word_1_536' title='bbox 506 3941 724 4012; x_wconf 70' lang='lat' dir='ltr'><strong>«&#39;Quis</strong></span> <span class='ocrx_word' id='word_1_537' title='bbox 772 3941 998 4014; x_wconf 89' lang='lat' dir='ltr'><strong>adjuvit</strong></span> <span class='ocrx_word' id='word_1_538' title='bbox 1038 3941 1312 4015; x_wconf 88' lang='lat' dir='ltr'><strong>spiritum</strong></span> <span class='ocrx_word' id='word_1_539' title='bbox 1377 3941 1632 4010; x_wconf 89' lang='lat' dir='ltr'><strong>Domini,</strong></span> <span class='ocrx_word' id='word_1_540' title='bbox 1683 3941 1743 3998; x_wconf 92' lang='lat' dir='ltr'><strong>in</strong></span> <span class='ocrx_word' id='word_1_541' title='bbox 1791 3941 2086 3998; x_wconf 89' lang='lat' dir='ltr'><strong>creatione</strong></span> 
     </span>
    </p>
   </div>
   <div class='ocr_carea' id='block_1_75' title="bbox 431 4031 2087 4104">
    <p class='ocr_par' dir='ltr' id='par_1_75' title="bbox 431 4031 2087 4104">
     <span class='ocr_line' id='line_1_75' title="bbox 431 4031 2087 4104; baseline -0.002 -14"><span class='ocrx_word' id='word_1_542' title='bbox 431 4031 657 4102; x_wconf 78' lang='lat' dir='ltr'><strong>scilicet</strong></span> <span class='ocrx_word' id='word_1_543' title='bbox 683 4031 878 4089; x_wconf 89' lang='lat' dir='ltr'><strong>omnis</strong></span> <span class='ocrx_word' id='word_1_544' title='bbox 923 4035 1223 4102; x_wconf 66' lang='lat' dir='ltr'><strong>creaturae,</strong></span> <span class='ocrx_word' id='word_1_545' title='bbox 1269 4049 1396 4104; x_wconf 71' lang='lat' dir='ltr'><strong>qua:</strong></span> <span class='ocrx_word' id='word_1_546' title='bbox 1445 4033 1598 4088; x_wconf 90' lang='lat' dir='ltr'><strong>trina</strong></span> <span class='ocrx_word' id='word_1_547' title='bbox 1645 4033 1949 4104; x_wconf 85' lang='lat' dir='ltr'><strong>majestate</strong></span> <span class='ocrx_word' id='word_1_548' title='bbox 1997 4034 2087 4087; x_wconf 91' lang='lat' dir='ltr'><strong>est</strong></span> 
     </span>
    </p>
   </div>
   <div class='ocr_carea' id='block_1_76' title="bbox 430 4107 2082 4200">
    <p class='ocr_par' dir='ltr' id='par_1_76' title="bbox 430 4107 2082 4200">
     <span class='ocr_line' id='line_1_76' title="bbox 430 4107 2082 4200; baseline -0.002 -22"><span class='ocrx_word' id='word_1_549' title='bbox 430 4107 624 4200; x_wconf 63' lang='lat' dir='ltr'><strong>facta?</strong></span> <span class='ocrx_word' id='word_1_550' title='bbox 647 4119 883 4194; x_wconf 83' lang='lat' dir='ltr'><strong>Nullus.</strong></span> <span class='ocrx_word' id='word_1_551' title='bbox 936 4119 1037 4175; x_wconf 86' lang='lat' dir='ltr'><strong>Ille</strong></span> <span class='ocrx_word' id='word_1_552' title='bbox 1073 4121 1232 4176; x_wconf 90' lang='lat' dir='ltr'><strong>enim</strong></span> <span class='ocrx_word' id='word_1_553' title='bbox 1263 4121 1364 4193; x_wconf 91' lang='lat' dir='ltr'><strong>qui</strong></span> <span class='ocrx_word' id='word_1_554' title='bbox 1395 4121 1496 4176; x_wconf 92' lang='lat' dir='ltr'><strong>dat</strong></span> <span class='ocrx_word' id='word_1_555' title='bbox 1541 4121 1944 4176; x_wconf 89' lang='lat' dir='ltr'><strong>fortitudinem</strong></span> <span class='ocrx_word' id='word_1_556' title='bbox 1975 4119 2082 4176; x_wconf 86' lang='lat' dir='ltr'><strong>fel-</strong></span> 
     </span>
    </p>
   </div>
   <div class='ocr_carea' id='block_1_77' title="bbox 431 4205 2082 4281">
    <p class='ocr_par' dir='ltr' id='par_1_77' title="bbox 431 4205 2082 4281">
     <span class='ocr_line' id='line_1_77' title="bbox 431 4205 2082 4281; baseline 0 -17"><span class='ocrx_word' id='word_1_557' title='bbox 431 4205 791 4276; x_wconf 43' lang='lat' dir='ltr'><strong>lis,,nulliu,s</strong></span> <span class='ocrx_word' id='word_1_558' title='bbox 837 4205 1063 4280; x_wconf 88' lang='lat' dir='ltr'><strong>indiget</strong></span> <span class='ocrx_word' id='word_1_559' title='bbox 1107 4208 1342 4263; x_wconf 86' lang='lat' dir='ltr'><strong>auxilio.</strong></span> <span class='ocrx_word' id='word_1_560' title='bbox 1399 4228 1421 4256; x_wconf 78' lang='grc' dir='ltr'>ι</span> <span class='ocrx_word' id='word_1_561' title='bbox 1467 4211 1584 4265; x_wconf 87' lang='lat' dir='ltr'><strong>Aut</strong></span> <span class='ocrx_word' id='word_1_562' title='bbox 1628 4208 1762 4281; x_wconf 90' lang='lat' dir='ltr'><strong>quis</strong></span> <span class='ocrx_word' id='word_1_563' title='bbox 1810 4207 2082 4266; x_wconf 87' lang='lat' dir='ltr'><strong>consilia-</strong></span> 
     </span>
    </p>
   </div>
   <div class='ocr_carea' id='block_1_78' title="bbox 431 4281 2079 4369">
    <p class='ocr_par' dir='ltr' id='par_1_78' title="bbox 431 4281 2079 4369">
     <span class='ocr_line' id='line_1_78' title="bbox 431 4281 2079 4369; baseline 0 -17"><span class='ocrx_word' id='word_1_564' title='bbox 431 4281 558 4352; x_wconf 78' lang='lat' dir='ltr'><strong>rius</strong></span> <span class='ocrx_word' id='word_1_565' title='bbox 585 4293 716 4368; x_wconf 80' lang='lat' dir='ltr'><strong>ejus</strong></span> <span class='ocrx_word' id='word_1_566' title='bbox 745 4293 859 4352; x_wconf 85' lang='lat' dir='ltr'><strong>fuit</strong></span> <span class='ocrx_word' id='word_1_567' title='bbox 887 4292 1036 4366; x_wconf 87' lang='lat' dir='ltr'><strong>(Sap.</strong></span> <span class='ocrx_word' id='word_1_568' title='bbox 1070 4312 1160 4363; x_wconf 81' lang='lat' dir='ltr'><strong>Ix;</strong></span> <span class='ocrx_word' id='word_1_569' title='bbox 1195 4297 1345 4352; x_wconf 80' lang='lat' dir='ltr'><strong>Rom.</strong></span> <span class='ocrx_word' id='word_1_570' title='bbox 1377 4296 1481 4368; x_wconf 69' lang='grc' dir='ltr'><strong>χι),</strong></span> <span class='ocrx_word' id='word_1_571' title='bbox 1536 4319 1563 4346; x_wconf 86' lang='grc'><strong>››</strong></span> <span class='ocrx_word' id='word_1_572' title='bbox 1607 4297 1666 4352; x_wconf 93' lang='lat' dir='ltr'><strong>id</strong></span> <span class='ocrx_word' id='word_1_573' title='bbox 1715 4301 1806 4354; x_wconf 90' lang='lat' dir='ltr'><strong>est</strong></span> <span class='ocrx_word' id='word_1_574' title='bbox 1835 4296 2079 4369; x_wconf 89' lang='lat' dir='ltr'><strong>Spiritui</strong></span> 
     </span>
    </p>
   </div>
   <div class='ocr_carea' id='block_1_79' title="bbox 431 4380 2083 4458">
    <p class='ocr_par' dir='ltr' id='par_1_79' title="bbox 431 4380 2083 4458">
     <span class='ocr_line' id='line_1_79' title="bbox 431 4380 2083 4458; baseline -0.001 -17"><span class='ocrx_word' id='word_1_575' title='bbox 431 4383 662 4451; x_wconf 88' lang='lat' dir='ltr'><strong>sancto,</strong></span> <span class='ocrx_word' id='word_1_576' title='bbox 692 4403 722 4433; x_wconf 75' lang='grc' dir='ltr'><strong><em>α</em></strong></span> <span class='ocrx_word' id='word_1_577' title='bbox 754 4383 812 4437; x_wconf 91' lang='lat' dir='ltr'><strong>et</strong></span> <span class='ocrx_word' id='word_1_578' title='bbox 841 4380 1099 4436; x_wconf 89' lang='lat' dir='ltr'><strong>ostendit</strong></span> <span class='ocrx_word' id='word_1_579' title='bbox 1127 4380 1232 4451; x_wconf 86' lang='lat' dir='ltr'><strong>illi,</strong></span> <span class='ocrx_word' id='word_1_580' title='bbox 1263 4401 1288 4432; x_wconf 84' lang='grc' dir='ltr'><strong>ιι</strong></span> <span class='ocrx_word' id='word_1_581' title='bbox 1329 4383 1615 4439; x_wconf 88' lang='lat' dir='ltr'><strong>subaudis</strong></span> <span class='ocrx_word' id='word_1_582' title='bbox 1667 4383 1810 4456; x_wconf 92' lang='lat' dir='ltr'><strong>quid</strong></span> <span class='ocrx_word' id='word_1_583' title='bbox 1842 4383 2083 4458; x_wconf 80' lang='lat' dir='ltr'><strong>ageret?</strong></span> 
     </span>
    </p>
   </div>
   <div class='ocr_carea' id='block_1_80' title="bbox 431 4463 2078 4548">
    <p class='ocr_par' dir='ltr' id='par_1_80' title="bbox 431 4463 2078 4548">
     <span class='ocr_line' id='line_1_80' title="bbox 431 4463 2078 4548; baseline 0.001 -21"><span class='ocrx_word' id='word_1_584' title='bbox 431 4463 644 4548; x_wconf 79' lang='lat' dir='ltr'><strong>Nullus</strong></span> <span class='ocrx_word' id='word_1_585' title='bbox 675 4469 790 4526; x_wconf 90' lang='lat' dir='ltr'><strong>nisi</strong></span> <span class='ocrx_word' id='word_1_586' title='bbox 823 4469 993 4526; x_wconf 81' lang='lat' dir='ltr'><strong>Pater</strong></span> <span class='ocrx_word' id='word_1_587' title='bbox 1020 4473 1079 4526; x_wconf 89' lang='lat' dir='ltr'><strong>et</strong></span> <span class='ocrx_word' id='word_1_588' title='bbox 1110 4469 1313 4538; x_wconf 87' lang='lat' dir='ltr'><strong>Filius,</strong></span> <span class='ocrx_word' id='word_1_589' title='bbox 1344 4488 1595 4544; x_wconf 87' lang='lat' dir='ltr'><strong>quorum</strong></span> <span class='ocrx_word' id='word_1_590' title='bbox 1628 4490 1747 4528; x_wconf 90' lang='lat' dir='ltr'><strong>una</strong></span> <span class='ocrx_word' id='word_1_591' title='bbox 1790 4477 1880 4529; x_wconf 91' lang='lat' dir='ltr'><strong>est</strong></span> <span class='ocrx_word' id='word_1_592' title='bbox 1918 4477 2078 4546; x_wconf 84' lang='lat' dir='ltr'><strong>pote-</strong></span> 
     </span>
    </p>
   </div>
   <div class='ocr_carea' id='block_1_81' title="bbox 430 4557 2074 4634">
    <p class='ocr_par' dir='ltr' id='par_1_81' title="bbox 430 4557 2074 4634">
     <span class='ocr_line' id='line_1_81' title="bbox 430 4557 2074 4634; baseline 0 -15"><span class='ocrx_word' id='word_1_593' title='bbox 430 4563 576 4634; x_wconf 76' lang='lat' dir='ltr'><strong>stas,</strong></span> <span class='ocrx_word' id='word_1_594' title='bbox 608 4557 1022 4634; x_wconf 86' lang='lat' dir='ltr'><strong>inseparabilis</strong></span> <span class='ocrx_word' id='word_1_595' title='bbox 1053 4560 1247 4616; x_wconf 90' lang='lat' dir='ltr'><strong>Deitas</strong></span> <span class='ocrx_word' id='word_1_596' title='bbox 1283 4578 1296 4616; x_wconf 89' lang='lat'><strong>:</strong></span> <span class='ocrx_word' id='word_1_597' title='bbox 1332 4565 1388 4616; x_wconf 80' lang='lat' dir='ltr'><strong>et</strong></span> <span class='ocrx_word' id='word_1_598' title='bbox 1418 4562 1517 4634; x_wconf 89' lang='lat' dir='ltr'><strong>qui</strong></span> <span class='ocrx_word' id='word_1_599' title='bbox 1550 4565 1666 4618; x_wconf 87' lang='lat' dir='ltr'><strong>tres</strong></span> <span class='ocrx_word' id='word_1_600' title='bbox 1698 4562 1756 4617; x_wconf 92' lang='lat' dir='ltr'><strong>in</strong></span> <span class='ocrx_word' id='word_1_601' title='bbox 1789 4562 2074 4634; x_wconf 88' lang='lat' dir='ltr'><strong>personis,</strong></span> 
     </span>
    </p>
   </div>
   <div class='ocr_carea' id='block_1_82' title="bbox 431 4647 2078 4724">
    <p class='ocr_par' dir='ltr' id='par_1_82' title="bbox 431 4647 2078 4724">
     <span class='ocr_line' id='line_1_82' title="bbox 431 4647 2078 4724; baseline 0.003 -20"><span class='ocrx_word' id='word_1_602' title='bbox 431 4665 619 4716; x_wconf 78' lang='lat' dir='ltr'><strong>unum</strong></span> <span class='ocrx_word' id='word_1_603' title='bbox 652 4652 793 4704; x_wconf 91' lang='lat' dir='ltr'><strong>sunt</strong></span> <span class='ocrx_word' id='word_1_604' title='bbox 821 4648 881 4703; x_wconf 91' lang='lat' dir='ltr'><strong>in</strong></span> <span class='ocrx_word' id='word_1_605' title='bbox 913 4647 1547 4706; x_wconf 88' lang='lat' dir='ltr'><strong>Deitate.Consiliarius</strong></span> <span class='ocrx_word' id='word_1_606' title='bbox 1567 4655 1653 4707; x_wconf 87' lang='lat' dir='ltr'><strong>est</strong></span> <span class='ocrx_word' id='word_1_607' title='bbox 1684 4652 1924 4724; x_wconf 89' lang='lat' dir='ltr'><strong>Spiritui</strong></span> <span class='ocrx_word' id='word_1_608' title='bbox 1949 4671 2078 4710; x_wconf 84' lang='lat' dir='ltr'><strong>san-</strong></span> 
     </span>
    </p>
   </div>
   <div class='ocr_carea' id='block_1_83' title="bbox 429 4735 2078 4814">
    <p class='ocr_par' dir='ltr' id='par_1_83' title="bbox 429 4735 2078 4814">
     <span class='ocr_line' id='line_1_83' title="bbox 429 4735 2078 4814; baseline 0.002 -20"><span class='ocrx_word' id='word_1_609' title='bbox 429 4742 544 4808; x_wconf 80' lang='lat' dir='ltr'><strong>eto,</strong></span> <span class='ocrx_word' id='word_1_610' title='bbox 579 4737 680 4810; x_wconf 82' lang='lat' dir='ltr'><strong>qui</strong></span> <span class='ocrx_word' id='word_1_611' title='bbox 711 4735 796 4792; x_wconf 92' lang='lat' dir='ltr'><strong>illi</strong></span> <span class='ocrx_word' id='word_1_612' title='bbox 822 4737 925 4793; x_wconf 90' lang='lat' dir='ltr'><strong>dat</strong></span> <span class='ocrx_word' id='word_1_613' title='bbox 949 4738 1183 4796; x_wconf 89' lang='lat' dir='ltr'><strong>salubre</strong></span> <span class='ocrx_word' id='word_1_614' title='bbox 1233 4739 1566 4812; x_wconf 82' lang='lat' dir='ltr'><strong>consilium,</strong></span> <span class='ocrx_word' id='word_1_615' title='bbox 1601 4741 1660 4797; x_wconf 92' lang='lat' dir='ltr'><strong>in</strong></span> <span class='ocrx_word' id='word_1_616' title='bbox 1706 4759 1820 4814; x_wconf 89' lang='lat' dir='ltr'><strong>quo</strong></span> <span class='ocrx_word' id='word_1_617' title='bbox 1851 4741 2078 4799; x_wconf 88' lang='lat' dir='ltr'><strong>habitat</strong></span> 
     </span>
    </p>
   </div>
   <div class='ocr_carea' id='block_1_84' title="bbox 429 4824 1168 4898">
    <p class='ocr_par' dir='ltr' id='par_1_84' title="bbox 429 4824 1168 4898">
     <span class='ocr_line' id='line_1_84' title="bbox 429 4824 1168 4898; baseline 0.001 -16"><span class='ocrx_word' id='word_1_618' title='bbox 429 4825 589 4887; x_wconf 87' lang='lat' dir='ltr'><strong>idem</strong></span> <span class='ocrx_word' id='word_1_619' title='bbox 621 4824 878 4898; x_wconf 89' lang='lat' dir='ltr'><strong>Spiritus</strong></span> <span class='ocrx_word' id='word_1_620' title='bbox 906 4831 1168 4883; x_wconf 91' lang='lat' dir='ltr'><strong>sanctus.</strong></span> 
     </span>
    </p>
   </div>
   <div class='ocr_carea' id='block_1_85' title="bbox 506 4913 2078 4992">
    <p class='ocr_par' dir='ltr' id='par_1_85' title="bbox 506 4913 2078 4992">
     <span class='ocr_line' id='line_1_85' title="bbox 506 4913 2078 4992; baseline 0.006 -24"><span class='ocrx_word' id='word_1_621' title='bbox 506 4936 530 4968; x_wconf 74' lang='grc' dir='ltr'><strong><em>ι</em></strong></span> <span class='ocrx_word' id='word_1_622' title='bbox 563 4913 709 4972; x_wconf 86' lang='lat' dir='ltr'><strong>Cum</strong></span> <span class='ocrx_word' id='word_1_623' title='bbox 741 4930 856 4986; x_wconf 91' lang='lat' dir='ltr'><strong>quo</strong></span> <span class='ocrx_word' id='word_1_624' title='bbox 887 4914 1020 4970; x_wconf 89' lang='lat' dir='ltr'><strong>iniit</strong></span> <span class='ocrx_word' id='word_1_625' title='bbox 1047 4917 1360 4972; x_wconf 88' lang='lat' dir='ltr'><strong>consilium</strong></span> <span class='ocrx_word' id='word_1_626' title='bbox 1381 4941 1406 4967; x_wconf 85' lang='grc'><strong>››</strong></span> <span class='ocrx_word' id='word_1_627' title='bbox 1439 4918 1532 4974; x_wconf 91' lang='lat' dir='ltr'><strong>ille</strong></span> <span class='ocrx_word' id='word_1_628' title='bbox 1565 4920 1817 4992; x_wconf 89' lang='lat' dir='ltr'><strong>Spiritus</strong></span> <span class='ocrx_word' id='word_1_629' title='bbox 1837 4926 2078 4978; x_wconf 91' lang='lat' dir='ltr'><strong>sanctus</strong></span> 
     </span>
    </p>
   </div>
   <div class='ocr_carea' id='block_1_86' title="bbox 430 5001 2080 5080">
    <p class='ocr_par' dir='ltr' id='par_1_86' title="bbox 430 5001 2080 5080">
     <span class='ocr_line' id='line_1_86' title="bbox 430 5001 2080 5080; baseline 0.002 -20"><span class='ocrx_word' id='word_1_630' title='bbox 430 5001 684 5080; x_wconf 85' lang='lat' dir='ltr'><strong>qualiter</strong></span> <span class='ocrx_word' id='word_1_631' title='bbox 711 5004 937 5078; x_wconf 88' lang='lat' dir='ltr'><strong>operari</strong></span> <span class='ocrx_word' id='word_1_632' title='bbox 989 5004 1308 5076; x_wconf 82' lang='lat' dir='ltr'><strong>debuisset,</strong></span> <span class='ocrx_word' id='word_1_633' title='bbox 1347 5029 1372 5059; x_wconf 78' lang='grc' dir='ltr'><strong><em>υ</em></strong></span> <span class='ocrx_word' id='word_1_634' title='bbox 1403 5011 1468 5062; x_wconf 81' lang='lat' dir='ltr'><strong>et</strong></span> <span class='ocrx_word' id='word_1_635' title='bbox 1489 5007 1764 5063; x_wconf 80' lang='lat' dir='ltr'><strong>instruxit</strong></span> <span class='ocrx_word' id='word_1_636' title='bbox 1793 5014 1851 5064; x_wconf 82' lang='lat' dir='ltr'><strong>et</strong></span> <span class='ocrx_word' id='word_1_637' title='bbox 1881 5009 2080 5066; x_wconf 91' lang='lat' dir='ltr'><strong>docuit</strong></span> 
     </span>
    </p>
   </div>
   <div class='ocr_carea' id='block_1_87' title="bbox 429 5092 2079 5169">
    <p class='ocr_par' dir='ltr' id='par_1_87' title="bbox 429 5092 2079 5169">
     <span class='ocr_line' id='line_1_87' title="bbox 429 5092 2079 5169; baseline 0.002 -19"><span class='ocrx_word' id='word_1_638' title='bbox 429 5107 570 5169; x_wconf 81' lang='lat' dir='ltr'><strong>eum</strong></span> <span class='ocrx_word' id='word_1_639' title='bbox 597 5093 868 5150; x_wconf 88' lang='lat' dir='ltr'><strong>semitam</strong></span> <span class='ocrx_word' id='word_1_640' title='bbox 894 5092 1200 5164; x_wconf 75' lang='lat' dir='ltr'><strong>justitim,»</strong></span> <span class='ocrx_word' id='word_1_641' title='bbox 1235 5094 1290 5149; x_wconf 90' lang='lat' dir='ltr'><strong>id</strong></span> <span class='ocrx_word' id='word_1_642' title='bbox 1324 5100 1413 5149; x_wconf 81' lang='lat' dir='ltr'><strong>est</strong></span> <span class='ocrx_word' id='word_1_643' title='bbox 1443 5096 1851 5151; x_wconf 84' lang='lat' dir='ltr'><strong>rectitudinem</strong></span> <span class='ocrx_word' id='word_1_644' title='bbox 1882 5115 2079 5168; x_wconf 82' lang='lat' dir='ltr'><strong>opera-</strong></span> 
     </span>
    </p>
   </div>
   <div class='ocr_carea' id='block_1_88' title="bbox 426 5180 2073 5258">
    <p class='ocr_par' dir='ltr' id='par_1_88' title="bbox 426 5180 2073 5258">
     <span class='ocr_line' id='line_1_88' title="bbox 426 5180 2073 5258; baseline 0.004 -21"><span class='ocrx_word' id='word_1_645' title='bbox 426 5180 629 5250; x_wconf 83' lang='lat' dir='ltr'><strong>tionis,</strong></span> <span class='ocrx_word' id='word_1_646' title='bbox 667 5206 687 5233; x_wconf 75' lang='grc' dir='ltr'>α</span> <span class='ocrx_word' id='word_1_647' title='bbox 723 5185 782 5240; x_wconf 91' lang='lat' dir='ltr'><strong>et</strong></span> <span class='ocrx_word' id='word_1_648' title='bbox 811 5182 1064 5238; x_wconf 86' lang='lat' dir='ltr'><strong>erudivit</strong></span> <span class='ocrx_word' id='word_1_649' title='bbox 1093 5200 1225 5238; x_wconf 92' lang='lat' dir='ltr'><strong>eum</strong></span> <span class='ocrx_word' id='word_1_650' title='bbox 1260 5184 1525 5253; x_wconf 83' lang='lat' dir='ltr'><strong>scientia,</strong></span> <span class='ocrx_word' id='word_1_651' title='bbox 1558 5190 1612 5239; x_wconf 86' lang='lat' dir='ltr'><strong>et</strong></span> <span class='ocrx_word' id='word_1_652' title='bbox 1643 5185 1792 5240; x_wconf 85' lang='lat' dir='ltr'><strong>viam</strong></span> <span class='ocrx_word' id='word_1_653' title='bbox 1826 5187 2073 5258; x_wconf 89' lang='lat' dir='ltr'><strong>pruden-</strong></span> 
     </span>
    </p>
   </div>
   <div class='ocr_carea' id='block_1_89' title="bbox 425 5267 2070 5349">
    <p class='ocr_par' dir='ltr' id='par_1_89' title="bbox 425 5267 2070 5349">
     <span class='ocr_line' id='line_1_89' title="bbox 425 5267 2070 5349; baseline 0.003 -22"><span class='ocrx_word' id='word_1_654' title='bbox 425 5267 522 5327; x_wconf 60' lang='lat' dir='ltr'><strong>tiae</strong></span> <span class='ocrx_word' id='word_1_655' title='bbox 552 5271 810 5328; x_wconf 88' lang='lat' dir='ltr'><strong>ostendit</strong></span> <span class='ocrx_word' id='word_1_656' title='bbox 837 5269 967 5326; x_wconf 84' lang='lat' dir='ltr'><strong>illi?</strong></span> <span class='ocrx_word' id='word_1_657' title='bbox 1003 5294 1028 5320; x_wconf 85' lang='lat'>»</span> <span class='ocrx_word' id='word_1_658' title='bbox 1060 5271 1288 5328; x_wconf 90' lang='lat' dir='ltr'><strong>Nullus.</strong></span> <span class='ocrx_word' id='word_1_659' title='bbox 1324 5272 1636 5329; x_wconf 86' lang='lat' dir='ltr'><strong>Prudentia</strong></span> <span class='ocrx_word' id='word_1_660' title='bbox 1673 5278 1762 5330; x_wconf 90' lang='lat' dir='ltr'><strong>est</strong></span> <span class='ocrx_word' id='word_1_661' title='bbox 1806 5275 1864 5328; x_wconf 89' lang='lat' dir='ltr'><strong>in</strong></span> <span class='ocrx_word' id='word_1_662' title='bbox 1896 5293 2070 5349; x_wconf 84' lang='lat' dir='ltr'><strong>appe-</strong></span> 
     </span>
    </p>
   </div>
   <div class='ocr_carea' id='block_1_90' title="bbox 428 5359 1436 5425">
    <p class='ocr_par' dir='ltr' id='par_1_90' title="bbox 428 5359 1436 5425">
     <span class='ocr_line' id='line_1_90' title="bbox 428 5359 1436 5425; baseline 0.002 -11"><span class='ocrx_word' id='word_1_663' title='bbox 428 5359 622 5418; x_wconf 84' lang='lat' dir='ltr'><strong>tendis</strong></span> <span class='ocrx_word' id='word_1_664' title='bbox 652 5359 844 5425; x_wconf 88' lang='lat' dir='ltr'><strong>bonis,</strong></span> <span class='ocrx_word' id='word_1_665' title='bbox 875 5363 934 5415; x_wconf 91' lang='lat' dir='ltr'><strong>et</strong></span> <span class='ocrx_word' id='word_1_666' title='bbox 957 5360 1212 5416; x_wconf 87' lang='lat' dir='ltr'><strong>vitandis</strong></span> <span class='ocrx_word' id='word_1_667' title='bbox 1243 5360 1436 5416; x_wconf 90' lang='lat' dir='ltr'><strong>malis.</strong></span> 
     </span>
    </p>
   </div>
   <div class='ocr_carea' id='block_1_91' title="bbox 499 5439 2073 5522">
    <p class='ocr_par' dir='ltr' id='par_1_91' title="bbox 499 5439 2073 5522">
     <span class='ocr_line' id='line_1_91' title="bbox 499 5439 2073 5522; baseline 0.003 -18"><span class='ocrx_word' id='word_1_668' title='bbox 499 5469 529 5498; x_wconf 84' lang='grc'><strong>‹‹</strong></span> <span class='ocrx_word' id='word_1_669' title='bbox 563 5447 707 5512; x_wconf 82' lang='lat' dir='ltr'><strong>Ecce</strong></span> <span class='ocrx_word' id='word_1_670' title='bbox 735 5451 940 5522; x_wconf 90' lang='lat' dir='ltr'><strong>gentes</strong></span> <span class='ocrx_word' id='word_1_671' title='bbox 966 5439 992 5498; x_wconf 58' lang='grc' dir='ltr'><em>ὑ</em></span> <span class='ocrx_word' id='word_1_672' title='bbox 1020 5447 1178 5506; x_wconf 90' lang='lat' dir='ltr'><strong>idola</strong></span> <span class='ocrx_word' id='word_1_673' title='bbox 1206 5448 1482 5520; x_wconf 89' lang='lat' dir='ltr'><strong>colentes,</strong></span> <span class='ocrx_word' id='word_1_674' title='bbox 1509 5451 1597 5506; x_wconf 90' lang='lat' dir='ltr'><strong>vel</strong></span> <span class='ocrx_word' id='word_1_675' title='bbox 1638 5467 1842 5508; x_wconf 91' lang='lat' dir='ltr'><strong>omnes</strong></span> <span class='ocrx_word' id='word_1_676' title='bbox 1871 5452 2073 5508; x_wconf 85' lang='lat' dir='ltr'><strong>huma-</strong></span> 
     </span>
    </p>
   </div>
   <div class='ocr_carea' id='block_1_92' title="bbox 427 5538 2074 5612">
    <p class='ocr_par' dir='ltr' id='par_1_92' title="bbox 427 5538 2074 5612">
     <span class='ocr_line' id='line_1_92' title="bbox 427 5538 2074 5612; baseline 0.004 -22"><span class='ocrx_word' id='word_1_677' title='bbox 427 5550 573 5594; x_wconf 86' lang='lat' dir='ltr'><strong>num</strong></span> <span class='ocrx_word' id='word_1_678' title='bbox 603 5553 790 5609; x_wconf 89' lang='lat' dir='ltr'><strong>genus</strong></span> <span class='ocrx_word' id='word_1_679' title='bbox 811 5538 883 5592; x_wconf 92' lang='lat' dir='ltr'><strong>ad</strong></span> <span class='ocrx_word' id='word_1_680' title='bbox 913 5539 1408 5612; x_wconf 89' lang='lat' dir='ltr'><strong>comparationem</strong></span> <span class='ocrx_word' id='word_1_681' title='bbox 1440 5539 1598 5608; x_wconf 82' lang='lat' dir='ltr'><strong>Dei,«</strong></span> <span class='ocrx_word' id='word_1_682' title='bbox 1625 5541 1794 5612; x_wconf 87' lang='lat' dir='ltr'><strong>quasi</strong></span> <span class='ocrx_word' id='word_1_683' title='bbox 1824 5540 1982 5597; x_wconf 90' lang='lat' dir='ltr'><strong>stilla</strong></span> <span class='ocrx_word' id='word_1_684' title='bbox 2003 5541 2074 5598; x_wconf 91' lang='lat' dir='ltr'><strong>si-</strong></span> 
     </span>
    </p>
   </div>
   <div class='ocr_carea' id='block_1_93' title="bbox 423 5620 2071 5705">
    <p class='ocr_par' dir='ltr' id='par_1_93' title="bbox 423 5620 2071 5705">
     <span class='ocr_line' id='line_1_93' title="bbox 423 5620 2071 5705; baseline 0.004 -26"><span class='ocrx_word' id='word_1_685' title='bbox 423 5620 563 5700; x_wconf 69' lang='lat' dir='ltr'><strong>tula:</strong></span> <span class='ocrx_word' id='word_1_686' title='bbox 595 5646 617 5673; x_wconf 74' lang='grc' dir='ltr'>ι</span> <span class='ocrx_word' id='word_1_687' title='bbox 655 5628 714 5680; x_wconf 88' lang='lat' dir='ltr'><strong>et</strong></span> <span class='ocrx_word' id='word_1_688' title='bbox 743 5625 913 5700; x_wconf 90' lang='lat' dir='ltr'><strong>quasi</strong></span> <span class='ocrx_word' id='word_1_689' title='bbox 945 5632 1311 5684; x_wconf 90' lang='lat' dir='ltr'><strong>momentum</strong></span> <span class='ocrx_word' id='word_1_690' title='bbox 1345 5633 1573 5685; x_wconf 69' lang='lat' dir='ltr'><strong>staterae</strong></span> <span class='ocrx_word' id='word_1_691' title='bbox 1606 5633 1886 5705; x_wconf 66' lang='lat' dir='ltr'><strong>reputatae</strong></span> <span class='ocrx_word' id='word_1_692' title='bbox 1908 5636 2071 5687; x_wconf 90' lang='lat' dir='ltr'><strong>sunt.</strong></span> 
     </span>
    </p>
   </div>
   <div class='ocr_carea' id='block_1_94' title="bbox 2199 3318 3870 3401">
    <p class='ocr_par' dir='ltr' id='par_1_94' title="bbox 2199 3318 3870 3401">
     <span class='ocr_line' id='line_1_94' title="bbox 2199 3318 3870 3401; baseline 0.005 -28"><span class='ocrx_word' id='word_1_693' title='bbox 2199 3318 2518 3391; x_wconf 88' lang='lat' dir='ltr'><strong>sculpendo</strong></span> <span class='ocrx_word' id='word_1_694' title='bbox 2551 3321 2687 3376; x_wconf 89' lang='lat' dir='ltr'><strong>fecit</strong></span> <span class='ocrx_word' id='word_1_695' title='bbox 2714 3338 2850 3378; x_wconf 90' lang='lat' dir='ltr'><strong>eum</strong></span> <span class='ocrx_word' id='word_1_696' title='bbox 2882 3321 3180 3395; x_wconf 89' lang='lat' dir='ltr'><strong>aliquis,et</strong></span> <span class='ocrx_word' id='word_1_697' title='bbox 3211 3339 3326 3378; x_wconf 91' lang='lat' dir='ltr'><strong>non</strong></span> <span class='ocrx_word' id='word_1_698' title='bbox 3357 3323 3485 3395; x_wconf 88' lang='lat' dir='ltr'><strong>ipse</strong></span> <span class='ocrx_word' id='word_1_699' title='bbox 3516 3321 3624 3395; x_wconf 91' lang='lat' dir='ltr'><strong>qui</strong></span> <span class='ocrx_word' id='word_1_700' title='bbox 3655 3323 3870 3401; x_wconf 53' lang='lat' dir='ltr'><strong>omnia.</strong></span> 
     </span>
    </p>
   </div>
   <div class='ocr_carea' id='block_1_95' title="bbox 2195 3405 3840 3485">
    <p class='ocr_par' dir='ltr' id='par_1_95' title="bbox 2195 3405 3840 3485">
     <span class='ocr_line' id='line_1_95' title="bbox 2195 3405 3840 3485; baseline 0.005 -24"><span class='ocrx_word' id='word_1_701' title='bbox 2195 3405 2332 3463; x_wconf 86' lang='lat' dir='ltr'><strong>fecit</strong></span> <span class='ocrx_word' id='word_1_702' title='bbox 2361 3426 2397 3464; x_wconf 90' lang='lat' dir='ltr'><strong>a</strong></span> <span class='ocrx_word' id='word_1_703' title='bbox 2425 3409 2660 3464; x_wconf 90' lang='lat' dir='ltr'><strong>nemine</strong></span> <span class='ocrx_word' id='word_1_704' title='bbox 2687 3413 2778 3466; x_wconf 88' lang='lat' dir='ltr'><strong>est</strong></span> <span class='ocrx_word' id='word_1_705' title='bbox 2807 3411 3038 3469; x_wconf 83' lang='lat' dir='ltr'><strong>factus?</strong></span> <span class='ocrx_word' id='word_1_706' title='bbox 3066 3411 3196 3468; x_wconf 63' lang='lat' dir='ltr'><strong>Haec</strong></span> <span class='ocrx_word' id='word_1_707' title='bbox 3215 3428 3324 3468; x_wconf 83' lang='lat' dir='ltr'><strong>vox</strong></span> <span class='ocrx_word' id='word_1_708' title='bbox 3352 3411 3454 3468; x_wconf 91' lang='lat' dir='ltr'><strong>Dei</strong></span> <span class='ocrx_word' id='word_1_709' title='bbox 3475 3412 3840 3485; x_wconf 87' lang='lat' dir='ltr'><strong>omnipoten-</strong></span> 
     </span>
    </p>
   </div>
   <div class='ocr_carea' id='block_1_96' title="bbox 2195 3495 3841 3580">
    <p class='ocr_par' dir='ltr' id='par_1_96' title="bbox 2195 3495 3841 3580">
     <span class='ocr_line' id='line_1_96' title="bbox 2195 3495 3841 3580; baseline 0.004 -29"><span class='ocrx_word' id='word_1_710' title='bbox 2195 3495 2271 3552; x_wconf 90' lang='lat' dir='ltr'><strong>tis</strong></span> <span class='ocrx_word' id='word_1_711' title='bbox 2302 3496 2614 3554; x_wconf 88' lang='lat' dir='ltr'><strong>stultitiam</strong></span> <span class='ocrx_word' id='word_1_712' title='bbox 2643 3499 2910 3572; x_wconf 89' lang='lat' dir='ltr'><strong>gentium</strong></span> <span class='ocrx_word' id='word_1_713' title='bbox 2941 3501 3258 3574; x_wconf 86' lang='lat' dir='ltr'><strong>redarguit,</strong></span> <span class='ocrx_word' id='word_1_714' title='bbox 3285 3505 3351 3558; x_wconf 91' lang='lat' dir='ltr'><strong>ut</strong></span> <span class='ocrx_word' id='word_1_715' title='bbox 3372 3501 3655 3560; x_wconf 80' lang='lat' dir='ltr'><strong>recedant</strong></span> <span class='ocrx_word' id='word_1_716' title='bbox 3674 3519 3710 3560; x_wconf 88' lang='lat' dir='ltr'><strong>a</strong></span> <span class='ocrx_word' id='word_1_717' title='bbox 3730 3500 3841 3580; x_wconf 81' lang='lat' dir='ltr'><strong>cul-</strong></span> 
     </span>
    </p>
   </div>
   <div class='ocr_carea' id='block_1_97' title="bbox 2196 3585 2833 3646">
    <p class='ocr_par' dir='ltr' id='par_1_97' title="bbox 2196 3585 2833 3646">
     <span class='ocr_line' id='line_1_97' title="bbox 2196 3585 2833 3646; baseline 0.006 -6"><span class='ocrx_word' id='word_1_718' title='bbox 2196 3587 2328 3641; x_wconf 88' lang='lat' dir='ltr'><strong>tura</strong></span> <span class='ocrx_word' id='word_1_719' title='bbox 2358 3585 2833 3646; x_wconf 89' lang='lat' dir='ltr'><strong>simulacrorum.</strong></span> 
     </span>
    </p>
   </div>
   <div class='ocr_carea' id='block_1_98' title="bbox 2269 3675 3864 3758">
    <p class='ocr_par' dir='ltr' id='par_1_98' title="bbox 2269 3675 3864 3758">
     <span class='ocr_line' id='line_1_98' title="bbox 2269 3675 3864 3758; baseline 0.006 -28"><span class='ocrx_word' id='word_1_720' title='bbox 2269 3697 2290 3724; x_wconf 77' lang='grc' dir='ltr'>ι</span> <span class='ocrx_word' id='word_1_721' title='bbox 2323 3675 2491 3732; x_wconf 90' lang='lat' dir='ltr'><strong>Forte</strong></span> <span class='ocrx_word' id='word_1_722' title='bbox 2518 3675 2769 3750; x_wconf 89' lang='lat' dir='ltr'><strong>lignum,</strong></span> <span class='ocrx_word' id='word_1_723' title='bbox 2802 3700 2830 3729; x_wconf 84' lang='lat'>»</span> <span class='ocrx_word' id='word_1_724' title='bbox 2864 3677 2924 3734; x_wconf 91' lang='lat' dir='ltr'><strong>id</strong></span> <span class='ocrx_word' id='word_1_725' title='bbox 2954 3681 3044 3734; x_wconf 89' lang='lat' dir='ltr'><strong>est</strong></span> <span class='ocrx_word' id='word_1_726' title='bbox 3070 3677 3337 3735; x_wconf 86' lang='lat' dir='ltr'><strong>durabile</strong></span> <span class='ocrx_word' id='word_1_727' title='bbox 3357 3700 3398 3742; x_wconf 82' lang='lat'><strong>_«</strong></span> <span class='ocrx_word' id='word_1_728' title='bbox 3429 3677 3618 3754; x_wconf 84' lang='lat' dir='ltr'><strong>elegit</strong></span> <span class='ocrx_word' id='word_1_729' title='bbox 3640 3679 3864 3758; x_wconf 30' lang='lat' dir='ltr'><strong>artifex.</strong></span> 
     </span>
    </p>
   </div>
   <div class='ocr_carea' id='block_1_99' title="bbox 2193 3764 3837 3844">
    <p class='ocr_par' dir='ltr' id='par_1_99' title="bbox 2193 3764 3837 3844">
     <span class='ocr_line' id='line_1_99' title="bbox 2193 3764 3837 3844; baseline 0.004 -24"><span class='ocrx_word' id='word_1_730' title='bbox 2193 3764 2535 3837; x_wconf 88' lang='lat' dir='ltr'><strong>sapiens»ut</strong></span> <span class='ocrx_word' id='word_1_731' title='bbox 2565 3765 2740 3823; x_wconf 75' lang='lat' dir='ltr'><strong>faciat</strong></span> <span class='ocrx_word' id='word_1_732' title='bbox 2769 3767 2904 3824; x_wconf 89' lang='lat' dir='ltr'><strong>inde</strong></span> <span class='ocrx_word' id='word_1_733' title='bbox 2933 3767 3109 3824; x_wconf 91' lang='lat' dir='ltr'><strong>deum</strong></span> <span class='ocrx_word' id='word_1_734' title='bbox 3140 3767 3424 3826; x_wconf 83' lang='lat' dir='ltr'><strong>suum.Ex</strong></span> <span class='ocrx_word' id='word_1_735' title='bbox 3450 3767 3636 3842; x_wconf 79' lang='lat' dir='ltr'><strong>lignis</strong></span> <span class='ocrx_word' id='word_1_736' title='bbox 3656 3769 3837 3844; x_wconf 72' lang='lat' dir='ltr'><strong>impu-</strong></span> 
     </span>
    </p>
   </div>
   <div class='ocr_carea' id='block_1_100' title="bbox 2193 3852 3839 3930">
    <p class='ocr_par' dir='ltr' id='par_1_100' title="bbox 2193 3852 3839 3930">
     <span class='ocr_line' id='line_1_100' title="bbox 2193 3852 3839 3930; baseline 0.005 -23"><span class='ocrx_word' id='word_1_737' title='bbox 2193 3852 2490 3911; x_wconf 89' lang='lat' dir='ltr'><strong>tribilibus</strong></span> <span class='ocrx_word' id='word_1_738' title='bbox 2517 3859 2574 3912; x_wconf 86' lang='lat' dir='ltr'><strong>et</strong></span> <span class='ocrx_word' id='word_1_739' title='bbox 2593 3872 2663 3912; x_wconf 83' lang='lat' dir='ltr'><strong>ex</strong></span> <span class='ocrx_word' id='word_1_740' title='bbox 2681 3860 2909 3926; x_wconf 89' lang='lat' dir='ltr'><strong>auro,et</strong></span> <span class='ocrx_word' id='word_1_741' title='bbox 2938 3855 3456 3930; x_wconf 89' lang='lat' dir='ltr'><strong>argento,aliisque</strong></span> <span class='ocrx_word' id='word_1_742' title='bbox 3486 3856 3747 3914; x_wconf 85' lang='lat' dir='ltr'><strong>metallis</strong></span> <span class='ocrx_word' id='word_1_743' title='bbox 3765 3857 3839 3915; x_wconf 81' lang='lat' dir='ltr'><strong>fa-</strong></span> 
     </span>
    </p>
   </div>
   <div class='ocr_carea' id='block_1_101' title="bbox 2194 3941 3839 4020">
    <p class='ocr_par' dir='ltr' id='par_1_101' title="bbox 2194 3941 3839 4020">
     <span class='ocr_line' id='line_1_101' title="bbox 2194 3941 3839 4020; baseline 0.004 -22"><span class='ocrx_word' id='word_1_744' title='bbox 2194 3941 2428 3999; x_wconf 87' lang='lat' dir='ltr'><strong>ciebant</strong></span> <span class='ocrx_word' id='word_1_745' title='bbox 2455 3944 2680 4018; x_wconf 89' lang='lat' dir='ltr'><strong>antiqui</strong></span> <span class='ocrx_word' id='word_1_746' title='bbox 2703 3944 3116 4016; x_wconf 71' lang='lat' dir='ltr'><strong>simulacra,ut</strong></span> <span class='ocrx_word' id='word_1_747' title='bbox 3136 3944 3312 4020; x_wconf 88' lang='lat' dir='ltr'><strong>longa</strong></span> <span class='ocrx_word' id='word_1_748' title='bbox 3330 3963 3436 4020; x_wconf 89' lang='lat' dir='ltr'><strong>per</strong></span> <span class='ocrx_word' id='word_1_749' title='bbox 3453 3951 3724 4019; x_wconf 85' lang='lat' dir='ltr'><strong>tempora</strong></span> <span class='ocrx_word' id='word_1_750' title='bbox 3743 3948 3839 4004; x_wconf 60' lang='lat' dir='ltr'><strong>duo</strong></span> 
     </span>
    </p>
   </div>
   <div class='ocr_carea' id='block_1_102' title="bbox 2192 4033 3852 4108">
    <p class='ocr_par' dir='ltr' id='par_1_102' title="bbox 2192 4033 3852 4108">
     <span class='ocr_line' id='line_1_102' title="bbox 2192 4033 3852 4108; baseline 0.007 -22"><span class='ocrx_word' id='word_1_751' title='bbox 2192 4048 2320 4087; x_wconf 90' lang='lat' dir='ltr'><strong>rare</strong></span> <span class='ocrx_word' id='word_1_752' title='bbox 2353 4039 2610 4106; x_wconf 89' lang='lat' dir='ltr'><strong>possent.</strong></span> <span class='ocrx_word' id='word_1_753' title='bbox 2645 4034 2746 4090; x_wconf 87' lang='lat' dir='ltr'><strong>His</strong></span> <span class='ocrx_word' id='word_1_754' title='bbox 2775 4033 2968 4092; x_wconf 88' lang='lat' dir='ltr'><strong>verbis</strong></span> <span class='ocrx_word' id='word_1_755' title='bbox 3013 4034 3360 4108; x_wconf 87' lang='lat' dir='ltr'><strong>ostenditur,</strong></span> <span class='ocrx_word' id='word_1_756' title='bbox 3410 4035 3567 4108; x_wconf 90' lang='lat' dir='ltr'><strong>quod</strong></span> <span class='ocrx_word' id='word_1_757' title='bbox 3613 4035 3852 4098; x_wconf 80' lang='lat' dir='ltr'><strong>nullum&#39;</strong></span> 
     </span>
    </p>
   </div>
   <div class='ocr_carea' id='block_1_103' title="bbox 2192 4121 3554 4198">
    <p class='ocr_par' dir='ltr' id='par_1_103' title="bbox 2192 4121 3554 4198">
     <span class='ocr_line' id='line_1_103' title="bbox 2192 4121 3554 4198; baseline 0.003 -22"><span class='ocrx_word' id='word_1_758' title='bbox 2192 4121 2372 4178; x_wconf 90' lang='lat' dir='ltr'><strong>robur</strong></span> <span class='ocrx_word' id='word_1_759' title='bbox 2401 4124 2478 4178; x_wconf 89' lang='lat' dir='ltr'><strong>sit</strong></span> <span class='ocrx_word' id='word_1_760' title='bbox 2508 4122 2567 4178; x_wconf 91' lang='lat' dir='ltr'><strong>in</strong></span> <span class='ocrx_word' id='word_1_761' title='bbox 2595 4123 2768 4180; x_wconf 90' lang='lat' dir='ltr'><strong>idolis</strong></span> <span class='ocrx_word' id='word_1_762' title='bbox 2796 4125 2868 4180; x_wconf 86' lang='lat' dir='ltr'><strong>ad</strong></span> <span class='ocrx_word' id='word_1_763' title='bbox 2899 4123 3002 4180; x_wconf 88' lang='lat' dir='ltr'><strong>Dei</strong></span> <span class='ocrx_word' id='word_1_764' title='bbox 3033 4123 3554 4198; x_wconf 79' lang='lat' dir='ltr'><strong>comparationem.</strong></span> 
     </span>
    </p>
   </div>
   <div class='ocr_carea' id='block_1_104' title="bbox 2263 4211 3838 4288">
    <p class='ocr_par' dir='ltr' id='par_1_104' title="bbox 2263 4211 3838 4288">
     <span class='ocr_line' id='line_1_104' title="bbox 2263 4211 3838 4288; baseline 0.005 -25"><span class='ocrx_word' id='word_1_765' title='bbox 2263 4233 2291 4262; x_wconf 85' lang='lat'><strong>«</strong></span> <span class='ocrx_word' id='word_1_766' title='bbox 2320 4211 2596 4284; x_wconf 87' lang='lat' dir='ltr'><strong>Nunquid</strong></span> <span class='ocrx_word' id='word_1_767' title='bbox 2621 4228 2738 4270; x_wconf 90' lang='lat' dir='ltr'><strong>non</strong></span> <span class='ocrx_word' id='word_1_768' title='bbox 2768 4212 3029 4286; x_wconf 87' lang='lat' dir='ltr'><strong>scitis,«o</strong></span> <span class='ocrx_word' id='word_1_769' title='bbox 3047 4217 3385 4288; x_wconf 87' lang='lat' dir='ltr'><strong>gentes,per</strong></span> <span class='ocrx_word' id='word_1_770' title='bbox 3412 4213 3744 4277; x_wconf 84' lang='lat' dir='ltr'><strong>naturalem</strong></span> <span class='ocrx_word' id='word_1_771' title='bbox 3765 4215 3838 4284; x_wconf 79' lang='lat' dir='ltr'><strong>le-</strong></span> 
     </span>
    </p>
   </div>
   <div class='ocr_carea' id='block_1_105' title="bbox 2189 4299 3870 4376">
    <p class='ocr_par' dir='ltr' id='par_1_105' title="bbox 2189 4299 3870 4376">
     <span class='ocr_line' id='line_1_105' title="bbox 2189 4299 3870 4376; baseline 0.003 -22"><span class='ocrx_word' id='word_1_772' title='bbox 2189 4313 2343 4372; x_wconf 89' lang='lat' dir='ltr'><strong>gem,</strong></span> <span class='ocrx_word' id='word_1_773' title='bbox 2367 4303 2425 4356; x_wconf 92' lang='lat' dir='ltr'><strong>et</strong></span> <span class='ocrx_word' id='word_1_774' title='bbox 2455 4299 2868 4376; x_wconf 90' lang='lat' dir='ltr'><strong>cognitionem,</strong></span> <span class='ocrx_word' id='word_1_775' title='bbox 2889 4306 3417 4364; x_wconf 83' lang='lat' dir='ltr'><strong>creaturarumme</strong></span> <span class='ocrx_word' id='word_1_776' title='bbox 3445 4306 3753 4370; x_wconf 67' lang='lat' dir='ltr'><strong>eternum,</strong></span> <span class='ocrx_word' id='word_1_777' title='bbox 3783 4308 3870 4373; x_wconf 59' lang='lat' dir='ltr'><strong>et~</strong></span> 
     </span>
    </p>
   </div>
   <div class='ocr_carea' id='block_1_106' title="bbox 2189 4386 3864 4469">
    <p class='ocr_par' dir='ltr' id='par_1_106' title="bbox 2189 4386 3864 4469">
     <span class='ocr_line' id='line_1_106' title="bbox 2189 4386 3864 4469; baseline 0.006 -27"><span class='ocrx_word' id='word_1_778' title='bbox 2189 4386 2412 4444; x_wconf 89' lang='lat' dir='ltr'><strong>idolum</strong></span> <span class='ocrx_word' id='word_1_779' title='bbox 2444 4389 2590 4445; x_wconf 89' lang='lat' dir='ltr'><strong>nihil</strong></span> <span class='ocrx_word' id='word_1_780' title='bbox 2619 4391 2791 4446; x_wconf 78' lang='lat' dir='ltr'><strong>esse?</strong></span> <span class='ocrx_word' id='word_1_781' title='bbox 2821 4413 2848 4440; x_wconf 82' lang='lat'>«</span> <span class='ocrx_word' id='word_1_782' title='bbox 2885 4390 3165 4464; x_wconf 90' lang='lat' dir='ltr'><strong>Nunquid</strong></span> <span class='ocrx_word' id='word_1_783' title='bbox 3197 4407 3314 4450; x_wconf 88' lang='lat' dir='ltr'><strong>non</strong></span> <span class='ocrx_word' id='word_1_784' title='bbox 3344 4389 3630 4452; x_wconf 83' lang='lat' dir='ltr'><strong>audistis»</strong></span> <span class='ocrx_word' id='word_1_785' title='bbox 3649 4391 3864 4469; x_wconf 53' lang='lat' dir='ltr'><strong>legem,</strong></span> 
     </span>
    </p>
   </div>
   <div class='ocr_carea' id='block_1_107' title="bbox 2188 4479 3838 4554">
    <p class='ocr_par' dir='ltr' id='par_1_107' title="bbox 2188 4479 3838 4554">
     <span class='ocr_line' id='line_1_107' title="bbox 2188 4479 3838 4554; baseline 0.004 -22"><span class='ocrx_word' id='word_1_786' title='bbox 2188 4493 2316 4549; x_wconf 69' lang='lat' dir='ltr'><strong>quae</strong></span> <span class='ocrx_word' id='word_1_787' title='bbox 2347 4495 2451 4550; x_wconf 89' lang='lat' dir='ltr'><strong>per</strong></span> <span class='ocrx_word' id='word_1_788' title='bbox 2475 4479 2674 4535; x_wconf 89' lang='lat' dir='ltr'><strong>Mosen</strong></span> <span class='ocrx_word' id='word_1_789' title='bbox 2706 4479 2844 4536; x_wconf 90' lang='lat' dir='ltr'><strong>data</strong></span> <span class='ocrx_word' id='word_1_790' title='bbox 2872 4479 3000 4536; x_wconf 78' lang='lat' dir='ltr'><strong>est?</strong></span> <span class='ocrx_word' id='word_1_791' title='bbox 3035 4479 3344 4554; x_wconf 73' lang='lat' dir='ltr'><strong>«Nunquid</strong></span> <span class='ocrx_word' id='word_1_792' title='bbox 3374 4497 3493 4549; x_wconf 79' lang='lat' dir='ltr'><strong>non</strong></span> <span class='ocrx_word' id='word_1_793' title='bbox 3525 4481 3838 4546; x_wconf 69' lang='lat' dir='ltr'><strong>annuntia~</strong></span> 
     </span>
    </p>
   </div>
   <div class='ocr_carea' id='block_1_108' title="bbox 2187 4568 3834 4644">
    <p class='ocr_par' dir='ltr' id='par_1_108' title="bbox 2187 4568 3834 4644">
     <span class='ocr_line' id='line_1_108' title="bbox 2187 4568 3834 4644; baseline 0.004 -23"><span class='ocrx_word' id='word_1_794' title='bbox 2187 4569 2314 4622; x_wconf 89' lang='lat' dir='ltr'><strong>tum</strong></span> <span class='ocrx_word' id='word_1_795' title='bbox 2344 4571 2436 4623; x_wconf 89' lang='lat' dir='ltr'><strong>est</strong></span> <span class='ocrx_word' id='word_1_796' title='bbox 2467 4569 2570 4624; x_wconf 64' lang='lat' dir='ltr'><strong>:ab</strong></span> <span class='ocrx_word' id='word_1_797' title='bbox 2603 4568 2770 4625; x_wconf 90' lang='lat' dir='ltr'><strong>initio</strong></span> <span class='ocrx_word' id='word_1_798' title='bbox 2799 4568 2964 4626; x_wconf 89' lang='lat' dir='ltr'><strong>vobis</strong></span> <span class='ocrx_word' id='word_1_799' title='bbox 2996 4569 3056 4626; x_wconf 90' lang='lat' dir='ltr'><strong>in</strong></span> <span class='ocrx_word' id='word_1_800' title='bbox 3085 4568 3236 4626; x_wconf 91' lang='lat' dir='ltr'><strong>libro</strong></span> <span class='ocrx_word' id='word_1_801' title='bbox 3269 4569 3514 4626; x_wconf 88' lang='lat' dir='ltr'><strong>Genesis</strong></span> <span class='ocrx_word' id='word_1_802' title='bbox 3534 4571 3720 4644; x_wconf 83' lang='lat' dir='ltr'><strong>capite</strong></span> <span class='ocrx_word' id='word_1_803' title='bbox 3740 4570 3834 4628; x_wconf 86' lang='lat' dir='ltr'><strong>de-</strong></span> 
     </span>
    </p>
   </div>
   <div class='ocr_carea' id='block_1_109' title="bbox 2185 4655 3835 4731">
    <p class='ocr_par' dir='ltr' id='par_1_109' title="bbox 2185 4655 3835 4731">
     <span class='ocr_line' id='line_1_109' title="bbox 2185 4655 3835 4731; baseline 0.002 -20"><span class='ocrx_word' id='word_1_804' title='bbox 2185 4655 2336 4711; x_wconf 91' lang='lat' dir='ltr'><strong>cimo</strong></span> <span class='ocrx_word' id='word_1_805' title='bbox 2359 4658 2792 4730; x_wconf 89' lang='lat' dir='ltr'><strong>septimo,quod</strong></span> <span class='ocrx_word' id='word_1_806' title='bbox 2816 4673 2923 4731; x_wconf 87' lang='lat' dir='ltr'><strong>ego</strong></span> <span class='ocrx_word' id='word_1_807' title='bbox 2943 4675 3076 4714; x_wconf 93' lang='lat' dir='ltr'><strong>sum</strong></span> <span class='ocrx_word' id='word_1_808' title='bbox 3089 4658 3244 4720; x_wconf 86' lang='lat' dir='ltr'><strong>Deus</strong></span> <span class='ocrx_word' id='word_1_809' title='bbox 3257 4656 3419 4715; x_wconf 88' lang='lat' dir='ltr'><strong>solus</strong></span> <span class='ocrx_word' id='word_1_810' title='bbox 3431 4659 3835 4716; x_wconf 66' lang='lat' dir='ltr'><strong>vivusiuNun-</strong></span> 
     </span>
    </p>
   </div>
   <div class='ocr_carea' id='block_1_110' title="bbox 2185 4745 3850 4817">
    <p class='ocr_par' dir='ltr' id='par_1_110' title="bbox 2185 4745 3850 4817">
     <span class='ocr_line' id='line_1_110' title="bbox 2185 4745 3850 4817; baseline 0.002 -17"><span class='ocrx_word' id='word_1_811' title='bbox 2185 4745 2328 4817; x_wconf 90' lang='lat' dir='ltr'><strong>quid</strong></span> <span class='ocrx_word' id='word_1_812' title='bbox 2359 4762 2474 4801; x_wconf 93' lang='lat' dir='ltr'><strong>non</strong></span> <span class='ocrx_word' id='word_1_813' title='bbox 2503 4745 2872 4804; x_wconf 82' lang='lat' dir='ltr'><strong>intellexistis</strong></span> <span class='ocrx_word' id='word_1_814' title='bbox 2893 4747 3272 4804; x_wconf 87' lang='lat' dir='ltr'><strong>fundamenta</strong></span> <span class='ocrx_word' id='word_1_815' title='bbox 3301 4752 3528 4817; x_wconf 61' lang='lat' dir='ltr'><strong>terris,»</strong></span> <span class='ocrx_word' id='word_1_816' title='bbox 3551 4747 3850 4804; x_wconf 78' lang='lat' dir='ltr'><strong>subaudis-</strong></span> 
     </span>
    </p>
   </div>
   <div class='ocr_carea' id='block_1_111' title="bbox 2186 4833 3606 4906">
    <p class='ocr_par' dir='ltr' id='par_1_111' title="bbox 2186 4833 3606 4906">
     <span class='ocr_line' id='line_1_111' title="bbox 2186 4833 3606 4906; baseline 0.002 -17"><span class='ocrx_word' id='word_1_817' title='bbox 2186 4833 2327 4906; x_wconf 89' lang='lat' dir='ltr'><strong>quia</strong></span> <span class='ocrx_word' id='word_1_818' title='bbox 2355 4851 2532 4906; x_wconf 89' lang='lat' dir='ltr'><strong>super</strong></span> <span class='ocrx_word' id='word_1_819' title='bbox 2561 4839 2736 4892; x_wconf 90' lang='lat' dir='ltr'><strong>tenue</strong></span> <span class='ocrx_word' id='word_1_820' title='bbox 2764 4834 3120 4892; x_wconf 89' lang='lat' dir='ltr'><strong>elementum</strong></span> <span class='ocrx_word' id='word_1_821' title='bbox 3151 4836 3396 4894; x_wconf 88' lang='lat' dir='ltr'><strong>fundata</strong></span> <span class='ocrx_word' id='word_1_822' title='bbox 3425 4837 3606 4894; x_wconf 81' lang='lat' dir='ltr'><strong>sunt?</strong></span> 
     </span>
    </p>
   </div>
   <div class='ocr_carea' id='block_1_112' title="bbox 2261 4923 3836 5001">
    <p class='ocr_par' dir='ltr' id='par_1_112' title="bbox 2261 4923 3836 5001">
     <span class='ocr_line' id='line_1_112' title="bbox 2261 4923 3836 5001; baseline 0.002 -22"><span class='ocrx_word' id='word_1_823' title='bbox 2261 4947 2289 4973; x_wconf 87' lang='grc'><strong>‹‹</strong></span> <span class='ocrx_word' id='word_1_824' title='bbox 2323 4923 2432 4988; x_wconf 90' lang='lat' dir='ltr'><strong>Qui</strong></span> <span class='ocrx_word' id='word_1_825' title='bbox 2462 4925 2643 4993; x_wconf 91' lang='lat' dir='ltr'><strong>sedet,</strong></span> <span class='ocrx_word' id='word_1_826' title='bbox 2680 4947 2707 4973; x_wconf 85' lang='lat'>»</span> <span class='ocrx_word' id='word_1_827' title='bbox 2738 4923 2800 4979; x_wconf 90' lang='lat' dir='ltr'><strong>id</strong></span> <span class='ocrx_word' id='word_1_828' title='bbox 2829 4925 3041 4998; x_wconf 91' lang='lat' dir='ltr'><strong>estqui</strong></span> <span class='ocrx_word' id='word_1_829' title='bbox 3072 4924 3297 4982; x_wconf 88' lang='lat' dir='ltr'><strong>habitat</strong></span> <span class='ocrx_word' id='word_1_830' title='bbox 3311 4948 3341 4975; x_wconf 88' lang='grc'><strong>‹‹</strong></span> <span class='ocrx_word' id='word_1_831' title='bbox 3369 4943 3550 4998; x_wconf 89' lang='lat' dir='ltr'><strong>super</strong></span> <span class='ocrx_word' id='word_1_832' title='bbox 3576 4942 3782 5001; x_wconf 73' lang='lat' dir='ltr'><strong>gyrum</strong></span> <span class='ocrx_word' id='word_1_833' title='bbox 3806 4947 3836 4974; x_wconf 74' lang='grc' dir='ltr'><strong>υ</strong></span> 
     </span>
    </p>
   </div>
   <div class='ocr_carea' id='block_1_113' title="bbox 2185 5011 3836 5087">
    <p class='ocr_par' dir='ltr' id='par_1_113' title="bbox 2185 5011 3836 5087">
     <span class='ocr_line' id='line_1_113' title="bbox 2185 5011 3836 5087; baseline 0.001 -21"><span class='ocrx_word' id='word_1_834' title='bbox 2185 5011 2295 5067; x_wconf 91' lang='lat' dir='ltr'><strong>hoc</strong></span> <span class='ocrx_word' id='word_1_835' title='bbox 2327 5015 2414 5067; x_wconf 89' lang='lat' dir='ltr'><strong>est</strong></span> <span class='ocrx_word' id='word_1_836' title='bbox 2445 5029 2622 5085; x_wconf 91' lang='lat' dir='ltr'><strong>super</strong></span> <span class='ocrx_word' id='word_1_837' title='bbox 2650 5013 2964 5069; x_wconf 88' lang='lat' dir='ltr'><strong>circuitum</strong></span> <span class='ocrx_word' id='word_1_838' title='bbox 2998 5036 3026 5064; x_wconf 85' lang='lat'><strong>«</strong></span> <span class='ocrx_word' id='word_1_839' title='bbox 3058 5017 3116 5069; x_wconf 89' lang='lat' dir='ltr'><strong>et</strong></span> <span class='ocrx_word' id='word_1_840' title='bbox 3145 5013 3509 5072; x_wconf 89' lang='lat' dir='ltr'><strong>habitatores</strong></span> <span class='ocrx_word' id='word_1_841' title='bbox 3538 5015 3686 5087; x_wconf 89' lang='lat' dir='ltr'><strong>ejus,</strong></span> <span class='ocrx_word' id='word_1_842' title='bbox 3713 5038 3742 5062; x_wconf 84' lang='lat'><em>»</em></span> <span class='ocrx_word' id='word_1_843' title='bbox 3774 5013 3836 5069; x_wconf 88' lang='lat' dir='ltr'><strong>id</strong></span> 
     </span>
    </p>
   </div>
   <div class='ocr_carea' id='block_1_114' title="bbox 2187 5102 3832 5175">
    <p class='ocr_par' dir='ltr' id='par_1_114' title="bbox 2187 5102 3832 5175">
     <span class='ocr_line' id='line_1_114' title="bbox 2187 5102 3832 5175; baseline 0.001 -19"><span class='ocrx_word' id='word_1_844' title='bbox 2187 5104 2275 5156; x_wconf 88' lang='lat' dir='ltr'><strong>est</strong></span> <span class='ocrx_word' id='word_1_845' title='bbox 2305 5105 2490 5169; x_wconf 71' lang='lat' dir='ltr'><strong>terrm,</strong></span> <span class='ocrx_word' id='word_1_846' title='bbox 2524 5105 2663 5156; x_wconf 89' lang='lat' dir='ltr'><strong>sunt</strong></span> <span class='ocrx_word' id='word_1_847' title='bbox 2691 5102 2763 5156; x_wconf 90' lang='lat' dir='ltr'><strong>ad</strong></span> <span class='ocrx_word' id='word_1_848' title='bbox 2793 5103 2922 5174; x_wconf 82' lang='lat' dir='ltr'><strong>ejus</strong></span> <span class='ocrx_word' id='word_1_849' title='bbox 2949 5103 3445 5175; x_wconf 89' lang='lat' dir='ltr'><strong>comparationem</strong></span> <span class='ocrx_word' id='word_1_850' title='bbox 3495 5104 3617 5160; x_wconf 87' lang='lat' dir='ltr'><strong>sive</strong></span> <span class='ocrx_word' id='word_1_851' title='bbox 3655 5117 3832 5175; x_wconf 82' lang='lat' dir='ltr'><strong>ange-</strong></span> 
     </span>
    </p>
   </div>
   <div class='ocr_carea' id='block_1_115' title="bbox 2179 5189 3864 5261">
    <p class='ocr_par' dir='ltr' id='par_1_115' title="bbox 2179 5189 3864 5261">
     <span class='ocr_line' id='line_1_115' title="bbox 2179 5189 3864 5261; baseline 0 -18"><span class='ocrx_word' id='word_1_852' title='bbox 2179 5189 2370 5245; x_wconf 91' lang='lat' dir='ltr'><strong>lorum</strong></span> <span class='ocrx_word' id='word_1_853' title='bbox 2403 5211 2431 5238; x_wconf 87' lang='grc'><strong>‹‹</strong></span> <span class='ocrx_word' id='word_1_854' title='bbox 2462 5189 2631 5261; x_wconf 85' lang='lat' dir='ltr'><strong>quasi</strong></span> <span class='ocrx_word' id='word_1_855' title='bbox 2663 5189 2922 5247; x_wconf 62' lang='lat' dir='ltr'><strong>locustae.</strong></span> <span class='ocrx_word' id='word_1_856' title='bbox 2956 5213 2983 5239; x_wconf 84' lang='lat'>»</span> <span class='ocrx_word' id='word_1_857' title='bbox 3015 5191 3469 5249; x_wconf 86' lang='lat' dir='ltr'><strong>Consideremus</strong></span> <span class='ocrx_word' id='word_1_858' title='bbox 3499 5192 3572 5248; x_wconf 87' lang='lat' dir='ltr'><strong>ab</strong></span> <span class='ocrx_word' id='word_1_859' title='bbox 3607 5189 3831 5247; x_wconf 87' lang='lat' dir='ltr'><strong>oriente</strong></span> <span class='ocrx_word' id='word_1_860' title='bbox 3857 5235 3864 5242; x_wconf 92' lang='lat'><strong>.</strong></span> 
     </span>
    </p>
   </div>
   <div class='ocr_carea' id='block_1_116' title="bbox 2181 5277 3832 5352">
    <p class='ocr_par' dir='ltr' id='par_1_116' title="bbox 2181 5277 3832 5352">
     <span class='ocr_line' id='line_1_116' title="bbox 2181 5277 3832 5352; baseline 0.002 -19"><span class='ocrx_word' id='word_1_861' title='bbox 2181 5294 2368 5350; x_wconf 90' lang='lat' dir='ltr'><strong>usque</strong></span> <span class='ocrx_word' id='word_1_862' title='bbox 2394 5277 2463 5332; x_wconf 89' lang='lat' dir='ltr'><strong>ad</strong></span> <span class='ocrx_word' id='word_1_863' title='bbox 2495 5277 2942 5345; x_wconf 87' lang='lat' dir='ltr'><strong>occidentem,et</strong></span> <span class='ocrx_word' id='word_1_864' title='bbox 2971 5297 3006 5336; x_wconf 89' lang='lat' dir='ltr'><strong>a</strong></span> <span class='ocrx_word' id='word_1_865' title='bbox 3033 5279 3277 5336; x_wconf 91' lang='lat' dir='ltr'><strong>meridie</strong></span> <span class='ocrx_word' id='word_1_866' title='bbox 3302 5296 3491 5352; x_wconf 89' lang='lat' dir='ltr'><strong>usque</strong></span> <span class='ocrx_word' id='word_1_867' title='bbox 3511 5281 3584 5336; x_wconf 89' lang='lat' dir='ltr'><strong>ad</strong></span> <span class='ocrx_word' id='word_1_868' title='bbox 3605 5285 3832 5352; x_wconf 67' lang='lat' dir='ltr'><strong>septen:</strong></span> 
     </span>
    </p>
   </div>
   <div class='ocr_carea' id='block_1_117' title="bbox 2180 5366 3832 5440">
    <p class='ocr_par' dir='ltr' id='par_1_117' title="bbox 2180 5366 3832 5440">
     <span class='ocr_line' id='line_1_117' title="bbox 2180 5366 3832 5440; baseline 0.001 -18"><span class='ocrx_word' id='word_1_869' title='bbox 2180 5366 2430 5423; x_wconf 90' lang='lat' dir='ltr'><strong>trionem</strong></span> <span class='ocrx_word' id='word_1_870' title='bbox 2463 5367 2661 5423; x_wconf 91' lang='lat' dir='ltr'><strong>omnia</strong></span> <span class='ocrx_word' id='word_1_871' title='bbox 2688 5385 2903 5440; x_wconf 89' lang='lat' dir='ltr'><strong>genera</strong></span> <span class='ocrx_word' id='word_1_872' title='bbox 2931 5367 3238 5424; x_wconf 89' lang='lat' dir='ltr'><strong>hominum</strong></span> <span class='ocrx_word' id='word_1_873' title='bbox 3268 5367 3420 5424; x_wconf 87' lang='lat' dir='ltr'><strong>inter</strong></span> <span class='ocrx_word' id='word_1_874' title='bbox 3441 5368 3562 5428; x_wconf 68' lang='lat' dir='ltr'><strong>haec</strong></span> <span class='ocrx_word' id='word_1_875' title='bbox 3592 5367 3832 5424; x_wconf 78' lang='lat' dir='ltr'><strong>climata</strong></span> 
     </span>
    </p>
   </div>
   <div class='ocr_carea' id='block_1_118' title="bbox 2181 5454 3828 5532">
    <p class='ocr_par' dir='ltr' id='par_1_118' title="bbox 2181 5454 3828 5532">
     <span class='ocr_line' id='line_1_118' title="bbox 2181 5454 3828 5532; baseline 0.003 -23"><span class='ocrx_word' id='word_1_876' title='bbox 2181 5454 2508 5512; x_wconf 86' lang='lat' dir='ltr'><strong>habitantia</strong></span> <span class='ocrx_word' id='word_1_877' title='bbox 2539 5473 2552 5511; x_wconf 92' lang='lat'><strong>:</strong></span> <span class='ocrx_word' id='word_1_878' title='bbox 2587 5461 2644 5512; x_wconf 91' lang='lat' dir='ltr'><strong>et</strong></span> <span class='ocrx_word' id='word_1_879' title='bbox 2674 5456 3004 5514; x_wconf 90' lang='lat' dir='ltr'><strong>videbimus</strong></span> <span class='ocrx_word' id='word_1_880' title='bbox 3034 5457 3192 5530; x_wconf 87' lang='lat' dir='ltr'><strong>quia,</strong></span> <span class='ocrx_word' id='word_1_881' title='bbox 3225 5457 3300 5514; x_wconf 90' lang='lat' dir='ltr'><strong>ad</strong></span> <span class='ocrx_word' id='word_1_882' title='bbox 3329 5456 3828 5532; x_wconf 83' lang='lat' dir='ltr'><strong>comparationem</strong></span> 
     </span>
    </p>
   </div>
   <div class='ocr_carea' id='block_1_119' title="bbox 2181 5543 3830 5619">
    <p class='ocr_par' dir='ltr' id='par_1_119' title="bbox 2181 5543 3830 5619">
     <span class='ocr_line' id='line_1_119' title="bbox 2181 5543 3830 5619; baseline 0.001 -19"><span class='ocrx_word' id='word_1_883' title='bbox 2181 5543 2305 5612; x_wconf 89' lang='lat' dir='ltr'><strong>Dei,</strong></span> <span class='ocrx_word' id='word_1_884' title='bbox 2337 5543 2435 5616; x_wconf 90' lang='lat' dir='ltr'><strong>qui</strong></span> <span class='ocrx_word' id='word_1_885' title='bbox 2467 5545 2668 5601; x_wconf 91' lang='lat' dir='ltr'><strong>omnia</strong></span> <span class='ocrx_word' id='word_1_886' title='bbox 2698 5545 2904 5619; x_wconf 89' lang='lat' dir='ltr'><strong>implet</strong></span> <span class='ocrx_word' id='word_1_887' title='bbox 2955 5550 3012 5602; x_wconf 91' lang='lat' dir='ltr'><strong>et</strong></span> <span class='ocrx_word' id='word_1_888' title='bbox 3059 5547 3279 5619; x_wconf 90' lang='lat' dir='ltr'><strong>ubique</strong></span> <span class='ocrx_word' id='word_1_889' title='bbox 3325 5549 3436 5614; x_wconf 83' lang='lat' dir='ltr'><strong>est,</strong></span> <span class='ocrx_word' id='word_1_890' title='bbox 3470 5563 3646 5619; x_wconf 82' lang='lat' dir='ltr'><strong>parva</strong></span> <span class='ocrx_word' id='word_1_891' title='bbox 3683 5548 3830 5601; x_wconf 81' lang='lat' dir='ltr'><strong>sunt.</strong></span> 
     </span>
    </p>
   </div>
   <div class='ocr_carea' id='block_1_120' title="bbox 2180 5632 3830 5706">
    <p class='ocr_par' dir='ltr' id='par_1_120' title="bbox 2180 5632 3830 5706">
     <span class='ocr_line' id='line_1_120' title="bbox 2180 5632 3830 5706; baseline 0 -16"><span class='ocrx_word' id='word_1_892' title='bbox 2180 5636 2240 5692; x_wconf 90' lang='lat' dir='ltr'><strong>et</strong></span> <span class='ocrx_word' id='word_1_893' title='bbox 2270 5632 2522 5690; x_wconf 88' lang='lat' dir='ltr'><strong>modica.</strong></span> <span class='ocrx_word' id='word_1_894' title='bbox 2558 5657 2586 5685; x_wconf 89' lang='grc'><em>‹‹</em></span> <span class='ocrx_word' id='word_1_895' title='bbox 2617 5633 2725 5702; x_wconf 89' lang='lat' dir='ltr'><strong>Qui</strong></span> <span class='ocrx_word' id='word_1_896' title='bbox 2755 5634 3014 5694; x_wconf 86' lang='lat' dir='ltr'><strong>extendit</strong></span> <span class='ocrx_word' id='word_1_897' title='bbox 3060 5633 3218 5694; x_wconf 89' lang='lat' dir='ltr'><strong>velut</strong></span> <span class='ocrx_word' id='word_1_898' title='bbox 3265 5633 3521 5693; x_wconf 87' lang='lat' dir='ltr'><strong>nihilum</strong></span> <span class='ocrx_word' id='word_1_899' title='bbox 3569 5632 3761 5706; x_wconf 60' lang='lat' dir='ltr'><strong>oculos,</strong></span> <span class='ocrx_word' id='word_1_900' title='bbox 3798 5655 3830 5682; x_wconf 71' lang='grc' dir='ltr'><strong><em>υ</em></strong></span> 
     </span>
    </p>
   </div>
  </div>
