4046 6188
368 345 488 409 915

792 341 1201 404 IlAYMONIS
1234 335 1775 399 HALBERSTAT.
1807 332 2050 395 EPISC.
2084 331 2255 394 OPP.
2289 330 2492 391 PARS
2522 330 2571 391 Ι.
2604 363 2681 372 -—
2712 325 3122 390 COMMENT.
3157 324 3357 386 BIBL.

3671 321 3785 386 916

378 478 609 536 obviam
641 476 723 532 ire
751 472 995 530 Domino
1021 471 1081 526 in
1113 485 1266 526 aera.
1300 469 1513 526 Dicunt
1543 470 1807 524 doctores
1838 485 1852 524 :
1881 465 2029 533 Quia
2055 464 2112 532 Α
2140 462 2386 519 mortuis
2419 458 3087 529 resurrexit,secundum
3103 457 3263 531 quod
3280 455 3437 512 Patri
3457 455 3789 529 respondit:

381 573 594 626 natura
621 569 711 620 est
739 561 945 634 aquila
977 562 1043 615 ut
1075 558 1236 615 senio
1267 560 1531 615 confecta
1551 575 1684 613 cum
1706 574 1824 612 non
1846 554 2033 629 possit

382 657 637 729 pradam
680 665 906 722 capere,
936 647 1239 703 incurvato
1271 652 1458 703 rostro
1489 651 1547 702 et
1575 646 1891 702 contractis
1922 663 2029 700 un-

380 743 554 816 gulis,
579 755 824 796 accensa
852 738 940 793 ira
970 737 1175 793 tandiu
1202 736 1421 792 scilicet
1444 737 1591 811 dura
1611 740 1668 791 et
1687 734 1805 790 alta
1834 734 2032 790 atterit

379 830 730 895 rostrum,ut
751 826 1121 881 solummodo
1146 825 1459 898 vestigium
1484 828 1719 880 maneat
1743 826 1929 895 Atque
1950 823 2031 878 ita

377 917 481 991 pili
503 916 682 985 sui,et
702 932 877 971 omne
907 916 1220 970 innovatur
1249 919 1546 987 corpus,et
1575 912 1787 986 pluma
1818 911 1977 967 illius
2012 929 2026 967 :

378 1007 464 1063 sic
494 1005 681 1062 sancti
714 1004 815 1077 qui
846 1022 908 1059 se
939 1003 1035 1059 hic
1086 1003 1436 1059 attriverunt
1483 1002 1892 1057 mortificando
1938 1018 2029 1055 se-

376 1097 562 1169 ipsos,
593 1094 1031 1150 innovabuntur
1064 1110 1165 1164 per
1215 1091 1734 1163 incorruptionem,
1768 1092 2029 1145 contem-
2068 1152 2073 1157 η

379 1185 609 1258 plantes
631 1183 813 1239 solem
827 1182 1074 1254 justitia
1096 1181 1423 1236 Christum:
1449 1179 1603 1235 sicut
1622 1178 1804 1235 solem
1836 1177 2034 1251 aquila

380 1272 819 1330 irreverberatis
850 1270 1056 1327 oculis.
1090 1272 1317 1326 Etcum
1338 1270 1410 1325 ad
1431 1268 1748 1325 terminum
1778 1267 1907 1322 vita
1936 1284 2031 1323 ve-

383 1362 603 1429 nerint,
633 1364 777 1416 tunc
825 1359 1119 1432 incipiunt
1158 1359 1369 1425 vivere,
1402 1374 1533 1414 cum
1564 1357 1838 1413 videntur
1866 1355 2034 1412 finire

381 1452 582 1508 vitam.
608 1474 636 1500 ‹‹
661 1450 909 1505 Current
928 1470 955 1498 »
993 1447 1300 1520 migrando
1332 1448 1403 1502 ad
1434 1446 1755 1513 Christum,
1777 1468 1805 1496 «
1830 1449 1887 1501 et
1917 1461 2032 1501 non

383 1540 737 1597 laborabunt
762 1561 789 1588 »
810 1537 1105 1610 quiavisio
1128 1540 1342 1592 sancta
1358 1535 1666 1591 Trinitatis
1683 1535 1795 1591 erit
1808 1534 1893 1590 eis
1908 1551 2033 1589 om-

384 1629 501 1685 nia.
527 1652 555 1678 ‹‹
579 1626 983 1683 Ambulabunt
1006 1648 1032 1674 »
1054 1625 1125 1682 de
1152 1624 1368 1681 virtute
1398 1624 1457 1679 in
1487 1624 1763 1679 virtutem
1785 1647 1813 1674 ‹‹
1837 1627 2034 1679 etnon

385 1717 661 1775 deficient
694 1738 721 1766 »
755 1716 813 1771 in
845 1719 1127 1772 aternum
1157 1713 1365 1770 victuri
1399 1730 1534 1770 cum
1568 1713 1835 1769 Domino.

1007 1853 1240 1911 CAPUT
1277 1853 1419 1910 XLI.

462 2007 490 2035 ‹‹
508 1984 764 2040 Taceant
776 1981 845 2037 ad
862 1997 956 2038 me
969 1979 1261 2045 insula.et
1276 1981 1479 2052 gentes
1501 1980 1729 2032 mutent
1750 1974 2039 2032 fortitudi-

390 2090 583 2130 nem.»
616 2072 738 2127 Vox
769 2071 892 2127 Dei.
921 2068 1059 2126 Tale
1089 2069 1226 2141 quid
1264 2068 1321 2123 in
1352 2067 1548 2123 Exodo
1577 2066 1857 2137 legimus:
1890 2062 2040 2120 Audi

391 2161 655 2228 Israel,et
674 2163 821 2216 tace.
841 2157 1051 2215 Insula
1082 2156 1359 2213 dicuntur
1384 2173 1450 2212 eo
1482 2156 1637 2227 quod
1670 2154 1728 2209 in
1756 2152 1900 2217 salo,
1933 2152 2043 2209 hoc

391 2250 551 2308 estin
565 2247 861 2318 mari,sint
874 2244 1407 2319 posita.Etinsulas
1423 2243 1707 2299 debemus
1720 2240 2043 2315 intelligere

391 2342 750 2413 gentes,qua
771 2354 806 2392 a
827 2336 1001 2391 salsis
1012 2334 1347 2406 amarisque
1364 2331 1752 2403 fluctibushuj
1761 2348 1831 2386 us
1847 2330 2042 2386 saculi

390 2427 746 2484 tunduntur.
780 2426 1056 2491 Taceant,
1090 2423 1305 2496 inquit,
1336 2421 1541 2478 insula
1587 2422 1658 2476 ad
1707 2420 1816 2475 hoc
1846 2424 1911 2475 ut
1939 2436 2043 2475 au-

393 2515 560 2573 diant
575 2531 667 2571 me
685 2514 965 2585 primum,
991 2512 1100 2568 hoc
1119 2516 1208 2567 est
1231 2515 1436 2582 gentes
1461 2526 1562 2582 per
1582 2508 1896 2581 apostolos.
1924 2530 1952 2558 α
1974 2509 2046 2563 Et

394 2608 624 2661 mutent
647 2602 1072 2659 fortitudinem.
1084 2623 1111 2650 »
1124 2600 1423 2667 Quomodo
1440 2599 1653 2654 debent
1674 2601 1899 2653 mutare
1912 2614 2047 2670 gen-

400 2698 491 2750 tes
523 2689 970 2749 fortitudinem?
1001 2691 1080 2745 Eo
1111 2689 1284 2745 modo
1317 2704 1432 2760 quo
1462 2686 1733 2760 superius
1765 2685 2043 2754 diximus,

400 2787 465 2839 ut
486 2780 586 2855 qui
616 2780 796 2837 fortes
826 2780 1064 2835 fuerunt
1094 2778 1155 2833 in
1181 2775 1483 2843 malo,sint
1512 2775 1780 2831 fortiores
1799 2775 1871 2830 ad
1895 2774 2049 2830 bona

400 2887 579 2944 opera
608 2868 1178 2943 peragenda.Beatus
1209 2864 1521 2940 Gregorius
1551 2863 1693 2920 dicit
1722 2863 1895 2919 aliam
1918 2879 2049 2919 esse

399 2958 806 3017 fortitudinem
829 2957 1171 3024 electorum,
1194 2954 1368 3011 aliam
1390 2953 1790 3026 reproborum.
1807 2950 2051 3007 Fortitu-

400 3049 476 3105 do
489 3048 807 3105 electorum
821 3045 1147 3103 estvincere
1158 3042 1691 3116 concupiscentiam
1705 3039 2051 3109 carnis,libi-

400 3137 599 3195 dinem
628 3135 920 3203 videlicet,
937 3133 1257 3206 appetitum
1288 3136 1651 3188 terrenarum
1682 3128 2051 3197 rerum,alia-

404 3242 518 3299 que
531 3224 769 3282 vitia.Et
796 3224 847 3280 si
881 3222 1202 3279 necessitas
1233 3237 1295 3277 se
1324 3220 1681 3292 opposuerit,
1704 3236 1808 3291 pro
1837 3216 2054 3273 Christi

403 3314 641 3371 nomine
660 3315 954 3370 tormenta
984 3310 1192 3366 mortis
1211 3309 1462 3365 libenter
1483 3305 2052 3365 sutl‘erre.Fortitudo

403 3406 599 3462 autem
648 3399 1029 3474 reproborum
1079 3403 1188 3466 est,
1218 3396 1536 3453 homicidia
1579 3377 1923 3467 adimplere,
1951 3411 2055 3467 per

402 3492 670 3565 rapinam
692 3489 943 3546 aliorum
975 3488 1128 3543 bona
1149 3486 1378 3541 auferre
1398 3489 1457 3540 et
1475 3483 1721 3557 insuper
1748 3483 2055 3556 prolueris
2070 3528 2087 3537 -

402 3580 830 3655 temporalibus
861 3575 1066 3633 mortis
1098 3573 1355 3648 periculo
1387 3590 1449 3629 se
1478 3589 1790 3645 opponere.
1831 3594 1859 3623 ‹‹
1881 3574 2053 3627 Acce-

401 3672 617 3740 dant,»
652 3666 940 3726 subaudis
965 3669 1168 3740 gentes
1197 3665 1271 3721 ad
1306 3680 1398 3719 me
1426 3662 1736 3726 credendo,
1770 3683 1798 3711 ‹‹
1830 3664 1887 3716 et
1916 3666 2056 3716 tunc

400 3760 762 3833 loquantur»
793 3758 852 3814 id
874 3760 964 3813 est
984 3756 1139 3829 quod
1173 3752 1546 3811 crediderunt
1565 3749 1696 3807 aliis
1719 3750 2054 3823 pradicent.

406 3870 436 3900 ‹‹
458 3847 744 3905 Similiter
763 3847 837 3902 ad
852 3845 1147 3918 judicium
1170 3859 1549 3917 properemus
1576 3862 1603 3890 »
1627 3845 1694 3897 ut
1723 3841 2059 3897 discernant

402 3936 558 3991 inter
574 3952 669 3991 me
689 3936 968 3991 factorem
993 3936 1257 3999 suum,et
1273 3930 1429 3987 idola
1449 3931 1520 3986 a'o
1544 3929 1660 3985 illis
1687 3929 2053 3985 manufacta:

407 4027 465 4080 et
484 4023 1017 4094 disputent,utrum
1041 4020 1308 4076 omnium
1331 4019 1661 4089 Deusjuste
1681 4018 1880 4073 omnia
1901 4020 2054 4089 agat.

478 4132 507 4158 ‹‹
522 4109 663 4174 Quis
679 4108 981 4164 suscitavit
994 4109 1065 4163 ab
1078 4108 1313 4163 Oriente
1325 4108 1557 4177 justum
1568 4148 1581 4172 ,
1599 4129 1626 4155 »
1640 4106 1750 4162 hoc
1761 4110 1850 4162 est
1861 4104 2057 4161 Chris-

406 4194 578 4251 tum?
597 4194 721 4249 Vox
750 4192 850 4249 Dei
875 4192 1080 4259 Patris,
1105 4210 1213 4249 sua
1243 4192 1695 4265 interrogatione
1723 4198 1927 4263 gentes
1956 4193 2058 4248 do-

407 4281 595 4338 centis
618 4280 774 4354 quod
795 4279 1180 4353 ignorant.Ab
1201 4279 1434 4335 Oriente
1457 4279 1612 4334 Deus
1634 4280 1801 4335 Pater
1819 4279 2061 4335 suscita-

406 4370 489 4426 vit
500 4368 815 4426 Dominum
832 4372 1098 4424 nostrum
1112 4366 1399 4422 JesumCh
1408 4366 1614 4421 ristum
1626 4367 1783 4439 ,quia
1794 4367 1852 4422 in
1867 4367 2062 4424 Orien-

407 4459 486 4516 tis
518 4459 787 4533 partibus
816 4458 1022 4515 Judaa
1051 4455 1421 4521 consistit,in
1454 4472 1572 4527 qua
1601 4454 1768 4511 illum
1803 4456 2060 4528 primum

406 4548 701 4605 incarnari
734 4545 1059 4603 constituit.
1085 4570 1114 4596 «
1147 4545 1387 4601 Vocavit
1414 4561 1548 4601 eum
1582 4549 1647 4600 ut
1677 4549 2057 4617 sequeretur»
2093 4570 2137 4635 Β

404 4637 463 4693 id
493 4641 602 4704 est,
624 4641 691 4692 ut
721 4637 852 4708 ejus
881 4634 1164 4691 voluntati
1197 4637 1447 4706 pareret.
1478 4632 1727 4689 Secutus
1756 4638 1844 4688 est
1876 4632 2058 4690 Filius

406 4727 660 4793 Patrem,
694 4726 835 4797 quia
866 4725 923 4780 in
955 4723 1233 4779 omnibus
1264 4721 1551 4779 voluntati
1580 4724 1708 4794 ejus
1739 4723 1954 4795 paruit.
1989 4724 2056 4779 Et

406 4813 696 4888 quidquid
719 4811 1062 4884 egit,omnia
1081 4812 1153 4867 ad
1170 4810 1417 4883 gloriam
1451 4810 1610 4867 illius
1640 4811 2061 4883 retulit,etpec-

405 4906 602 4958 catum
629 4918 745 4957 non
770 4899 924 4967 fecit,
959 4917 1063 4956 nec
1094 4900 1265 4955 dolus
1294 4898 1567 4956 inventus
1587 4905 1677 4956 est
1697 4900 1754 4955 in
1777 4917 1875 4957 ore
1905 4902 2056 4972 ejus.

406 4989 725 5046 Suscitavit
744 4988 919 5045 etiam
942 5005 1077 5044 eum
1100 4989 1172 5043 ab
1196 4988 1432 5043 Oriente
1457 4989 1563 5055 (lsa
1590 4993 1703 5057 xv):
1734 4991 1969 5062 quando
1998 4990 2058 5046 in

405 5079 532 5151 ipso
545 5084 709 5135 terra
730 5079 760 5135 J
770 5079 945 5134 udaa
964 5077 1087 5133 loco
1110 5076 1245 5132 fecit
1265 5092 1398 5131 eum
1423 5093 1725 5149 resurgere
1737 5095 1772 5132 a
1789 5081 2057 5151 mortuis,

405 5171 463 5222 et
482 5168 751 5238 perduxit
771 5185 985 5223 nomen
1008 5166 1166 5221 illius
1188 5182 1291 5237 per
1311 5165 1607 5237 apostolos
1630 5166 1687 5220 in
1710 5183 1914 5223 omnes
1925 5185 2061 5239 gen-

409 5260 581 5319 tes,et
606 5258 753 5312 fines
782 5256 939 5311 orbis
968 5261 1155 5312 terra.
1187 5253 1424 5310 Vocavit
1452 5254 1628 5310 etiam
1662 5255 1834 5310 tertia
1864 5256 1957 5311 die
1987 5257 2059 5313 de

408 5344 695 5414 sepulcro,
719 5345 1042 5400 secundum
1067 5344 1211 5398 illud
1244 5344 1398 5414 quod
1430 5343 1656 5415 psalmo
1692 5344 2061 5417 quadragesi-

411 5445 506 5483 mo
537 5437 745 5502 quarto
794 5432 1105 5488 Psalmista
1155 5432 1278 5503 ipse
1321 5431 1461 5486 dicit
1489 5431 1560 5486 ad
1595 5431 1805 5487 Filium
1840 5450 1853 5488 :
1888 5458 1915 5482 «
1950 5434 2056 5488 Ex-

411 5531 583 5587 surge
613 5518 798 5588 gloria
827 5537 956 5575 mea
981 5520 1154 5587 (Psal.
1178 5523 1363 5587 XVIII),
1399 5541 1427 5567 »
1459 5524 1516 5575 et
1544 5524 1769 5576 catera.
1805 5521 2057 5579 Secutus

410 5606 502 5659 est
529 5604 685 5661 enim
717 5606 1063 5679 Filius,quia
1091 5610 1215 5663 voci
1247 5608 1376 5679 ejus
1407 5608 1685 5665 obediens
1718 5608 1891 5665 tertia
1911 5608 2005 5666 die
2024 5626 2059 5666 a

2063 1833 2113 1898 B

2138 553 2462 624 Exsurgam
2495 548 2775 605 diluculo.
2810 571 2839 599 ‹‹
2867 547 3097 604 Dabit.»
3127 546 3284 603 Deus
3315 543 3610 602 subaudis
3632 544 3795 601 Pater

2143 641 2242 696 «in
2262 643 2574 712 conspectu
2598 639 2785 709 ejus,»
2800 637 2856 692 id
2878 640 2967 692 est
2989 633 3176 701 Filii,«
3191 638 3439 708 gentes»
3453 636 3514 689 et
3528 633 3794 705 populos,

2137 730 2425 793 videlicet,
2445 728 2545 801 qui
2579 728 2635 783 in
2668 744 2802 783 eum
2833 724 3110 782 credituri
3144 727 3286 779 sunt
3315 746 3343 773 ‹‹
3379 727 3440 778 et
3468 738 3641 794 reges
3661 722 3802 779 obti-

2140 819 2303 874 nebit
2336 841 2363 867 »
2396 835 2499 889 per
2536 814 3008 889 pradicationem
3068 810 3472 884 apostolorum
3533 828 3798 867 suorum.

2140 906 2308 962 Multi
2352 906 2507 962 enim
2559 922 2723 976 reges
2753 907 2811 959 et
2840 900 3136 975 principes
3169 898 3634 972 pradicantibus
3665 914 3802 969 apo-

2140 995 2308 1051 stolis
2329 996 2401 1050 ad
2428 995 2600 1050 [idem
2635 992 2865 1049 Domini
2893 994 3199 1046 venerunt.
3224 1012 3252 1038 ‹‹
3270 988 3445 1044 Dabit
3468 1010 3497 1036 »
3522 987 3685 1043 Deus
3706 987 3805 1042 Pa-

2140 1088 2227 1140 ter
2247 1083 2621 1155 omnipotens
2637 1080 2871 1154 «gladio
2891 1080 3078 1151 ejus,»
3096 1078 3207 1134 hoc
3229 1081 3320 1133 est
3339 1075 3622 1131 doctrina
3639 1092 3810 1130 evan-

2141 1171 2336 1246 gelica
2368 1170 2496 1226 Filii
2527 1168 2973 1236 sui,contrarias
3003 1169 3324 1239 potestates
3348 1186 3376 1214 «ι
3398 1163 3570 1237 quasi
3606 1163 3809 1236 pulve-

2142 1259 2446 1327 rem,sicut
2462 1256 2741 1331 stipulam
2766 1260 2994 1328 raptam
3012 1272 3047 1310 a
3060 1258 3233 1310 vento
3245 1252 3410 1309 dabit
3431 1251 3595 1307 arcui
3615 1253 3811 1323 ejus,»

2141 1350 2251 1406 hoc
2267 1353 2356 1404 est
2371 1347 2643 1421 potestati
2672 1345 2832 1401 illius
2853 1360 3058 1400 omnes
3080 1340 3448 1398 adversarios
3465 1341 3817 1413 ejus.Evan-

2142 1436 2328 1510 gelica
2348 1434 2616 1492 doctrina
2637 1433 2870 1507 gladius
2890 1435 3064 1501 est,et
3078 1431 3323 1488 verbum
3343 1429 3815 1502 pradicationis,

2142 1542 2269 1597 qua
2292 1528 2451 1579 secat
2471 1522 2681 1578 dividit
2704 1538 2845 1577 suos
2876 1520 3281 1577 observatores
3296 1535 3331 1573 a
3346 1516 3589 1591 collegio
3612 1535 3819 1591 repro-

2142 1612 2462 1670 borum.De
2493 1612 2603 1667 hoc
2631 1609 2827 1684 gladio
2859 1608 3002 1665 dicit
3027 1606 3371 1681 Apostolus:
3399 1607 3511 1662 uEt
3540 1606 3818 1679 gladius,

2143 1701 2300 1773 quod
2326 1704 2416 1755 est
2444 1700 2685 1755 verbum
2720 1698 2821 1754 Dei
2851 1697 3069 1771 (Ephes.
3098 1699 3198 1766 γι).
3224 1717 3253 1747 »

2214 1832 2242 1860 ‹‹
2275 1809 2662 1881 Persequetur
2686 1823 2807 1874 eos,
2841 1828 2870 1858 »
2903 1821 3073 1879 reges
3115 1803 3386 1860 videlicet
3412 1806 3473 1860 et
3496 1802 3818 1877 principes

2150 1896 2542 1973 gentium,qui
2576 1897 2634 1952 in
2665 1912 2799 1953 eum
2828 1895 3062 1951 credere
3092 1892 3444 1961 noluerunt;
3478 1915 3506 1942 α
3525 1893 3833 1949 transibit

2150 1987 2209 2043 in
2236 2004 2376 2059 pace
2400 2006 2427 2039 ιι
2459 1987 2533 2042 de
2563 1986 2786 2041 mundo
2816 1984 2890 2039 ad
2923 1983 3178 2051 Patrem,
3208 1998 3426 2038 vocans
3454 1986 3711 2038 cunctos
3744 1982 3831 2038 ad

2150 2092 2376 2149 pacem,
2400 2080 2465 2130 ut
2496 2073 2945 2129 reconcilientur
2968 2072 3085 2128 Deo
3111 2087 3124 2127 :
3169 2093 3197 2121 «
3221 2069 3432 2126 semita
3462 2069 3519 2125 in
3551 2070 3833 2142 pedibus

2151 2165 2280 2235 ejus
2314 2181 2427 2219 non
2462 2162 2790 2236 apparebit,
2808 2184 2835 2211 »
2864 2161 2920 2216 id
2953 2164 3063 2228 est,
3094 2158 3354 2215 laborem
3384 2158 3485 2215 via
3512 2174 3628 2214 non
3672 2176 3837 2215 sen-

2150 2254 2276 2320 tiet,
2312 2270 2417 2309 nec
2447 2252 2705 2325 aliquam
2738 2248 3157 2307 imbecillitatis
3185 2248 3456 2305 humana
3499 2247 3837 2305 lassitudi-

2153 2359 2309 2398 nem.

2225 2472 2253 2499 ‹‹
2286 2448 2427 2515 Quis
2474 2450 2750 2519 operatus
2800 2449 2890 2501 est
2938 2445 3062 2501 hac
3109 2447 3167 2500 et
3208 2443 3392 2500 fecit?
3416 2467 3442 2494 »
3471 2445 3590 2501 Hoc
3619 2448 3731 2501 est
3762 2461 3840 2502 ea

2153 2555 2282 2610 qua
2314 2535 2588 2608 superius
2620 2534 2901 2591 diximus.
2927 2533 3068 2601 Quis
3083 2532 3355 2589 videlicet
3376 2550 3536 2607 rcges
3556 2537 3612 2590 et
3648 2534 3842 2606 prin-

2155 2627 2312 2697 cipes
2345 2623 2586 2680 tradidit
2617 2622 2873 2689 arcui,et
2893 2621 3088 2696 gladio
3113 2621 3242 2678 Filii
3267 2621 3443 2677 Dei?«
3458 2624 3525 2678 Et
3544 2623 3695 2696 quis
3728 2641 3842 2680 vo-

2155 2714 2308 2772 cavit
2340 2736 2368 2764 »
2398 2714 2472 2769 ab
2502 2713 2734 2769 Oriente
2756 2712 2991 2784 justum
3023 2734 3053 2761 ‹‹
3086 2727 3301 2767 vocans
3330 2712 3787 2786 generationes,
3809 2735 3841 2763 ιι

2157 2802 2441 2861 subaudis
2463 2802 2534 2858 ad
2560 2802 2732 2857 fidem
2757 2824 2784 2850 ‹‹
2801 2800 2875 2857 ab
2897 2799 3133 2857 exordio
3168 2801 3414 2857 mundi?
3430 2799 3843 2873 »Utiqueille,

2158 2892 2257 2966 qui
2307 2890 2537 2948 cunctis
2584 2889 2915 2946 tacentibus
2966 2888 3319 2961 sibimetipsi
3370 2890 3708 2963 respondit,
3746 2890 3845 2947 di-

2158 2998 2297 3039 cens
2328 2981 2522 3052 (Infra.
2556 2996 2704 3047 xuv,
2737 2982 2794 3034 et
2824 2981 3023 3048 XXVIII)
3055 2994 3070 3033 :

2234 3111 2262 3141 ‹‹
2285 3090 2402 3161 Ego
2425 3086 2710 3143 Dominus
2727 3084 3087 3158 primus,»id
3110 3088 3200 3142 est
3219 3089 3355 3141 ante
3382 3100 3555 3158 quem
3586 3084 3845 3153 nullus,

2082 3200 2126 3267 α
2160 3202 2187 3229 ‹‹
2213 3184 2270 3234 et
2291 3176 2648 3267 novissimus
2668 3196 2695 3226 »
2721 3178 2856 3247 post
2875 3191 3050 3267 quem
3075 3172 3297 3242 nullus,
3318 3174 3475 3267 «qu
3494 3190 3629 3229 sum
3662 3198 3699 3223 ››
3730 3176 3847 3248 qui

2163 3266 2283 3322 hac
2304 3264 2501 3321 omnia
2523 3266 2720 3321 futura
2740 3262 2980 3337 pradixi
3002 3267 3059 3318 et
3073 3279 3245 3335 opere
3260 3260 3737 3335 adimpleviJste
3749 3268 3850 3321 est

2163 3355 2261 3428 qui
2287 3355 2345 3409 in
2366 3352 2710 3427 Apocalypsi
2732 3351 2978 3409 Joannis
2998 3350 3288 3423 loquitur:
3310 3375 3337 3402 ‹‹
3353 3351 3468 3424 Ego
3480 3366 3614 3406 sum
3626 3350 3851 3424 Alpha

2163 3449 2220 3501 et
2232 3443 2469 3516 Omega,
2484 3442 2596 3498 hoc
2613 3446 2701 3497 est
2724 3439 3080 3513 principium
3094 3444 3153 3496 et
3166 3439 3302 3496 finis
3324 3439 3501 3512 (Apoc.
3517 3455 3537 3495 ι
3549 3444 3849 3510 etxxn)...

2237 3556 2264 3583 ‹‹
2296 3529 2583 3587 Viderunt
2617 3553 2644 3580 »
2680 3534 2854 3585 Deum
2902 3546 3006 3602 per
3050 3529 3227 3585 ﬁdem
3264 3549 3293 3578 «
3323 3526 3549 3595 insula,
3586 3551 3615 3577 »
3646 3526 3723 3583 id
3750 3534 3851 3587 est

2165 3628 2366 3696 gentes
2398 3619 2689 3690 Ecclesia,
2722 3636 2848 3691 qua
2880 3617 3086 3673 mundi
3116 3617 3299 3690 hujus
3346 3616 3639 3673 sustinent
3678 3622 3851 3675 tem-

2164 3713 2441 3784 pestates,
2467 3732 2495 3760 ‹‹
2522 3713 2578 3763 et
2600 3708 2927 3764 timuerunt
2951 3729 2979 3756 »
3001 3723 3136 3763 eum
3167 3706 3308 3779 quia
3338 3705 3573 3762 initium
3596 3706 3855 3779 sapien-

2166 3799 2259 3854 tia:
2292 3798 2470 3853 timor
2498 3796 2829 3855 Domini.Et
2850 3795 2975 3851 sine
3006 3794 3213 3851 timore
3244 3793 3481 3851 difficile
3499 3796 3608 3850 aut
3637 3795 3855 3852 nulla-
3894 3788 3905 3797 ’

2167 3893 2340 3944 tenus
2360 3886 2609 3942 virtutes
2629 3886 3068 3941 custodiuntur.
3092 3906 3121 3935 «
3142 3885 3412 3941 Extrema
3434 3888 3602 3939 terra
3633 3884 3861 3941 obstu-

2164 3980 2484 4052 puerunt,»
2519 3977 2805 4033 subaudis
2836 3976 3145 4033 audientes
3179 3974 3656 4049 pradicationem
3696 3993 3858 4050 apo-

2167 4066 2470 4123 stolorum.
2482 4065 2543 4121 In
2558 4081 2791 4121 omnem
2808 4064 2964 4120 enim
2984 4067 3201 4120 terram
3215 4063 3389 4119 exivit
3405 4080 3590 4120 sonus
3600 4078 3855 4134 eorum;

2169 4178 2192 4206 «ι
2216 4154 2886 4228 appropinquaverunt,»
2907 4152 3194 4209 subaudis
3216 4152 3290 4209 ad
3320 4151 3505 4209 Deum
3528 4169 3636 4225 per
3655 4153 3857 4210 fidem

2170 4268 2199 4295 ‹‹
2224 4250 2280 4300 et
2306 4246 2728 4300 accesserunt»
2762 4246 2967 4316 gentes
2998 4260 3115 4299 non
3145 4241 3271 4298 loco
3303 4242 3404 4299 sed
3436 4241 3677 4312 merito,
3698 4245 3856 4317 quia

2168 4332 2340 4406 longe
2369 4335 2535 4387 erant
2564 4332 2636 4387 ab
2668 4330 2789 4387 illo.

2245 4463 2272 4491 «
2303 4439 2718 4512 Unusquisque
2739 4461 2766 4487 »
2797 4436 3083 4495 subaudis
3113 4437 3481 4494 credentium
3511 4460 3541 4487 «
3568 4440 3857 4510 proximo

2171 4547 2278 4586 suo
2313 4551 2341 4577 »
2373 4528 2482 4583 hoc
2511 4532 2601 4583 est
2633 4528 2795 4583 fratri
2846 4543 2953 4582 suo
2986 4525 3247 4583 credenti
3276 4548 3305 4576 ‹‹
3339 4525 3756 4593 auxiliabitur,
3793 4535 3861 4585 et

2168 4617 2334 4673 fratri
2366 4633 2473 4671 suo
2495 4615 2677 4672 dicet:
2704 4639 2730 4665 ‹‹
2749 4616 3091 4672 Confortare
3113 4638 3141 4665 »
3165 4616 3226 4670 in
3251 4616 3366 4670 fide
3396 4614 3637 4670 Christi.
3673 4617 3854 4673 Gen-

2167 4704 2289 4760 tilis
2301 4703 2597 4776 quispiam
2611 4720 2929 4759 conversus
2943 4703 3015 4758 ad
3036 4703 3212 4758 fidem
3228 4702 3440 4758 Christi
3451 4703 3863 4770 ,confortatus

2168 4798 2260 4851 est
2282 4795 2409 4865 jam
2430 4791 2487 4847 in
2509 4792 3084 4848 illo.Ferramentum
3114 4791 3310 4848 adhuc
3331 4808 3451 4848 non
3472 4789 3734 4864 pleniter
3753 4811 3862 4851 so-

2170 4882 2440 4949 lidatum,
2473 4879 2531 4935 in
2565 4881 2680 4936 Deo
2712 4880 3159 4937 confortabitur.

2242 5011 2269 5038 ‹‹
2285 4987 2647 5043 Confortavit
2675 4987 2840 5043 faber
2854 4986 3095 5043 ararius
3116 4986 3453 5059 percutiens
3476 4986 3736 5042 formam
3758 4990 3851 5045 si-

2172 5074 2450 5131 mulacris
2471 5074 2811 5147 malleo,qui
2834 5075 3085 5131 cudebat
3097 5078 3238 5131 tunc
3251 5075 3534 5148 temporis
3547 5097 3579 5123 »
3593 5078 3858 5145 quando

2170 5163 2326 5219 idola
2338 5163 2607 5219 colebant
2618 5187 2645 5213 «
2661 5163 2891 5220 dicens:
2907 5163 3145 5220 Glutino
3160 5185 3189 5212 »
3204 5162 3314 5220 hoc
3325 5161 3857 5229 est,solidamento

2169 5277 2197 5303 «
2224 5254 2444 5309 bonum
2467 5257 2613 5319 est,»
2635 5252 2793 5308 istud
2817 5251 3135 5325 glutinum,
3164 5274 3194 5302 ι(
3213 5257 3273 5308 et
3292 5252 3643 5308 confortavit
3655 5270 3852 5309 eum»

2168 5342 2457 5398 subaudis
2479 5342 2662 5396 Deum
2689 5357 2864 5396 suum
2889 5341 2949 5395 in
2974 5362 3002 5391 «
3024 5339 3205 5397 clavis
3234 5344 3302 5396 ut
3329 5357 3445 5397 non
3478 5346 3793 5396 moveatur
3810 5365 3847 5392 ι

2168 5431 2456 5487 subaudis
2477 5430 2522 5485 si
2548 5429 2768 5485 venerit
2788 5430 3096 5484 ventus.Et
3116 5446 3328 5485 sensus
3349 5428 3530 5499 hujus
3546 5429 3838 5485 versiculi

2166 5520 2302 5576 talis
2340 5524 2466 5576 est:
2504 5518 2603 5573 Ille
2632 5518 2731 5591 qui
2763 5519 3056 5591 perfectus
3088 5518 3282 5575 fuerat
3310 5518 3371 5574 in
3403 5518 3538 5585 fide,
3569 5518 3843 5575 auxilia-

2164 5610 2325 5665 bitur
2344 5607 2504 5664 fratri
2529 5624 2636 5664 suo
2659 5607 2858 5664 dicens
2874 5606 3078 5665 :Vides
3102 5607 3217 5663 ista
3247 5606 3426 5672 idola,
3446 5606 3649 5673 frater,
3668 5614 3844 5665 certe
