4090 6192
313 347 433 410 917

1368 348 1774 412 COMMENT.
1822 350 1901 411 IN
1946 350 2239 414 lSAIAM.
2284 387 2358 398 —
2406 356 2553 416 LIB.
2601 356 2674 417 Il.

3597 363 3715 428 9l8

313 500 430 541 non
462 484 605 540 sunt
634 480 753 537 dii:
789 479 890 539 sed
922 498 1099 555 opera
1126 497 1406 545 manuum
1440 482 1748 540 hominum
1779 484 1960 541 surda
1988 485 2043 552 Α
2073 486 2379 560 triturans,
2411 492 2468 544 et
2491 505 2671 558 quare
2701 488 2913 547 habeat
2944 493 3133 549 rostra
3172 494 3479 553 serrantia.
3511 492 3715 554 Altiori

311 579 369 631 et
402 576 587 639 muta,
617 572 944 629 eonfortare
972 571 1033 627 in
1065 572 1179 628 ﬁde
1208 573 1309 629 Dei
1334 572 1446 629 vivi
1472 577 1530 630 et
1559 574 1700 630 veri.

385 687 412 712 «ι
446 664 517 719 Et
545 665 608 717 tu
643 660 844 732 Israel,
876 677 1039 718 serve
1070 678 1237 718 meus
1267 662 1468 730 Jaeob,
1492 680 1667 735 quem
1699 663 1847 736 elegi
1881 679 1965 720 se-

310 769 446 809 men
460 751 756 808 Abraham
775 750 950 807 amici
967 751 1103 822 mei,
1117 750 1176 807 in
1190 769 1361 824 quo,»
1376 751 1434 807 id
1456 756 1567 818 est,
1586 753 1645 808 in
1665 753 1960 810 Abraham

311 867 340 895 ‹‹
372 840 735 914 apprehendi
766 844 841 896 te.
876 863 906 890 »
936 839 1122 896 Judaei
1154 839 1264 896 hoc
1293 840 1363 895 de
1393 857 1456 896 se
1507 841 1863 914 intelligunt,
1894 859 1961 898 eo

309 933 468 1005 quod
499 948 569 986 ex
598 930 822 985 semine
840 928 1083 985 Abrahae
1106 928 1489 985 recesserint:
1516 930 1615 985 sed
1640 929 1851 985 melius
1873 934 1963 986 est

311 1026 381 1077 ut
407 1021 479 1075 ad
511 1018 879 1091 spiritualem
907 1017 1084 1074 Israel
1117 1017 1260 1073 illud
1290 1018 1747 1087 referamus,hoe
1768 1024 1859 1074 est
1888 1019 1960 1074 ad

309 1108 611 1183 apostolos
640 1108 741 1180 qui
772 1125 842 1163 ex
886 1106 1108 1163 semine
1155 1106 1400 1163 Abrahae
1447 1109 1748 1181 propagati
1796 1112 1956 1163 sunt.

308 1198 793 1270 Blandientisque
838 1198 1047 1254 atl‘ectu
1098 1196 1421 1269 alloquitur
1466 1198 1659 1270 ipsum
1713 1198 1958 1253 chorum

306 1287 713 1362 apostolorum
744 1287 947 1342 dicens
970 1304 983 1342 :
1008 1287 1077 1342 Et
1104 1290 1169 1341 tu
1201 1286 1375 1342 Israel
1408 1303 1570 1342 serve
1601 1304 1787 1342 meus.
1822 1287 1958 1341 Pro-

307 1377 511 1451 phetia
524 1393 641 1432 non
659 1379 852 1431 servat
867 1374 1131 1431 ordinem
1149 1374 1425 1431 historiae.
1444 1375 1579 1431 Post
1593 1375 1957 1432 vocationem

305 1466 468 1524 enim
497 1464 764 1538 gentium
793 1465 1064 1536 quaedam
1093 1464 1366 1519 viderunt
1398 1463 1625 1530 insulae,
1659 1467 1716 1518 et
1744 1463 1955 1520 timue-

234 1608 241 1617 ,
306 1559 470 1611 runt.
500 1554 801 1610 Vocantur
827 1557 886 1608 et
915 1551 1186 1626 apostoli,
1219 1556 1276 1608 et
1323 1553 1724 1608 confortantur
1752 1554 1826 1608 ab
1857 1552 1955 1608 illo

305 1644 515 1715 (lauit.
549 1645 627 1713 ι).
660 1647 738 1698 De
784 1640 918 1699 istis
965 1640 1227 1714 loquitur
1270 1646 1330 1697 et
1377 1640 1779 1713 Evangelium,
1820 1642 1958 1714 quia

306 1733 487 1807 elegit
515 1731 824 1789 duodecim
856 1729 1180 1803 discipulos
1203 1748 1352 1803 quos
1372 1729 1668 1803 apostolos
1689 1730 1954 1786 nomina-

2071 592 2204 631 vero
2251 577 2633 651 intelligentia
2680 579 2788 635 hoc
2836 580 3148 653 signiﬁcat,
3196 583 3333 655 quia
3382 585 3715 656 praedicatio

2073 664 2470 737 apostolorum
2503 668 2749 723 conterit
2773 670 3096 726 contrarias
3128 674 3532 742 potestates,et
3549 672 3717 745 spiri-

2072 753 2290 809 tualem
2318 755 2638 827 nequitiam
2685 757 3001 814 elcvanlem
3052 776 3114 814 se
3158 763 3360 815 contra
3408 760 3713 818 scientiam

2070 842 2193 897 Dei.
2219 867 2246 892 ‹‹
2271 843 2599 900 Triturabis
2630 850 2940 914 montes,et
2961 846 3136 902 colles
3162 849 3582 905 comminues.»
3609 850 3716 906 Per

2070 936 2321 999 montes,
2346 950 2509 1005 reges
2540 938 2595 987 et
2626 940 2942 1005 potestates
2973 936 3143 991 istius
3174 936 3369 993 sazculi
3400 938 3713 1012 designan-

2070 1023 2186 1085 tur,
2215 1019 2386 1076 sicuti
2420 1039 2521 1093 per
2551 1022 2724 1077 colles
2754 1023 2997 1079 minoris
3031 1026 3300 1097 potentiae
3332 1031 3389 1082 et
3409 1027 3713 1100 dignitatis

2068 1107 2487 1181 principes,qui
2509 1115 2745 1181 propter
2762 1111 2923 1167 lucra
2940 1114 3281 1185 temporalia
3296 1115 3354 1169 in
3375 1116 3710 1188 superbiam

2068 1198 2397 1270 eriguntur.
2428 1198 2746 1254 Possumus
2767 1201 2943 1254 etiam
2967 1202 3338 1275 dicere,quod
3369 1204 3712 1261 ecclesiasti-

2067 1305 2173 1343 cus
2203 1286 2291 1341 vir
2318 1286 2495 1342 habet
2524 1286 2864 1359 evangelica:
2896 1290 3324 1359 praadicationis
3374 1296 3562 1348 rostra
3591 1296 3709 1350 ser-

2018 1366 2023 1371 ’
2068 1375 2277 1442 rantia,
2313 1379 2377 1429 ut
2407 1380 2669 1431 conterat
2700 1376 3135 1432 incredulorum
3166 1379 3485 1435 durissima
3514 1382 3708 1437 corda.

2137 1489 2165 1514 ‹‹
2199 1466 2269 1519 Et
2299 1464 2601 1522 ventilabit
2621 1482 2778 1531 eos,»
2804 1484 3085 1538 separans
3106 1467 3367 1523 triticum
3389 1486 3424 1523 a
3443 1468 3712 1541 paleis,id

2064 1559 2177 1622 est,
2208 1571 2412 1610 omnes
2440 1554 2654 1610 electos
2699 1556 2771 1610 ab
2821 1556 3227 1612 haereticorum
3277 1559 3710 1630 conjunctione.

2069 1666 2096 1695 ‹‹
2128 1645 2196 1699 Et
2224 1646 2433 1700 ventus
2462 1642 2622 1698 tollet
2650 1661 2804 1711 eos,»
2830 1645 2885 1699 id
2919 1646 3295 1717 cst,ipsorum
3327 1647 3602 1719 superbia
3630 1649 3716 1705 in-

2062 1733 2307 1789 terficiet
2337 1750 2453 1788 eos.
2480 1757 2505 1781 ‹‹
2536 1733 2603 1787 Et
2635 1737 2693 1787 tu
2727 1734 3047 1790 exsultabis
3068 1734 3125 1789 in
3153 1735 3398 1792 Domino
3424 1758 3452 1786 ››
3475 1753 3609 1793 cum
3635 1738 3713 1794 vi-

305 1822 394 1879 vit
421 1820 705 1923 (Luc..v1).
736 1820 807 1921 Et
836 1820 1184 1920 notandum,
1217 1820 1357 1921 quia
1386 1819 1644 1923 primum
1674 1824 1958 1877 vocantur
1986 1859 2032 1923 Β
2064 1822 2221 1877 deris
2250 1822 2543 1877 daemones
2567 1823 2782 1894 egredi,
2816 1826 2873 1877 et
2900 1822 3154 1879 humiles
3184 1825 3355 1880 corde
3376 1824 3614 1880 exaltari
3637 1827 3710 1882 ad

306 1912 483 1981 servi,
516 1909 725 1968 deinde
769 1909 830 1965 in
889 1908 1212 1965 amicitiam
1268 1908 1741 1965 introducuutur.
1769 1911 1957 1965 Antea
1986 1908 2032 1923 υ
2065 1910 2325 1967 culmina
2354 1911 2658 1967 virtutum.
2684 1912 2862 1967 Valde
2895 1912 3051 1967 enim
3072 1912 3255 1985 gavisi
3276 1917 3415 1969 sunt
3436 1914 3707 1985 apostoli,

304 1999 466 2058 enim
496 1998 831 2072 accepimus
860 1997 1136 2071 spiritum
1168 1998 1469 2055 servitutis
1498 1998 1559 2053 in
1588 1998 1954 2067 timorem,et

304 2094 514 2164 postea
541 2088 709 2145 electi
749 2088 810 2144 in
857 2086 1179 2144 amicitiam
1231 2087 1334 2143 Dei
1376 2087 1709 2160 jungimur.
1742 2087 1951 2144 Semen

299 2179 549 2237 Abrahae
565 2182 867 2249 vocantur,
881 2176 1019 2250 quia
1029 2193 1144 2232 non
1158 2176 1349 2233 solum
1367 2176 1693 2232 secundum
1716 2193 1951 2233 carnem

302 2269 380 2325 de
423 2267 585 2324 illius
627 2264 852 2340 origine
908 2266 1382 2322 descenderunt:
1418 2265 1519 2321 sed
1580 2264 1725 2337 quia
1777 2265 1950 2320 fidem

298 2356 548 2413 Abrahm
573 2356 927 2421 habuerunt,
958 2358 1016 2410 et
1043 2353 1382 2410 obedientes
1413 2354 1529 2409 Deo
1558 2353 1948 2409 existiterunt.

301 2446 368 2502 In
400 2444 522 2513 illo,
553 2445 662 2502 hoc
704 2447 796 2500 est
838 2442 899 2499 in
946 2441 1263 2510 Abraham,
1296 2441 1683 2515 apprehendit
1730 2458 1829 2498 eos
1877 2443 1949 2498 ab

298 2533 578 2592 extremis
609 2536 796 2600 terrae,
819 2536 876 2589 et
896 2530 1288 2605 alonginquis
1318 2533 1447 2603 ejus
1478 2531 1698 2587 ﬁnibus
1728 2531 1952 2587 vocavit

298 2642 401 2682 eos
425 2641 440 2681 :
464 2622 601 2697 quia
626 2624 697 2679 de
727 2620 1015 2678 universis
1046 2608 1382 2677 nationibus
1421 2621 1792 2694 congregavit
1839 2621 1944 2676 Juo

299 2715 457 2770 deos
486 2713 546 2769 in
576 2711 793 2785 quibus
824 2709 1075 2785 dispersi
1123 2713 1308 2779 erant,
1341 2713 1399 2764 et
1428 2708 1601 2764 multi
1635 2726 1704 2765 ex
1732 2708 1817 2765 eis
1846 2726 1951 2781 per

296 2801 774 2875 praedicationem
812 2798 1209 2872 apostolorum
1257 2798 1651 2854 crediderunt.
1683 2797 1812 2853 Tibi
1844 2816 1947 2853 au-

296 2894 440 2958 tem,
473 2907 506 2946 o
537 2888 752 2945 chorus
781 2886 1200 2961 apostolorum,
1234 2886 1335 2959 qui
1365 2904 1427 2943 es
1463 2904 1664 2943 servus
1694 2903 1862 2942 meus
1891 2889 1950 2943 et

294 2978 520 3035 electus
543 2994 731 3046 meus,
751 2977 851 3049 qui
869 2975 1291 3050 praedicaturus
1307 2993 1370 3032 es
1384 2975 1658 3048 gentibus
1674 2979 1733 3031 et
1752 2992 1947 3047 perse-

292 3067 564 3124 cutiones
594 3066 882 3140 plurimas
911 3082 1016 3138 pro
1046 3064 1285 3122 nomine
1314 3081 1443 3120 meo
1466 3063 1943 3136 passurus,dico:

365 3180 395 3207 ‹‹
429 3157 513 3213 Ne
542 3156 752 3213 timeas
778 3176 806 3206 ››
842 3173 876 3211 a
904 3154 1051 3211 facie
1078 3157 1518 3227 persecutorum
1542 3176 1569 3202 ‹‹
1594 3152 1732 3225 quia
1754 3156 1946 3208 tecum

289 3263 427 3302 sum
460 3262 568 3319 ego
589 3266 618 3296 ››
652 3245 805 3302 sicut
832 3243 950 3300 dixi
982 3226 1095 3300 tibi
1119 3242 1180 3297 in
1212 3240 1522 3315 Evangelio
1557 3259 1569 3297 :
1605 3264 1632 3291 «
1664 3241 1807 3296 Ecce
1838 3258 1943 3314 ego
1978 3226 2021 3293 C

286 3334 593 3391 vobiscum
625 3350 758 3389 sum
789 3332 1067 3389 omnibus
1101 3330 1310 3387 diebus
1342 3346 1530 3402 usque
1561 3331 1633 3385 ad
1665 3346 1939 3386 consum-

287 3424 612 3480 mationem
661 3420 859 3477 saeculi
897 3420 1101 3491 (Matth.
1132 3420 1356 3488 xxvm.)
1391 3441 1419 3468 ››
1448 3441 1476 3468 ‹‹
1510 3419 1592 3473 Ne
1621 3418 1879 3473 declines
1910 3436 1945 3473 a

285 3530 403 3579 me,
437 3511 580 3585 quia
608 3527 715 3583 ego
745 3510 900 3567 Deus
929 3513 1088 3575 tuus,
1124 3532 1153 3558 ››
1184 3506 1470 3564 subaudis
1500 3524 1632 3563 snm
1653 3506 1866 3562 veritas
1887 3511 1945 3562 et

282 3601 424 3657 vita.
449 3601 578 3656 Non
610 3615 882 3666 erres,ne
902 3601 961 3654 te
993 3597 1140 3653 falsa
1168 3596 1472 3668 persuasio
1505 3596 1941 3668 decipianuod

286 3690 410 3747 tuis
441 3689 664 3746 viribus
695 3686 917 3759 peritus
948 3685 1169 3760 sylvam
1201 3686 1465 3760 gentium
1497 3688 1850 3757 penetres,et
1871 3685 1943 3739 l'e-

286 3777 632 3836 rocissimas
662 3776 929 3832 nationes
958 3776 1030 3831 ad
1084 3774 1596 3830 mansuetudinem
1648 3772 1941 3845 Evangelii

283 3884 461 3925 voces
491 3867 664 3939 (Joan.
697 3866 835 3938 xxv).
869 3888 897 3915 ‹‹
927 3863 1257 3921 Confortavi
1290 3867 1364 3933 te,
1388 3866 1445 3917 et
1466 3860 1779 3916 auxiliatus
1810 3878 1943 3916 sum

283 3957 377 4012 tui
401 3979 429 4008 »
455 3973 490 4013 o
511 3955 727 4012 chorus
756 3952 1152 4027 apostolorum
1180 3968 1193 4007 :
1221 3973 1249 4002 ‹‹
1272 3954 1329 4007 et
1348 3950 1608 4022 suscepit
1629 3953 1685 4004 te
1711 3950 1947 4005 dextera

277 4046 431 4117 justi
466 4044 607 4115 mei,
633 4066 661 4092 »
692 4044 750 4098 id
781 4047 891 4111 est,
916 4040 1177 4114 potentia
1208 4039 1335 4096 Filii
1368 4038 1481 4094 mei
1513 4037 1831 4093 confortavi
1865 4042 1942 4093 te.

362 4157 391 4185 ‹‹
428 4134 669 4201 Omnes,
690 4153 719 4183 ››
741 4130 1028 4189 subaudis
1047 4129 1237 4186 Judaei
1255 4129 1375 4184 sive
1393 4127 1642 4200 gentiles
1663 4150 1690 4177 (ι
1720 4126 1819 4199 qui
1844 4144 1947 4199 pu-

287 4227 481 4297 gnant
512 4223 825 4279 adversum
858 4223 933 4288 te,
956 4222 1132 4276 erunt
1162 4217 1331 4290 quasi
1359 4233 1474 4273 non
1508 4215 1792 4288 sint,quia
1821 4215 1945 4288 peri

286 4313 444 4368 bunt.
474 4334 504 4363 ››
539 4328 574 4368 a
604 4310 751 4366 facie
779 4313 992 4366 vestra.

368 4424 390 4451 ι
425 4401 546 4473 Ego
580 4398 866 4456 Dominus
894 4396 1339 4471 apprehendens
1370 4412 1611 4451 manum
1632 4398 1860 4462 tuam,»
1886 4393 1945 4450 id

284 4494 383 4545 est
413 4488 811 4561 operationem
842 4491 1030 4555 tuam,
1054 4490 1112 4542 et
1131 4502 1238 4558 ego
1267 4483 1461 4556 adjuvi
1488 4488 1560 4552 te,
1576 4501 1680 4555 pro
1700 4501 1767 4539 eo
1790 4484 1943 4555 quod

284 4583 382 4634 est
413 4579 481 4633 ad
481 4577 703 4648 juvabo
734 4580 810 4631 te.

363 4690 393 4717 ‹‹
428 4665 557 4723 Noli
590 4665 817 4734 timere,
848 4663 1068 4720 vermis
1096 4662 1299 4728 Jacob,
1329 4661 1429 4733 qui
1463 4661 1678 4716 mortui
1709 4660 1850 4716 estis
1879 4676 1949 4715 cx

285 4754 522 4812 Israel»
546 4753 832 4809 subaudis
862 4748 1354 4824 peceato.Vermis
1376 4747 1706 4821 appellatur
1735 4748 1949 4804 chorus

286 4842 697 4915 apostolorum
715 4844 953 4914 propter
969 4838 1389 4909 humilitatem,
1404 4837 1645 4893 imitans
1662 4836 1827 4892 illum
1846 4836 1947 4909 qui

286 4931 439 4988 dicit
468 4930 527 4985 in
558 4929 787 5002 psalmo
812 4945 826 4984 :
853 4952 881 4979 ‹‹
912 4929 1032 5001 Ego
1064 4931 1262 4983 autem
1295 4944 1429 4983 sum
1478 4924 1711 4993 vermis,
1745 4929 1802 4981 et
1831 4942 1947 4981 non

284 5019 473 5076 homo
500 5020 675 5089 (Psal.
700 5021 835 5088 xxi).
864 5040 892 5067 »
916 5018 1081 5074 Sicut
1101 5015 1258 5072 enim
1289 5014 1503 5071 vermis
1534 5019 1747 5071 terram
1782 5030 1951 5087 pene-

286 5107 521 5176 trat,ita
533 5124 727 5163 sermo
743 5105 1102 5179 apostolicus
1124 5104 1386 5178 gentium
1411 5105 1585 5160 corda
1604 5104 1945 5176 penetravit.

287 5196 508 5253 Mortui
528 5200 671 5252 sunt
684 5213 754 5252 ex
771 5194 889 5251 illis
906 5192 1271 5267 peccato,qui
1288 5194 1637 5249 dieuntcum
1656 5192 1943 5265 apostolo:

286 5309 320 5336 «ι
357 5285 627 5351 Quotidie
658 5284 880 5342 morior
908 5288 1147 5357 propter
1173 5286 1426 5339 vestram
1456 5281 1949 5355 gloriam,fratrcs

284 5374 341 5447 (1
368 5374 491 5429 Cor.
524 5376 641 5443 xv).
664 5395 693 5424 η
717 5374 789 5429 Et
816 5390 830 5427 :
868 5396 895 5423 «
928 5372 1071 5430 Vivo
1103 5376 1295 5427 autem
1319 5372 1445 5441 jam
1487 5386 1602 5425 non
1652 5386 1777 5441 ego,
1810 5368 1945 5424 vivit

283 5479 426 5519 vero
458 5463 519 5517 in
545 5479 637 5519 me
657 5462 930 5519 Christus
952 5462 1194 5535 (Gal.n).
1223 5484 1250 5509 ››
1273 5483 1300 5511 ‹‹
1325 5459 1497 5514 Posui
1516 5462 1570 5513 te
1589 5458 1755 5530 quasi
1780 5458 1945 5529 plau-

283 5555 485 5607 strum
520 5550 806 5607 triturans
833 5567 1071 5619 novum,
1103 5550 1328 5606 habens
1358 5551 1548 5604 rostra
1578 5545 1883 5603 serrantia.
1916 5569 1944 5595 ››

281 5638 519 5712 Saepius
542 5640 669 5711 jam
715 5656 895 5712 supra
940 5638 1163 5695 dictum
1193 5641 1303 5707 est,
1336 5635 1478 5709 quid
1509 5636 1586 5692 sit
1614 5635 1945 5708 plaustrum

2064 2018 2197 2057 cum
2232 2018 2335 2073 per
2363 2002 2833 2073 prmdicationem
2867 2020 3035 2059 suam
3084 2003 3356 2060 viderunt
3402 2008 3606 2078 gentes
3635 2006 3708 2061 ab

2061 2107 2256 2146 errore
2287 2092 2358 2145 ad
2391 2091 2563 2145 ﬁdem
2597 2091 2870 2146 converti.

2137 2202 2165 2229 ‹‹
2197 2180 2375 2252 Egeni
2408 2183 2463 2234 et
2495 2196 2780 2251 pauperes
2809 2186 3077 2252 quaerunt
3101 2187 3367 2253 aquas,et
3390 2200 3504 2238 non
3528 2188 3705 2240 sunt:

2062 2267 2264 2341 lingua
2285 2285 2485 2323 eorum
2509 2268 2607 2323 siti
2630 2269 2802 2322 aruit.
2827 2294 2852 2317 ››
2873 2270 3133 2325 Gentiles
3153 2270 3524 2342 appellantur
3543 2271 3710 2344 egeni

2061 2363 2118 2413 et
2147 2373 2455 2429 pauperes,
2478 2355 2615 2428 quia
2638 2375 2749 2411 non
2774 2357 3071 2413 habebant
3094 2358 3301 2430 legem,
3317 2363 3375 2415 et
3395 2359 3709 2431 prophetas

2062 2462 2167 2501 nec
2198 2444 2513 2516 apostolos,
2544 2463 2731 2516 neque
2762 2444 3015 2517 aliquem
3048 2448 3341 2502 doctorem
3375 2447 3476 2519 qui
3506 2465 3606 2505 eos
3635 2450 3709 2505 ad

2059 2533 2275 2606 gaudia
2306 2534 2503 2604 patriae
2536 2533 2787 2589 caelestis
2820 2535 3107 2605 invitaret,
3140 2540 3197 2591 et
3226 2537 3323 2607 qui
3366 2537 3450 2593 eis
3496 2555 3708 2609 panem

2060 2622 2423 2694 spiritualem
2460 2623 2795 2694 porrigeret.
2832 2622 3009 2691 Egeni
3052 2624 3300 2695 gentiles
3333 2630 3391 2680 et
3421 2644 3708 2698 pauperes

2060 2714 2330 2784 quaerunt
2360 2710 2627 2782 aquas,id
2659 2716 2749 2765 est
2773 2711 3098 2765 doctrinam
3131 2712 3558 2783 spiritualcm,a
3581 2714 3706 2771 suis

2058 2798 2446 2872 philosophis,
2480 2804 2535 2853 et
2566 2817 2679 2853 non
2711 2803 2851 2853 sunt
2882 2799 2939 2852 in
2974 2798 3090 2855 illis
3122 2800 3397 2856 doctrinae
3428 2801 3705 2873 spiritua-

2058 2887 2162 2943 les.
2199 2888 2449 2959 Ideoque
2480 2887 2680 2959 lingua
2731 2905 2933 2942 eorum
2983 2888 3077 2944 siti
3131 2889 3289 2944 aruit
3328 2888 3454 2945 sine
3483 2888 3608 2962 lege
3637 2908 3705 2947 ac

2057 2976 2473 3049 prophetarum
2505 2975 3092 3047 oraculis.Propterca
3121 2978 3407 3033 Dominus
3437 2979 3592 3034 Deus
3614 2979 3704 3035 Is-

2058 3065 2175 3121 rael
2209 3082 2323 3121 non
2364 3082 2461 3121 eos
2510 3064 2744 3136 penitus
2794 3064 3126 3137 dereliquit,
3161 3083 3264 3122 nec
3311 3066 3369 3121 in
3421 3071 3703 3124 aeternum

2059 3172 2270 3227 passus
2300 3158 2390 3208 est
2419 3152 2739 3207 sitirezsed
2791 3153 3019 3225 aperuit
3067 3154 3126 3208 in
3174 3156 3405 3228 supinis
3454 3155 3704 3213 collibus

2061 3242 2325 3309 flumina,
2357 3247 2414 3297 et
2442 3241 2501 3296 in
2551 3242 2745 3297 medio
2794 3260 3133 3314 camporum
3184 3244 3393 3300 fontes.
3426 3244 3614 3302 Colles
3643 3245 3703 3301 in

2051 3332 2164 3389 isto
2194 3332 2319 3387 loco
2347 3332 2404 3385 in
2436 3331 2650 3386 bonam
2683 3336 2909 3402 partem
2942 3332 3371 3405 intelliguntur.

2128 3444 2155 3472 α
2183 3420 2453 3494 Aperiam
2487 3421 2546 3475 in
2578 3419 2808 3492 supinis
2836 3443 2863 3469 »
2888 3420 2997 3476 hoc
3026 3425 3115 3476 est
3143 3421 3203 3476 in
3236 3421 3584 3494 inquinatis,
3616 3422 3704 3479 vel

2053 3510 2381 3565 humilibus
2410 3508 2749 3581 gentibus,«
2781 3509 3083 3577 flumina,»
3118 3510 3226 3565 hoc
3255 3515 3345 3566 est
3374 3511 3703 3567 doctrinam

2052 3600 2276 3655 Veteris
2293 3603 2347 3654 et
2366 3599 2503 3653 Novi
2524 3599 3151 3669 T03!amenti.Aperuit
3166 3600 3318 3654 Deus
3331 3600 3702 3680 omnipotens

2053 3687 2113 3743 in
2146 3686 2470 3742 humilibus
2502 3686 2839 3741 hominibus
2870 3686 3175 3741 scientiam
3209 3687 3537 3742 divinorum
3578 3687 3701 3743 elo-

2054 3776 2347 3847 quiorum,
2384 3780 2446 3830 ut
2481 3774 2588 3828 fuit
2616 3774 3022 3845 Hieronymus,
3045 3775 3431 3846 Augustinus,
3454 3776 3701 3831 Ambro-

2055 3862 2512 3933 sius,ca3tcrique
2526 3864 2790 3917 doctores
2805 3862 2902 3933 qui
2919 3861 3088 3917 nobis
3102 3863 3379 3935 mysteria
3390 3864 3587 3920 divina
3607 3882 3704 3937 pa-

2053 3952 2702 4018 tefecerunt,sumentcs
2723 3968 2909 4022 aquas
2934 3952 3005 4005 ab
3026 3950 3125 4006 illo
3144 3951 3243 4023 qui
3264 3951 3409 4007 dixit
3428 3969 3531 4024 per
3547 3953 3700 4009 Jere-

2055 4039 2236 4095 miam
2261 4056 2273 4095 :
2299 4064 2323 4087 ‹‹
2355 4039 2444 4094 Me
2472 4038 2953 4110 derelinqucrunt
2984 4040 3202 4094 fontem
3226 4057 3390 4112 aqua:
3411 4040 3548 4097 vivae
3570 4043 3696 4114 (Jer.

2054 4132 2176 4200 11),»
2198 4128 2257 4184 id
2280 4128 2548 4194 est,dona
2567 4129 2764 4201 gratiae
2794 4129 3050 4201 Spiritus
3077 4129 3373 4186 sancti.De
3394 4130 3503 4187 hoc
3523 4131 3702 4188 etiam

2056 4218 2299 4274 flumine
2318 4217 2460 4273 dicit
2479 4216 2790 4273 Psalmista
2805 4234 2817 4272 ε
2835 4244 2860 4268 ‹‹
2882 4218 3169 4274 Fluminis
3186 4218 3706 4292 impetuslietiﬁcat

2056 4307 2349 4364 civitatem
2371 4308 2494 4362 Dei:
2514 4328 2540 4355 ››
2564 4310 2621 4362 et
2644 4329 2671 4356 ‹‹
2694 4308 2910 4362 ﬂumen
2936 4308 3035 4363 Dei
3060 4309 3346 4381 repletum
3372 4315 3461 4366 est
3480 4310 3651 4383 aquis
3671 4331 3700 4362 ››

2055 4397 2228 4466 (Psal.
2262 4414 2369 4452 XLV
2398 4404 2449 4452 ct
2478 4414 2623 4451 LXIV.
2655 4398 2815 4462 Quod
2858 4401 3053 4451 autem
3103 4396 3245 4452 dicit
3274 4420 3301 4447 «
3337 4401 3396 4452 et
3420 4397 3478 4451 in
3512 4399 3704 4455 medio

2056 4504 2400 4558 camporum
2423 4486 2666 4552 fontes,»
2684 4486 2937 4555 idipsum
2954 4492 3042 4540 est
3059 4486 3404 4557 utsuperius
3424 4484 3700 4543 diximus.

1983 4593 2025 4658 Β
2057 4599 2083 4624 ‹‹
2116 4575 2331 4628 Ρυηίιιη
2355 4575 2649 4629 desertum
2678 4596 2705 4620 ››
2729 4572 2836 4625 hoc
2860 4577 2947 4626 est
2968 4572 3353 4641 gentilitatem
3380 4572 3477 4626 «in
3495 4576 3703 4646 stagna

2058 4680 2368 4734 aquarum,
2408 4685 2433 4709 ››
2463 4661 2519 4715 id
2553 4665 2642 4715 est
2674 4660 2977 4714 inﬂuentia
3008 4660 3442 4731 Scripturarum
3465 4684 3493 4711 ‹‹
3518 4665 3576 4716 et
3596 4666 3704 4717 ter-

2060 4768 2182 4806 ram
2218 4749 2429 4805 inviam
2466 4749 2524 4803 in
2558 4747 2709 4802 rivos
2740 4764 3088 4819 aquarum.»
3113 4749 3291 4803 Terra
3322 4748 3476 4805 invia
3503 4749 3702 4823 appel-

2057 4838 2214 4893 latur
2231 4836 2857 4910 gentilitas,quia,antc
2883 4837 3197 4891 adventum
3222 4837 3351 4892 Filii
3374 4837 3702 4908 Dei,nullus

2058 4928 2247 4982 fuerat
2268 4927 2340 4981 ad
2363 4943 2491 4981 eam
2517 4926 2736 4981 missus
2759 4925 3061 4997 propheta,
3082 4925 3281 4983 nullus
3293 4926 3591 4999 apostolus
3614 4930 3704 4983 :et

2057 5033 2172 5071 non
2205 5019 2330 5071 erat
2361 5015 2419 5070 in
2452 5014 2551 5071 illo
2585 5015 2683 5087 qui
2716 5014 2899 5069 dixit:
2929 5037 2955 5064 ‹‹
2979 5016 3096 5088 Ego
3126 5033 3260 5071 sum
3291 5016 3466 5083 via,et
3484 5015 3621 5084 vita,
3645 5019 3705 5071 et

2054 5103 2268 5159 veritas
2295 5106 2471 5174 (Joan.
2503 5106 2634 5171 xxv).
2678 5127 2704 5151 ››
2734 5127 2761 5154 ι‹
2798 5105 2951 5158 Dabo
2986 5104 3041 5158 in
3075 5104 3392 5160 solitudine
3418 5108 3699 5177 myrtum,

2056 5198 2115 5249 et
2144 5193 2398 5265 spinam,
2433 5197 2492 5249 et.
2518 5193 2743 5265 lignum
2776 5193 2958 5248 olivze.
2988 5216 3013 5240 ››
3041 5193 3355 5264 Postquam
3387 5195 3534 5249 data:
3564 5197 3705 5250 sunt

2055 5281 2113 5336 in
2147 5283 2375 5338 deserto
2398 5281 2483 5336 vel
2504 5282 2561 5335 in
2586 5280 2901 5336 solitudine
2924 5281 3187 5352 gentium
3212 5286 3705 5355 aqum,cmperunt

2056 5371 2291 5426 arbores
2324 5369 2401 5423 ibi
2433 5369 2593 5423 oriri.
2626 5369 2942 5423 Videamus
2975 5368 3111 5439 quid
3147 5370 3315 5425 nobis
3346 5371 3595 5426 innuant
3622 5371 3702 5427 is-

2055 5461 2247 5512 tarum
2267 5458 2539 5512 arborum
2562 5457 2814 5511 nomina.
2826 5456 2935 5511 Ced
2947 5474 3045 5511 rus
3063 5458 3235 5512 arbor
3249 5463 3339 5513 est
3354 5458 3488 5513 miri
3507 5459 3704 5516 odoris

2054 5556 2106 5601 et
2140 5543 2543 5617 imputribilis,
2577 5561 2681 5617 per
2706 5545 2860 5615 quod
2893 5534 3305 5618 signiﬁcantur
3343 5546 3701 5604 sanctissimi

2051 5634 2160 5690 viri
2190 5633 2474 5691 miracula
2504 5639 2825 5708 patrantes,
2860 5635 2917 5690 in
2951 5640 3234 5693 aeternum
3263 5638 3495 5710 victuri,
3519 5643 3578 5697 et
3607 5638 3704 5695 bo-
