4090 6192
260 384 375 450 921

1310 386 1714 450 COMMENT.
1762 388 1838 448 IN
1885 386 2185 450 ISAIAM.
2231 422 2310 433 —
2352 378 2620 451 LLIBHII.

3549 390 3669 457 922

268 521 426 576 sunt.
447 518 650 574 «Bene
679 533 913 596 quoque
945 521 1047 575 aut
1076 518 1228 576 male
1259 518 1331 590 (si
1365 518 1629 593 potestis)
1662 518 1854 588 facite,
1884 543 1910 568 »
1942 520 1993 588 Α
2024 523 2134 588 cet,
2168 541 2197 570 »
2230 519 2287 576 id
2322 525 2411 577 est
2440 521 2662 595 rediget
2692 543 2720 572 «
2754 520 3135 595 magistratus
3174 522 3342 595 quasi
3388 522 3606 592 lutum,
3636 547 3665 576 »

267 625 303 663 o
331 605 505 674 idola,
540 629 568 657 ‹‹
602 610 662 662 et
686 606 1020 679 loquamur,
1052 612 1109 664 et
1154 607 1457 664 videamus
1507 608 1685 664 simul
1719 631 1747 659 ››
1778 608 1912 681 quis

266 696 424 753 Deus
453 694 561 751 coli
592 696 803 751 debeat
832 696 904 752 ab
938 696 1296 753 hominibus.
1316 697 1417 753 His
1445 697 1637 753 verbis
1662 698 1913 754 ostendi-

264 788 384 852 tur,
405 784 544 857 quia
575 788 709 856 post
740 785 1057 840 adventum
1089 784 1217 840 Filii
1251 785 1348 842 Dei
1383 786 1582 842 omnia
1606 786 1760 842 idola
1779 803 1910 842 con-

262 875 653 941 ticuerunt,et
674 871 818 927 nihil
842 874 914 929 de
951 873 1181 929 Christo
1225 878 1541 947 potuerunt
1576 876 1908 947 praedicere,

257 962 534 1034 nihilque
546 962 616 1018 de
629 962 1259 1018 ruinaetsubversione
1279 964 1908 1036 suorumtemplorum.

262 1050 326 1107 Si
357 1050 515 1106 enim
548 1068 662 1106 non
695 1054 1014 1123 potuerunt
1042 1068 1218 1107 suum
1242 1052 1545 1107 interitum
1577 1052 1911 1124 praedicere,

259 1140 561 1212 quomodo
592 1139 723 1195 aliis
754 1139 904 1195 mala
935 1139 1023 1195 vel
1052 1142 1205 1196 bona
1231 1144 1545 1213 potuerunt
1593 1142 1865 1197 nuntiare
1885 1143 1914 1197 ‘?

258 1228 439 1284 Aliud
469 1244 704 1301 quoque
735 1228 972 1300 signum
1003 1228 1285 1297 est,idola
1304 1230 1445 1285 deos
1466 1247 1582 1286 non
1600 1231 1911 1303 esse,quod

262 1332 375 1373 nec
395 1318 543 1373 bene
574 1320 823 1389 possunt
850 1317 1170 1383 facere,nec
1203 1316 1515 1374 male.Non
1548 1319 1703 1390 quod
1735 1318 1910 1387 idola,

260 1404 355 1462 vel
384 1406 681 1461 demones
710 1404 1037 1462 assidentes
1060 1405 1415 1474 idolis,male
1446 1424 1599 1480 saepe
1629 1424 1745 1462 non
1773 1407 1915 1464 fece-

261 1498 427 1565 mnt,
450 1495 561 1550 sed
594 1494 732 1567 quia
763 1493 874 1549 nisi
906 1498 1167 1567 potestas
1196 1511 1475 1551 concessa
1524 1495 1608 1552 eis
1657 1495 1834 1551 fuerit
1882 1514 1915 1552 a

264 1582 870 1653 Domino,hoc'facere
900 1600 1017 1639 non
1046 1584 1602 1655 possint.Dzemones
1631 1584 1789 1641 enim
1820 1585 1914 1639 in-

259 1672 687 1745 grediebantur
713 1671 773 1726 in
805 1670 1498 1739 simulacris,et,Domino
1521 1673 1913 1746 permittente,

261 1750 420 1833 sape
450 1760 646 1816 futura
668 1760 1349 1833 eprzedicebantMaxime
1367 1779 1501 1818 vero
1534 1761 1674 1818 talia
1699 1762 1919 1818 dabant

262 1852 666 1922 restionem-ut
692 1848 1005 1922 dupliciter
1032 1854 1230 1922 posset
1261 1850 1611 1925 intelligi.Ut
1630 1855 1720 1907 est
1740 1849 1912 1906 illud:

484 1946 582 1996 Aio
604 1949 661 1996 te
691 1946 903 1997 Eaeida
932 1948 1200 1997 Romanos
1228 1948 1442 1998 vincere
1473 1962 1648 2011 posse.

264 2044 295 2076 ι(
316 2026 672 2098 ‘Loquamur
698 2026 898 2094 simul,
936 2048 963 2076 n
997 2026 1057 2082 id
1091 2030 1200 2095 est,
1226 2027 1381 2083 sicut
1410 2044 1517 2101 ego
1540 2027 1748 2101 loquor
1767 2028 1918 2083 futu-

262 2130 355 2181 ra,
382 2112 472 2169 ita
493 2113 821 2186 loquantur
848 2118 908 2171 et
935 2114 1043 2170 illi.

341 2227 371 2254 α
398 2204 544 2259 Ecce
563 2218 666 2259 vos
687 2205 833 2261 estis
847 2222 917 2260 ex
941 2204 1141 2273 nihilo,
1162 2226 1188 2253 ››
1209 2222 1244 2260 o
1264 2205 1440 2273 idola,
1456 2205 1761 2275 subaudis,
1781 2206 1919 2280 quia

267 2291 343 2348 ab
371 2291 717 2349 hominibus
748 2294 900 2349 facta
920 2295 1063 2349 estis
1093 2294 1193 2366 qui
1212 2294 1357 2350 nihil
1390 2296 1770 2352 sunt.Paulus
1787 2313 1921 2368 apo-

264 2379 460 2436 stolus
488 2380 881 2450 dic’itzu‘Quia
910 2382 1131 2437 idolum
1166 2383 1310 2438 nihil
1342 2387 1514 2449 est,et
1544 2384 1918 2442 Gabricatores

265 2468 562 2525 idolorum
592 2470 740 2526 nihil
792 2475 932 2527 sunt
963 2471 1157 2543 (1001'.
1190 2472 1337 2543 vm).
1374 2494 1401 2522 »
1451 2473 1526 2529 Ut
1576 2474 1633 2528 in
1686 2474 1917 2530 Psalmo

267 2558 524 2614 habetur
555 2575 568 2613 :
602 2582 630 2608 ‹‹
663 2558 900 2615 Similes
931 2560 1049 2615 illis
1087 2561 1232 2616 fiunt
1260 2561 1363 2633 qui
1395 2561 1618 2617 faciunt
1647 2580 1715 2619 ea
1745 2564 1916 2637 (Psal.

266 2647 516 2720 cxxxiv),
550 2670 578 2698 ››
612 2647 722 2704 hoc
742 2653 841 2704 est
871 2648 1017 2703 nihil
1051 2653 1193 2704 sunt
1231 2648 1405 2717 idola,
1440 2653 1497 2706 et
1527 2656 1813 2723 quantum
1845 2654 1916 2708 ad

261 2734 498 2791 cultum
531 2735 915 2810 pertinet,qui
951 2737 1174 2793 faciunt
1199 2752 1268 2794 ea
1285 2738 1438 2794 nihil
1468 2744 1663 2796 sunt.«
1688 2741 1757 2796 Et
1772 2758 1920 2813 opus

266 2828 606 2893 uestrum,»
632 2825 743 2881 hoc
763 2830 853 2882 est
879 2826 1100 2893 idola,«
1123 2844 1192 2883 ex
1223 2844 1289 2883 eo
1319 2829 1474 2901 quod
1507 2845 1620 2884 non
1654 2832 1764 2900 est,
1802 2852 1829 2879 »
1858 2829 1919 2885 id

270 2912 515 2980 est,hoc
544 2914 695 2986 quod
732 2913 791 2969 in
825 2914 964 2970 deos
997 2915 1262 2971 fabricati
1290 2915 1456 2983 estis,
1471 2916 1617 2972 nihil
1650 2920 1758 2984 est,
1784 2918 1924 2991 quia

269 3016 394 3057 non
424 3007 568 3058 sunt
596 3002 1038 3059 dii.Possumus
1064 3005 1245 3060 etiam
1266 3005 1376 3060 hoc
1405 3006 1619 3062 referre
1648 3008 1719 3062 ad
1744 3006 1919 3073 idola,

266 3091 434 3163 quod
466 3091 640 3146 dicit:
662 3092 817 3147 Ecce
844 3109 945 3148 vos
976 3092 1118 3148 estis
1145 3109 1216 3149 ex
1244 3093 1428 3149 nihilo
1456 3110 1469 3149 :
1516 3094 1669 3150 sicut
1700 3093 1921 3150 dictum

260 3179 591 3247 habemus,
608 3180 789 3236 et‘hoc
806 3182 967 3253 quod
989 3182 1132 3237 dicit
1154 3199 1313 3255 opus
1328 3186 1590 3239 vestrum
1610 3198 1678 3239 ex
1689 3200 1756 3239 eo
1768 3183 1922 3256 quod

2023 609 2132 665 hoc
2167 614 2274 677 est,
2308 610 2604 682 principes
2634 610 2814 682 hujus
2840 611 3048 666 mundi
3090 610 3177 667 vel
3226 612 3540 682 daemones,
3564 614 3672 688 qui

2021 699 2427 772 magisterium
2461 700 2739 755 tenebant
2768 716 2946 771 super
2974 716 3160 773 genus
3191 699 3539 758 humanum.
3558 725 3587 755 «ς
3600 705 3673 760 Et

2018 787 2177 842 velut
2232 786 2453 859 plastes
2504 787 2857 844 conculcans
2906 788 3175 844 humum.
3229 811 3257 840 »
3301 788 3534 847 Plastes
3582 796 3672 848 est

2021 876 2260 949 ﬁgulus,
2296 876 2610 931 fabricator
2639 893 2904 932 arcuum.
2937 877 3080 932 Scut
3118 877 3333 950 figulus
3366 878 3670 935 conculcet

2020 965 2235 1032 lutum,
2270 969 2328 1021 et
2357 966 2604 1020 humum
2639 967 2708 1021 ad
2742 968 3176 1037 componendas
3215 967 3361 1023 ollas
3394 985 3406 1023 :
3438 968 3524 1024 sic
3558 970 3668 1024 Do-

2022 1054 2219 1110 minus
2250 1055 2424 1109 Jesus
2456 1055 2513 1109 in
2547 1072 2653 1109 suo
2691 1056 2939 1110 adventu
2971 1056 3329 1112 conculcavil
3359 1061 3416 1112 et
3446 1057 3667 1130 redegit

2022 1145 2091 1199 ad
2142 1142 2391 1198 nihilum
2444 1160 2677 1198 omnem
2728 1144 3045 1214 potentiam
3098 1144 3269 1200 istius
3319 1144 3562 1201 saeculi:
3607 1148 3673 1200 ut

2024 1234 2237 1288 faceret
2267 1232 2474 1286 exinde
2507 1232 2802 1303 quoddam
2831 1248 2933 1286 vas
2964 1232 3023 1286 in
3052 1233 3667 1306 honorem,quoddam

2023 1322 2084 1377 in
2116 1320 2555 1377 contumeliam.

2095 1433 2123 1460 ‹‹
2157 1409 2299 1476 Quis
2331 1409 2703 1465 annuntiavit
2729 1411 2800 1465 ab
2833 1408 3068 1465 exordio
3108 1413 3175 1465 ut
3224 1409 3483 1467 sciamus
3532 1414 3590 1467 et
3641 1429 3675 1467 a

2023 1498 2369 1572 principio,»
2383 1502 2783 1553 creaturarum
2800 1497 3061 1570 praedixit
3076 1498 3271 1553 futura
3285 1521 3313 1548 «
3332 1501 3396 1554 ut
3409 1498 3675 1555 dicamus

2026 1587 2384 1660 quiajuslus
2414 1590 2521 1641 est.
2541 1608 2570 1634 »
2591 1587 2662 1640 Et
2701 1590 2790 1641 est
2824 1602 3064 1642 sensus:
3089 1586 3231 1652 Quis
3271 1587 3425 1642 Dsus
3470 1587 3582 1643 fuit
3614 1587 3674 1643 in

2024 1675 2321 1751 gentibus,
2341 1678 2406 1730 ut
2436 1674 2816 1730 annuntiaret
2845 1675 3159 1730 adventum
3192 1673 3320 1730 Filii
3344 1675 3567 1732 Dei?'Si
3585 1678 3676 1732 est

2027 1765 2243 1838 aliquis
2274 1765 2428 1820 Deus
2458 1763 2556 1836 qui
2591 1763 2711 1818 hzec
2744 1762 2963 1830 fecerit,
2994 1761 3260 1818 dicemus
3291 1763 3431 1835 quia
3469 1764 3673 1834 justus

2027 1858 2136 1910 est.
2170 1877 2195 1903 α
2216 1853 2351 1908 ‘Non
2383 1856 2473 1907 est
2502 1852 2660 1908 enim
2692 1866 2896 1923 neque
2930 1849 3291 1906 annuntians
3336 1873 3363 1900 ››
3408 1854 3675 1924 tempora

2027 1941 2319 2016 praeterita
2341 1964 2369 1991 «
2391 1957 2577 2013 neque
2591 1939 2913 2013 praedicens
2929 1962 2957 1989 »
2971 1939 3170 1995 futura
3182 1956 3251 1994 ex
3268 1939 3547 1997 omnibus
3558 1939 3673 1997 diis

2023 2032 2236 2089 vestris
2268 2049 2281 2087 :
2316 2055 2343 2081 «
2376 2047 2562 2103 neque
2594 2030 2838 2086 audiens
2869 2045 3170 2085 sermones
3199 2034 3443 2096 vestros,
3476 2052 3504 2080 »
3534 2028 3675 2102 quia

2026 2121 2174 2177 muti
2205 2124 2261 2176 et
2292 2119 2453 2176 surdi
2477 2123 2638 2175 sunt.
2668 2118 2788 2174 Hoc
2818 2121 2909 2173 cst
2939 2117 3094 2190 quod
3115 2118 3243 2189 jam
3275 2118 3674 2190 superius-di-

2025 2211 2241 2277 ximus,
2274 2208 2412 2281 quia
2441 2211 2574 2280 post
2604 2208 2919 2262 adventum
2966 2204 3199 2261 Domini
3253 2208 3310 2261 et
3353 2210 3674 2278 postquam

2026 2299 2173 2355 fides
2202 2299 2330 2370 ejus
2360 2296 2533 2369 ccepit
2559 2295 2789 2351 dilatari
2822 2311 2925 2366 per
2950 2294 3173 2359 orbem,
3204 2294 3502 2349 dmmones
3546 2310 3674 2366 quin

2027 2404 2311 2459 responsa
2342 2390 2477 2441 ante
2507 2384 2662 2440 soliti
2696 2387 2864 2438 erant
2893 2383 3051 2449 dare,
3086 2381 3513 2437 conticua‘unt.

2101 2500 2128 2526 ‹‹
2156 2475 2388 2531 Primus
2418 2474 2491 2529 ad
2525 2472 2663 2529 Sion
2696 2472 2851 2528 dicet
2882 2488 2895 2526 :
2928 2472 3073 2526 Ecce
3104 2471 3336 2538 adsum,
3370 2474 3430 2526 et
3472 2470 3678 2526 Hieru-

2029 2564 2210 2621 salem
2244 2561 2660 2634 evangelistam
2690 2560 2862 2615 dabo.
2900 2582 2927 2609 »
2960 2559 3067 2615 Per
3114 2559 3253 2615 Sion
3299 2562 3450 2631 (qua:
3499 2558 3677 2615 inter-

2029 2657 2292 2726 pretatur
2320 2650 2623 2723 speculum
2654 2649 2774 2704 sive
2806 2646 3150 2720 speculatio)
3179 2651 3236 2703 et
3264 2664 3367 2720 per
3405 2647 3677 2703 Hierusa-

2027 2742 2160 2798 lem.
2202 2744 2355 2812 (qua:
2401 2739 2821 2811 interpretatur
2879 2734 3024 2792 visio
3078 2735 3262 2808 pacis)
3311 2735 3680 2808 signiﬁcatur

2029 2830 2244 2886 chorus
2274 2828 2741 2901 praedicatorum,
2775 2829 2831 2880 et
2861 2822 3209 2880 universalis
3240 2822 3519 2879 Ecclesia.
3552 2823 3675 2878 Pri—

2030 2937 2185 2985 mus,
2218 2918 2326 2972 hoc
2356 2920 2445 2973 est
2487 2913 2915 2988 primogenitus
2955 2928 3123 2968 meus
3173 2912 3376 2981 Filius,
3406 2910 3556 2968 dicit
3602 2912 3676 2967 ad

2031 3006 2192 3074 Sion,
2226 3006 2284 3061 id
2317 3008 2424 3073 est,
2451 3004 2521 3060 ad
2554 3006 2790 3059 sanctos
2822 2999 3119 3073 apostolos
3149 3004 3206 3056 et
3233 2999 3673 3072 praadicatores:

2030 3097 2176 3152 Ecce
2207 3094 2439 3159 adsum,
2471 3110 2504 3148 o
2535 3090 2783 3164 apostoli
2813 3088 2950 3156 mei,
2989 3093 3048 3145 et
3094 3087 3457 3146 Hierusalem
3504 3105 3677 3145 evan-

2031 3183 2303 3257 gelistam
2339 3181 2511 3248 daho,
2545 3181 2654 3236 hoc
2683 3182 2773 3235 est
2811 3181 3044 3235 sanctos
3093 3176 3194 3250 qui
3242 3180 3414 3233 erunt
3460 3175 3521 3232 in
3568 3177 3678 3233 Ec-

262 3284 395 3324 θοι)
425 3271 532 3336 est,
552 3269 623 3324 ad
656 3268 913 3326 cultores
941 3270 1557 3344 idolorum,quantum
1579 3272 1826 3345 pertinet
1848 3273 1918 3328 ad
1953 3260 1995 3327 C
2034 3272 2234 3336 clesia,
2265 3270 2438 3332 dabo,
2468 3273 2534 3325 ut
2562 3268 2680 3325 sint
2708 3265 3117 3340 praedicatores
3146 3270 3205 3321 et
3235 3265 3679 3321 annuntiatores

270 3356 584 3413 materiam
618 3358 774 3414 unde
804 3357 961 3414 idola
1009 3361 1245 3427 ﬁebant,
1277 3360 1547 3417 videlicet
1592 3378 1801 3417 aurum
1834 3360 1921 3416 vel

258 3444 437 3502 aliud
464 3445 1070 3520 hujusmodi,aliquid
1102 3450 1362 3518 erat,sed
1387 3449 1513 3522 ipse
1547 3449 1742 3505 cultus
1771 3448 1920 3505 nihil

253 3539 414 3591 erat.
443 3535 689 3608 insuper
716 3540 775 3592 et
802 3538 875 3592 ad
918 3538 1415 3611 comparationem
1466 3539 1591 3595 auri
1642 3543 1699 3594 et
1746 3539 1918 3607 acris,

258 3622 359 3678 vel
389 3621 550 3679 illius
578 3624 736 3679 unde
766 3624 1167 3692 fiebant,nihil
1198 3630 1340 3681 erat.
1375 3650 1397 3676 α
1426 3626 1917 3695 Abominatioest,

259 3711 371 3786 qui
404 3710 581 3785 elegit
607 3729 731 3780 vos,
769 3736 798 3763 ι»
828 3714 938 3769 hoc
969 3719 1060 3771 est
1087 3715 1339 3788 abject-io
1364 3719 1427 3772 et
1453 3716 1786 3783 detestatio,
1819 3715 1920 3772 ille

260 3801 471 3869 homo,
503 3802 603 3873 qui
635 3802 912 3858 conﬂavit
938 3819 1061 3872 vos,
1094 3820 1128 3859 o
1154 3803 1334 3860 idola.

343 3888 693 3947 «Suscitavi
716 3891 798 3949 ab
827 3892 1122 3965 aquilone,
1153 3893 1345 3949 veniet
1392 3894 1464 3949 ab
1512 3896 1643 3949 ortu
1690 3892 1853 3949 solis.
1890 3916 1917 3943 ››

259 3977 394 4034 Your
412 3977 515 4035 Dei
532 3978 744 4035 Patris.
758 3979 967 4053 Aquilo
983 3984 1075 4037 est
1098 3985 1309 4038 ventus
1341 3980 1589 4056 frigidus
1608 3985 1665 4037 et
1695 3986 1922 4037 contra-

259 4066 419 4132 riam,
451 4071 511 4123 et
538 4067 837 4142 signiﬁcat
865 4069 1186 4126 diabolum.
1220 4070 1534 4126 Suscitavit
1579 4087 1716 4143 ergo
1764 4070 1919 4126 Deus

260 4155 444 4212 Pater
470 4155 718 4229 gentiles
742 4158 823 4213 ab
875 4158 1147 4231 aquilone
1190 4160 1490 4233 degentes,
1522 4159 1633 4214 hoc
1682 4162 1771 4215 est
1816 4157 1919 4231 qui

258 4242 465 4317 Frigus
480 4245 695 4300 erroris
715 4246 1108 4319 patiebantur,
1122 4262 1375 4320 quorum
1408 4247 1584 4303 corda
1604 4264 1719 4303 neu
1754 4247 1919 4302 arde-

255 4333 416 4388 bant
441 4348 644 4390 amore
676 4334 1015 4391 dilectionis
1064 4336 1165 4391 Dei
1206 4338 1265 4392 et
1301 4334 1569 4408 proximi.
1600 4337 1678 4391 Et
1704 4335 1917 4406 veniet,

253 4421 565 4478 subaudis
588 4420 859 4480 Christus
888 4425 963 4480 ab
996 4428 1127 4481 ortu
1160 4424 1326 4493 solis,
1357 4425 1416 4480 in
1449 4440 1625 4497 quem
1658 4425 1917 4480 credent.

250 4510 354 4567 Ab
380 4513 518 4565 ortu
549 4510 691 4567 solis
714 4512 914 4568 venire
944 4513 1184 4581 dicitur,
1200 4513 1338 4585 quia
1366 4513 1569 4569 Judaea
1588 4513 1645 4567 in
1669 4511 1920 4568 Orientis

2028 3359 2310 3418 veritatis.
2343 3356 2712 3430 Evangelista
2742 3355 2961 3411 dicitur
3009 3355 3200 3411 bonus
3248 3353 3679 3426 interpretator,

2029 3454 2087 3507 et
2117 3448 2314 3522 posuit
2343 3464 2527 3503 unum
2560 3462 2663 3518 pro
2696 3444 2918 3500 multis.

2102 3562 2129 3589 ‹‹
2163 3539 2231 3593 Et
2260 3535 2374 3591 vidi
2403 3553 2508 3609 ego
2544 3557 2571 3584 »
2622 3535 2776 3589 Deus
2825 3532 3198 3605 omnipotens
3238 3553 3278 3581 -‹‹
3308 3534 3367 3589 et
3409 3547 3525 3586 non
3558 3535 3682 3587 erat

2030 3644 2217 3700 neque
2247 3642 2315 3682 ex
2346 3624 2498 3690 istis,
2533 3644 2560 3673 ››
2595 3622 2885 3678 subaudis
2916 3619 3253 3676 simulacris
3280 3617 3369 3673 vel
3400 3618 3678 3673 daemoni-

2028 3716 2140 3772 bus
2191 3738 2219 3764 «
2254 3714 2593 3786 quisquam,
2636 3709 2737 3781 qui
2789 3708 2964 3763 iniret
3006 3706 3342 3772 consilium,
3378 3728 3405 3755 ››
3436 3705 3546 3762 hoc
3584 3709 3681 3761 est

2028 3804 2128 3877 qui
2159 3803 2406 3858 intraret
2435 3801 2493 3854 in
2522 3796 2907 3862 consilium,«
2940 3799 2997 3851 et
3022 3794 3417 3867 interrogatus
3449 3815 3477 3842 »
3506 3792 3681 3849 acul-

2029 3892 2256 3948 toribus
2284 3889 2430 3956 suis,
2463 3910 2491 3937 «
2524 3886 2900 3958 responderet
2923 3883 3189 3939 verbum.
3240 3904 3269 3931 »
3320 3882 3478 3937 Licet
3521 3880 3678 3937 enim

2026 3981 2499 4052 interrogaretur,
2533 3993 2648 4030 non
2674 3977 2875 4029 tamen
2907 3974 3132 4045 poterat
3160 3971 3535 4044 respondere.

2101 4091 2128 4119 α
2180 4068 2324 4123 Ecce
2369 4080 2598 4129 omnes,
2632 4084 2661 4113 »
2715 4060 3001 4117 subaudis
3054 4058 3307 4116 cultores
3358 4057 3675 4126 idolorum,

2032 4180 2061 4209 ‹‹
2093 4154 2319 4229 i-njusti.
2354 4176 2383 4204 »
2411 4176 2439 4204 ‹‹
2468 4154 2539 4208 Et
2566 4169 2715 4207 vana
2744 4166 2921 4224 opera
2940 4166 3164 4217 eorum,
3194 4171 3222 4199 »
3253 4149 3309 4204 id
3342 4153 3451 4217 est,
3484 4146 3679 4204 cultus

2028 4262 2231 4302 eorum
2280 4241 2438 4298 velut
2487 4265 2513 4291 ‹‹
2548 4244 2758 4297 ventus
2807 4243 2866 4295 et
2912 4239 3087 4295 inane
3134 4237 3523 4294 simulacrum
3574 4254 3678 4294 eo-

2029 4352 2183 4404 rum,
2219 4354 2246 4383 n
2279 4332 2389 4387 hoc
2418 4334 2510 4388 est
2541 4328 2769 4385 inutile.

2636 4417 2869 4474 CAPUT
2907 4417 3075 4473 XLII.

2100 4536 2127 4562 «
2163 4515 2304 4567 Ecce
2350 4525 2552 4565 servus
2584 4524 2770 4574 meus,
2807 4505 3126 4576 suscipiam
3154 4521 3316 4560 eum.
3361 4524 3387 4551 η
3426 4502 3547 4557 Vox
3580 4502 3679 4558 Dei

252 4597 540 4672 partibus
570 4599 798 4655 est.ille
822 4600 1012 4656 veniet
1041 4603 1112 4657 ab
1139 4607 1275 4657 ortu
1307 4602 1467 4669 solis,
1490 4602 1563 4656 de
1594 4619 1711 4674 quo
1742 4619 1915 4673 supra
1955 4624 1997 4687 Β
2032 4601 2221 4657 Patris
2241 4601 2311 4655 de
2334 4597 2497 4654 Filio.
2523 4595 2809 4687 Dominus
2828 4591 3300 4687 lesusAChristus
3320 4591 3476 4687 Deus
3496 4594 3562 4687 et
3582 4589 3683 4645 ho-

250 4687 495 4742 dictum
530 4690 678 4743 est:
733 4712 760 4737 ι(
808 4689 921 4755 Qui
969 4690 1273 4746 suscitavit
1322 4691 1405 4745 ab!
1423 4692 1659 4746 Oriente
1681 4691 1918 4761 justum

247 4778 484 4847 ςυιΡτ-α,
500 4774 660 4847 1x);»
682 4780 741 4831 et
775 4775 889 4832 alio
909 4776 1072 4833 loco:
1123 4800 1152 4829 «
1174 4780 1318 4835 Ecce
1357 4778 1445 4834 vir
1470 4778 1667 4834 oriene
1705 4795 1919 4834 nomen

243 4864 396 4933 ejus
420 4862 620 4932 (Ζισή.
640 4864 741 4936 νι).
775 4885 804 4915 n
820 4886 821 4889 η
839 4865 1090 4939 Ideoque
1121 4866 1429 4923 suscitabit
1453 4870 1656 4939 gentes
1679 4868 1751 4922 de
1782 4866 1884 4921 inti
1902 4897 1919 4909 -

244 4948 510 5005 dclitate
541 4951 617 5006 ad
648 4952 847 5021 ﬁdem,
881 4959 948 5009 ut
978 4956 1218 5011 credant
1244 4954 1305 5010 in
1336 4971 1493 5023 eum,
1528 4954 1628 5027 qui
1659 4955 1818 5010 venit
1848 4956 1921 5011 ab

2031 4707 2126 4746 mo
2156 4694 2264 4745 est.
2302 4688 2362 4742 ln
2393 4689 2677 4758 quantum
2714 4683 2784 4737 ad
2830 4680 3191 4735 divinitatem
3224 4679 3480 4752 pertinet
3522 4679 3681 4734 Deus

2029 4783 2136 4846 est,
2167 4780 2487 4832 coaeternus
2517 4776 2576 4827 et
2603 4766 3128 4826 consubstantialis
3160 4767 3679 4824 Patri.Secundum

2030 4865 2272 4923 humani
2283 4868 2294 4917 ι
2305 4866 2458 4917 atem
2472 4877 2607 4915 vero
2629 4875 2831 4914 servus
2843 4855 3335 4930 uppellatur,quia
3346 4854 3676 4911 minoratus

2031 4959 2119 5011 est
2140 4951 2313 5026 paulo
2334 4950 2534 5005 minus
2556 4948 2628 5003 ab
2641 4946 3106 5020 angelis.Servus
3120 4944 3295 5001 etiam
3313 4949 3553 5000 vocatus
3567 4947 3676 5014 est,

240 5041 400 5094 ortu
422 5036 599 5094 solis.
622 5040 708 5095 Et
726 5056 916 5112 quare
938 5043 1087 5099 dicit
1110 5043 1427 5099 Dominum
1454 5042 1651 5099 venire
1686 5044 1760 5099 ab
1791 5049 1921 5099 ortu

242 5124 521 5183 salienti
546 5131 778 5199 gentes,
810 5147 944 5186 eum
978 5132 1263 5205 ipsernon
1295 5130 1693 5204 praedicaverit
1736 5132 1922 5206 genti-

242 5213 620 5270 bus?th
638 5217 885 5289 "quidem
914 5236 1023 5293 per
1049 5221 1349 5293 apostolos
1377 5237 1539 5287 suos,
1555 5221 1696 5292 quia
1726 5221 1925 5277 omnia

240 5318 401 5375 quae
432 5303 681 5375 apostoli
710 5308 938 5379 'operati
968 5314 1130 5377 sunt,
1155 5325 1259 5382 per
1289 5309 1484 5382 ipsum
1512 5313 1571 5364 et
1599 5308 1658 5364 in
1688 5310 1923 5366 nomine

233 5390 401 5464 cjns
426 5394 493 5445 et
518 5389 837 5450 inlaudem
858 5398 987 5469 ejus
1011 5398 1369 5453 fecerunt.Et
1390 5396 1501 5451 nisi
1523 5397 1650 5468 ipse
1666 5397 1923 5453 venisset

231 5484 307 5535 ot
340 5476 753 5537 illnminasset
780 5486 956 5540 corda
985 5485 1274 5559 gentium,
1303 5485 1363 5540 in
1396 5501 1611 5540 vanum
1640 5487 1921 5556 expende-

229 5570 403 5625 rent
416 5567 896 5639 pmdicatiouem
918 5592 1106 5630 suam.
1125 5598 1155 5625 «
1168 5574 1406 5632 Vocavit
1422 5590 1633 5630 nomen
1658 5590 1917 5643 meum,»

227 5654 580 5727 mmedio,
608 5657 710 5716 ille
748 5663 859 5734 qui
876 5663 1080 5720 :veniet
1117 5664 1203 5720 tab
1232 5667 1364 5720 ortu
1392 5662 1557 5732 solis,
1584 5685 1615 5713 «
1647 5666 1705 5718 et
1731 5664 1915 5721 addu-

2032 5042 2171 5117 quia
2194 5064 2221 5090 ‹‹
2257 5056 2390 5095 cum
2424 5038 2481 5093 in
2513 5038 2703 5092 forma
2735 5034 2835 5090 Dei
2868 5038 3040 5101 esset,
3074 5032 3408 5090 humiliavit
3454 5047 3516 5088 se
3564 5030 3678 5087 for-

2033 5148 2189 5188 mam
2225 5128 2369 5185 servi
2404 5124 2697 5198 accipiens
2726 5124 2957 5194 (Philip.
2991 5123 3055 5193 n)
3112 5122 3268 5177 Deus
3307 5120 3679 5192 omnipotens

2033 5223 2203 5277 Pater
2232 5233 2486 5286 servum,
2513 5212 2783 5269 videlicet
2812 5211 3129 5266 Dominum
3161 5212 3426 5264 nostrum
3468 5208 3679 5263 ‘Jesum

2030 5309 2261 5366 Christu
2273 5324 2324 5360 rn
2354 5304 2507 5376 quad
2519 5301 2805 5370 ragesimo
2821 5300 2916 5355 die
2934 5296 3379 5354 resurrectionis
3396 5295 3676 5380 suscepit,

2030 5400 2262 5454 elevans
2293 5409 2426 5449 eum
2458 5406 2638 5461 supra
2667 5388 2863 5444 omnia
2894 5388 3088 5443 sidera
3137 5390 3197 5442 et
3252 5401 3429 5458 super
3473 5400 3680 5441 omnes

2028 5486 2225 5553 caelos,
2282 5486 2340 5538 et
2399 5478 2690 5535 collocans
2759 5477 2819 5531 in
2878 5477 3083 5531 dextra
3138 5472 3466 5547 maiestatis
3537 5489 3676 5529 suis.

2027 5600 2054 5627 «
2079 5575 2312 5631 Electus
2343 5564 2894 5637 meus,ccmplacuit
2924 5564 3036 5620 sibi
3068 5565 3128 5619 in
3159 5562 3259 5619 illo
3272 5562 3477 5619 anima
3490 5577 3678 5619 mea.»

2024 5664 2258 5721 Electus
2286 5662 2375 5718 est
2402 5658 2519 5715 Deo
2551 5654 2702 5712 Patri
2751 5652 3038 5711 Dominus
3088 5654 3283 5722 Jesus,
3317 5652 3472 5709 sicut
3518 5654 3669 5708 tem-
