4090 6192
469 369 588 434 923

469 519 608 576 pore
628 499 1000 576 baptismatis
1011 498 1256 554 etetiam
1272 497 1330 551 in
1345 499 1541 552 monte
1551 512 1658 550 vox
1673 492 1916 567 protulit
1929 492 2110 548 missa
2140 492 2192 558 Α

469 590 846 649 aPatrezﬂic
887 591 977 644 est
1016 586 1199 642 Filius
1240 602 1406 641 meus
1440 583 1688 640 dilectus
1733 583 1790 638 in
1823 599 1940 654 quo
1973 581 2117 636 mihi

471 677 800 751 complacui
823 675 1178 748 (Matth.111).»
1203 673 1260 729 id
1284 673 1457 740 est,in
1477 690 1592 745 quo
1616 671 1899 744 placitum
1920 687 2116 726 meum

468 766 658 840 posui.
691 765 923 821 Electus
951 767 1059 830 est,
1085 761 1223 833 quia
1253 761 1312 815 in
1345 760 1444 815 illo
1473 765 1563 815 est
1591 759 1784 814 omnis
1815 757 2118 830 plenitudo

466 855 752 910 virtutum
784 853 921 926 (Col.
956 869 972 906 1
1003 859 1055 906 ct
1080 851 1162 917 11),
1198 850 1316 904 imo
1368 849 1492 921 ipse
1543 854 1634 904 est
1680 848 1782 903 Dei
1831 846 2016 901 virtus
2063 849 2120 900 et

469 944 570 1000 Dei
601 941 908 1016 sapientia.
942 941 1097 995 Deus
1138 940 1308 994 Pater
1355 938 1730 1009 omnipotens
1779 953 1891 990 non
1945 935 2120 990 habet

468 1031 854 1102 animam,sed
885 1047 986 1102 pro
1007 1027 1305 1084 voluntate
1333 1027 1389 1080 in
1411 1026 1521 1081 hoc
1543 1026 1666 1080 loro
1687 1025 1899 1097 posuit.
1918 1025 1985 1078 Et
2011 1024 2119 1078 hoc

469 1127 560 1178 est
587 1122 744 1194 quod
777 1120 942 1185 dicit,
973 1116 1330 1188 complacuit
1359 1115 1467 1169 sibi
1511 1114 1570 1168 in
1607 1113 1701 1168 illo
1735 1114 1931 1168 anima
1967 1130 2115 1179 mea,

468 1212 579 1268 hoc
613 1214 720 1277 est,
753 1205 1106 1278 complacuit
1135 1203 1418 1259 voluntati
1451 1219 1612 1269 meae,
1649 1205 1714 1256 ut
1745 1201 2032 1256 habitaret
2059 1201 2116 1255 in

469 1301 590 1356 illo.
625 1323 652 1348 ‹‹
679 1297 822 1353 Dedi
854 1294 1126 1366 spiritum
1162 1308 1356 1359 meum
1388 1308 1566 1362 super
1595 1307 1754 1356 eum,
1791 1313 1818 1338 »
1849 1289 1936 1344 vel
1968 1307 2002 1344 a
2029 1288 2121 1344 die

469 1383 888 1458 conceptionis,
923 1381 1076 1437 sicut
1107 1381 1252 1435 dixit
1283 1379 1530 1452 angelus
1557 1379 1751 1433 Maria:
1780 1395 1793 1434 :
1819 1401 1845 1427 ‹‹
1867 1377 2120 1449 Spiritus

470 1477 712 1530 sanctus
742 1469 1110 1545 superveniet
1141 1470 1198 1524 in
1231 1474 1288 1524 te
1319 1469 1469 1540 (Luc.
1505 1472 1564 1537 1).
1603 1490 1629 1516 »
1656 1467 1758 1522 Vel
1781 1467 1957 1523 etiam
1981 1471 2123 1522 tem-

469 1579 608 1636 pore
638 1559 1286 1633 baptismatis,quando
1314 1557 1374 1612 in
1408 1556 1601 1628 specie
1631 1555 1915 1612 columbae
1946 1574 2124 1628 super

469 1667 605 1707 eum
637 1648 938 1722 requievit.
963 1671 992 1698 «
1013 1647 1044 1702 J
1053 1646 1310 1702 udicium
1343 1646 1618 1719 gentibus
1643 1646 1893 1717 proferet
1917 1668 1944 1694 »
1963 1645 2119 1717 quod

467 1742 640 1796 antea
667 1736 1036 1810 ignorabant.
1069 1738 1258 1801 Quare
1305 1751 1418 1790 non
1455 1733 1596 1789 dicit
1625 1739 1682 1789 et
1712 1733 1952 1802 Judaeis,
1985 1750 2120 1789 cum

466 1826 664 1900 potius
690 1824 816 1897 ipse
846 1841 948 1896 per
977 1823 1360 1896 semetipsum
1395 1821 1681 1893 iudicium
1715 1821 1876 1877 illius
1919 1827 1975 1877 et
1997 1823 2123 1894 jus-

465 1915 658 1971 titiam
687 1912 1246 1980 nuntiavcrit?Quia
1270 1911 1455 1968 Judaei
1481 1928 1585 1984 pro
1619 1909 1802 1966 nihilo
1823 1912 2119 1967 duxerunt

465 2005 595 2077 ejus
624 2001 1115 2076 praedicationem,
1149 2006 1207 2056 et
1237 1999 1406 2073 pauci
1442 2017 1642 2056 eorum
1677 1999 1734 2054 in
1768 2017 1902 2056 eum
1931 2001 2116 2056 credi-

468 2095 698 2150 derunt.
732 2092 946 2148 Gentes
976 2094 1173 2146 autem
1204 2093 1515 2162 postquam
1547 2105 1802 2144 errorem
1833 2106 2010 2144 suum
2044 2090 2116 2145 ab

467 2179 748 2255 apostolis
781 2178 1112 2246 audierunt,
1145 2195 1484 2250 quanquam
1515 2177 1829 2233 Dominum
1861 2195 2117 2249 praesen-

465 2273 584 2327 tem
614 2287 730 2326 non
760 2268 1064 2333 vidissent,
1089 2268 1322 2322 credere
1351 2265 1410 2320 in
1443 2282 1578 2321 eum
1601 2270 1658 2321 et
1686 2266 1940 2322 converti
1973 2284 2006 2322 a
2027 2266 2118 2323 via

467 2376 575 2414 sua
607 2357 763 2414 mala
793 2373 1018 2412 moram
1051 2372 1168 2410 non
1201 2355 1482 2410 fecerunt.

537 2516 565 2542 «
597 2493 722 2548 Non
755 2489 1056 2556 clamabit,
1072 2511 1099 2538 »ι
1125 2487 1182 2544 id
1205 2491 1313 2557 est,
1331 2506 1448 2542 non
1469 2487 1800 2544 sublevabit
1831 2487 1891 2543 in
1928 2487 2114 2544 altum

467 2599 664 2638 vocem
688 2577 1024 2652 suam,quia
1043 2577 1153 2633 erit
1184 2576 1344 2632 mitis
1365 2581 1422 2632 et
1446 2576 1984 2632 mansuetus.Sicut
2001 2577 2114 2633 alio

469 2671 595 2727 loco
617 2668 902 2741 scriptum
923 2669 1014 2724 est
1031 2668 1228 2739 (infra,
1264 2668 1384 2734 1.111)
1411 2683 1424 2720 :
1454 2689 1481 2716 ‹‹
1506 2665 1669 2722 Sicut
1697 2666 1820 2722 ovis
1853 2666 1922 2720 ad
1966 2665 2115 2721 occi-

473 2758 699 2816 sionem
727 2759 1066 2830 dncetur,et
1095 2754 1254 2811 velut
1283 2772 1472 2828 agnus
1499 2771 1694 2810 coram
1725 2755 2006 2810 tondente
2032 2772 2116 2823 se,

471 2849 858 2905 obmutescet.
874 2869 902 2896 »
922 2867 949 2896 «
968 2845 1166 2916 Neque
1193 2843 1436 2915 accipiet
1448 2860 1754 2915 personam
1768 2866 1816 2909 ,n
1831 2843 2118 2899 subaudis

469 2938 532 2994 in
555 2935 803 3009 judicio,
836 2935 937 2992 sed
959 2934 1191 3005 justum
1217 2932 1509 3005 judicium
1531 2931 1886 3003 judicabit.«
1921 2933 2118 3002 Neque

471 3025 744 3083 audietur
777 3023 917 3081 foris
945 3040 1054 3078 vox
1105 3022 1254 3094 ejus,
1291 3044 1318 3071 »
1370 3020 1654 3077 subaudis
1702 3037 1737 3074 a
1782 3019 1982 3075 Judzea
2029 3019 2119 3076 vel

471 3113 728 3171 Galilaza.
763 3112 922 3169 Licet
951 3110 1107 3167 enim
1138 3110 1390 3181 legimus
1417 3109 1765 3180 praedicasse
1785 3124 1919 3162 eum
1949 3111 2004 3163 et
2025 3125 2121 3180 ap-

469 3201 897 3274 propinquasse
925 3197 1194 3254 terminis
1222 3197 1356 3268 Tyri
1388 3202 1446 3251 et
1477 3195 1713 3252 Sidonis
1743 3199 1800 3250 et
1829 3195 2114 3251 Cazsarzeae

471 3287 744 3358 Philippi,
779 3304 905 3358 quas
953 3284 1220 3340 civitates
1267 3289 1434 3340 erant
1479 3283 1766 3356 gentium,
1817 3301 2112 3356 nusquam

468 3374 800 3430 invenimus
833 3372 1117 3444 scriptum
1141 3371 1475 3445 ingressum
1501 3388 1629 3426 esse
1651 3371 1711 3426 in
1743 3371 2008 3429 civitates
2029 3373 2114 3429 vel

469 3463 783 3537 regiones:
830 3463 932 3520 sed
985 3461 1044 3517 in
1097 3462 1300 3518 Judzea
1349 3466 1408 3518 et
1453 3460 1709 3534 Galilzea,
1759 3467 1818 3518 et
1864 3463 2116 3520 maxime

469 3553 625 3609 circa
655 3550 1039 3608 Hierusalem.

540 3710 568 3737 ‹‹
601 3685 904 3743 Calamam
937 3688 1284 3759 quassatum
1339 3702 1456 3740 non
1509 3687 1786 3752 conteret,
1821 3689 1878 3741 et
1927 3684 2114 3742 linum

468 3775 765 3848 fumigans
792 3792 908 3830 non
927 3773 1316 3848 exstinguat.»
1340 3773 1447 3828 Per
1465 3772 1886 3846 calamum,qui
1908 3775 2119 3830 extrin-

469 3881 639 3922 secus
668 3868 758 3921 est
786 3863 1010 3920 nitidus
1040 3867 1098 3918 et
1126 3862 1484 3918 intrinsecus
1527 3879 1766 3930 vacuus,
1799 3881 2118 3936 possumus

467 3953 795 4028 intelligere
815 3969 1062 4025 regnum
1094 3952 1430 4008 Judzeorum
1469 3969 1482 4006 :
1518 3953 1672 4024 quod
1714 3952 1772 4006 in
1823 3952 2033 4007 scribis
2062 3956 2120 4007 et

468 4042 774 4116 pharismis
804 4041 1168 4097 extrinsecus
1201 4057 1304 4112 per
1349 4040 1788 4096 simulationem
1838 4041 2114 4096 nitidum.

468 4135 612 4196 erat,
642 4129 1001 4184 intrinsecus
1031 4133 1227 4184 autem
1257 4146 1508 4184 vacuum
1537 4146 1573 4184 a
1601 4130 1754 4185 bono
1791 4146 1982 4202 opere.
2015 4129 2116 4184 Vel

469 4217 646 4274 etiam
678 4217 956 4283 nitidum,
989 4217 1128 4288 quia
1158 4215 1314 4271 idola
1343 4234 1458 4272 non
1491 4217 1716 4273 colebat
1743 4217 1843 4273 illo
1875 4218 1934 4272 in
1965 4222 2118 4274 tem-

469 4320 610 4379 pore
640 4321 654 4360 :
689 4304 791 4360 sed
822 4321 1071 4360 vacuum
1127 4304 1267 4376 quia
1313 4305 1485 4360 ﬁdem
1539 4322 1655 4360 non
1704 4305 1980 4362 habebat.
2015 4307 2120 4362 Per

468 4393 656 4448 linum
691 4392 988 4465 fumigans
1009 4409 1076 4448 ex
1107 4409 1222 4465 quo
1254 4392 1638 4448 sacerdotalia
1656 4393 2006 4449 vestimenta
2026 4397 2122 4451 [ἰο-

469 4481 1016 4555 bant,significatur
1035 4480 1426 4537 sacerdotium
1457 4481 2116 4554 Judmoru1n,quodjam

889 363 1300 428 HAYMONIS
1333 360 1878 424 HALBERSTA’I‘.
1911 356 2155 420 EPISC.
2185 351 2361 418 OPP.
2395 352 2597 416 PARS
2628 353 2678 415 l.
2708 386 2788 398 —
2815 350 3222 415 COMMENT.
3255 351 3452 413 BIBL.

2149 3224 2188 3250 Π

2147 3259 2190 3291 υ

3745 353 3857 416 924

2293 508 2322 540 ‹ι
2355 489 2481 544 Νοιι
2532 487 2645 544 erit
2691 486 2898 556 tristis,
2950 502 3139 559 neque
3185 483 3584 541 turbulentus.
3619 506 3646 534 ιι
3694 483 3855 543 Omni

2227 583 2490 651 tempore
2523 575 2752 647 hilaris,
2768 591 3114 648 semperque
3136 574 3439 648 jucundus
3468 573 3747 629 exstitit.«
3769 576 3859 632 De.

2228 685 2335 724 nec
2367 671 2546 740 ponat
2577 665 2636 720 in
2669 671 2826 720 terra
2847 665 3166 737 judicium,
3202 686 3231 713 ››
3261 662 3370 719 hoc
3399 666 3507 731 est,
3543 662 3602 718 in
3642 662 3736 720 die
3771 665 3857 738 ju-

2230 757 2368 812 dicii
2403 772 2582 828 super
2608 759 2874 810 terrenos
2903 753 3192 808 homines.
3224 775 3252 802 «
3286 753 3358 807 Et
3401 751 3588 824 legem
3627 753 3755 823 ejus
3781 753 3856 809 in-

2229 845 2370 900 sulae
2402 845 2848 916 exspectabunt.
2887 865 2914 892 »
2948 840 3316 898 Manifestius
3344 841 3596 896 habetur
3625 841 3687 896 in
3737 842 3858 914 Sep.

2230 933 2502 1005 tuaginta
2540 931 2992 1003 interpretibus:
3025 931 3096 985 Et
3124 928 3182 984 in
3217 929 3453 984 nomine
3499 930 3630 1000 ejus
3678 935 3861 1002 gentes

2229 1023 2553 1096 sperabunt
2610 1021 2824 1095 legem.
2872 1021 3008 1076 Non‘
3048 1019 3332 1074 debemus
3375 1018 3635 1090 accipere
3693 1019 3861 1092 legem

2232 1112 2438 1185 Moysi,
2456 1111 2554 1166 sed
2587 1110 2771 1182 legem
2794 1107 3420 1181 Evangelicam.Quare
3453 1107 3659 1163 insulae
3678 1113 3863 1182 gentes

2227 1199 2815 1272 vocentur,superius
2839 1198 3064 1253 dictum
3087 1201 3196 1253 est.
3213 1218 3240 1246 ‹‹
3266 1197 3395 1252 Hazc
3425 1195 3568 1253 dicit
3593 1197 3864 1253 Dominus

2230 1291 2384 1346 Deus
2416 1305 2623 1344 ereans
2653 1288 2828 1342 ccelos
2859 1309 2888 1338 »
2921 1303 3056 1343 cum
3088 1303 3204 1342 non
3244 1290 3460 1354 essent,
3493 1309 3520 1336 α
3572 1291 3631 1342 et
3677 1290 3863 1342 exten-

2231 1380 2376 1434 dens
2405 1401 2433 1427 »
2483 1377 2904 1433 habitationem
2953 1374 3319 1449 angelorum.
3366 1397 3396 1425 ‹‹
3441 1375 3714 1430 Firmans
3763 1380 3863 1432 ter-

2229 1484 2355 1522 ram
2390 1489 2417 1517 ››
2467 1483 2644 1538 super
2690 1463 3104 1521 tenuissimum
3153 1463 3531 1532 elementum,
3564 1486 3594 1515 «
3643 1469 3706 1519 et
3751 1481 3863 1536 quas

2229 1555 2639 1630 germinantur
2666 1571 2735 1610 ex
2763 1570 2852 1624 ea,
2889 1575 2917 1602 ››
2949 1552 3234 1610 subaudis
3265 1569 3498 1623 creans,
3530 1576 3560 1602 ι(
3593 1553 3748 1608 dans
3775 1553 3864 1610 ﬂa-

2229 1653 2356 1700 tum
2392 1668 2420 1694 »
2471 1645 2582 1700 hoc
2629 1648 2738 1710 est,
2772 1643 3055 1710 animam,
3089 1666 3119 1692 ‹‹
3152 1642 3366 1715 populo
3417 1643 3516 1716 qui
3566 1647 3660 1700 est.
3705 1659 3866 1715 super

2229 1751 2380 1790 eam.
2401 1757 2428 1782 η
2461 1733 2540 1789 De
2570 1733 2680 1788 hoc
2711 1733 2851 1788 ﬂatu
2883 1731 3098 1788 dicitur
3127 1731 3186 1786 in
3218 1730 3606 1804 Genesi,quia
3633 1755 3666 1782 α
3701 1732 3867 1788 insuf-

2231 1821 2390 1878 llavit
2415 1823 2570 1878 Deus
2603 1821 2658 1875 in
2693 1819 2900 1876 faciem
2949 1821 3084 1875 Adae
3137 1819 3497 1892 spiraculum
3540 1819 3676 1876 vita;
3725 1821 3862 1889 (Gen.

2227 1912 2310 1984 11),
2347 1934 2374 1960 »
2407 1911 2464 1966 id
2495 1914 2604 1979 est,
2636 1910 2898 1966 animam
2928 1909 3092 1965 dedit
3121 1909 3197 1974 ei,
3230 1930 3259 1960 «
3289 1909 3564 1982 spiritum
3597 1909 3865 1967 calcanti-

2227 2002 2338 2057 bus
2369 2017 2519 2068 eam,
2556 2021 2584 2050 »
2617 1997 2903 2056 subaudis
2931 1998 3303 2054 terram.Hoc
3331 1998 3405 2054 de
3433 2003 3638 2055 sancto
3655 1999 3864 2072 Spiritu

2226 2094 2317 2146 est
2373 2087 2840 2160 intelligendum.
2888 2085 2974 2142 Illi
3039 2087 3197 2142 enim
3247 2090 3545 2142 merentur
3591 2086 3864 2160 Spiritum

2227 2181 2494 2234 sanctum
2529 2176 2809 2248 accipere,
2845 2175 2943 2247 qui
2970 2179 3201 2230 terrena
3227 2175 3517 2231 desideria
3547 2175 3798 2242 calcant,
3818 2179 3867 2232 et

2228 2265 2577 2338 sapientiam
2609 2264 2802 2320 carnis
2832 2281 2951 2320 suae
2985 2263 3312 2336 subjiciunt
3342 2263 3638 2336 potestati.
3672 2264 3863 2321 Ambi-

2227 2371 2409 2428 guum
2441 2358 2592 2424 erat,
2617 2352 2753 2426 quis
2783 2352 3090 2426 superiora
3119 2353 3345 2408 dixerat
3371 2353 3444 2408 de
3473 2353 3732 2409 adventu
3753 2353 3864 2410 Filii

2228 2443 2349 2511 Dei,
2411 2444 2564 2516 quod
2625 2447 2760 2498 est:
2812 2443 2957 2498 Ecce
3014 2458 3216 2497 servus
3278 2458 3468 2512 meus,
3528 2442 3862 2516 suscipiam,

2224 2549 2381 2602 eum,
2415 2536 2472 2587 et
2508 2534 2715 2587 caetera
2759 2548 2889 2603 quae
2937 2529 3020 2586 ibi
3069 2529 3392 2586 dicuntur:
3443 2530 3696 2604 ideoque
3748 2531 3864 2587 uni-

2225 2621 2521 2677 versitatis
2564 2623 2885 2675 creatorem
2936 2622 2994 2675 et
3037 2618 3323 2675 Dominus
3371 2619 3747 2676 manifestius
3784 2637 3864 2677 os-

2227 2711 2418 2767 tendit
2484 2709 2566 2765 ita
2623 2707 2863 2780 dixisse,
2925 2725 3060 2764 cum
3129 2707 3484 2781 subjunxit:
3545 2709 3681 2765 Haec
3737 2709 3868 2766 dicit

2227 2797 2514 2856 Dominus
2547 2798 2702 2854 Deus
2731 2801 2960 2853 creator
2987 2797 3254 2853 omnium
3299 2814 3517 2854 rerum.
3549 2798 3670 2854 Hoc
3698 2799 3863 2855 etiam

2229 2887 2536 2944 sciendum
2584 2889 2693 2954 est,
2726 2889 2784 2942 et
2828 2885 3143 2942 dicendum
3191 2885 3290 2942 illo
3337 2886 3397 2941 in
3446 2885 3575 2942 loco
3625 2887 3729 2943 ubi
3779 2887 3862 2943 di-

2229 2976 2330 3047 cit,
2361 2977 2512 3032 dans
2565 2977 2770 3031 ﬂatum
2822 2974 3037 3048 populo
3072 2991 3084 3031 :
3115 2975 3254 3048 quia
3302 2975 3456 3032 sicut
3491 2975 3553 3031 in
3585 2975 3861 3049 principio

2229 3069 2629 3120 creaturarum
2663 3063 2922 3120 animam
2955 3063 3171 3121 creavit
3199 3081 3266 3120 ex
3305 3063 3512 3131 nihilo,
3545 3081 3726 3138 quam
3775 3066 3864 3121 de-

2229 3153 2316 3209 dit
2371 3153 2561 3226 prime
2619 3152 2844 3209 homini
2903 3153 3057 3223 (Gen.
3117 3154 3210 3226 1):
3271 3153 3352 3210 ita
3401 3153 3665 3227 quotidie
3720 3157 3866 3210 cleat

2229 3259 2408 3298 novas
2456 3241 2706 3311 animas,
2737 3259 2886 3315 quas
2931 3242 3142 3298 tribuit
3191 3243 3573 3300 nascentibus
3626 3242 3865 3300 homini-

2227 3333 2359 3387 bus.

2297 3443 2325 3471 ‹‹
2358 3421 2478 3492 Ego
2524 3418 2812 3477 Dominus
2839 3421 3034 3477 vocavi
3081 3425 3138 3478 te
3177 3421 3237 3476 in
3278 3421 3536 3494 justitia,
3568 3425 3631 3478 et
3675 3438 3867 3496 appre-

2225 3508 2402 3565 hendi
2430 3525 2673 3564 manum
2703 3513 2890 3564 tuam.
2909 3532 2935 3560 ››
2956 3509 3057 3566 Ille
3087 3509 3188 3582 qui
3220 3509 3420 3566 omnia
3447 3528 3577 3584 que
3608 3511 3869 3584 superius

2225 3596 2483 3652 diximus
2517 3597 2667 3663 fecit,
2685 3596 3007 3670 alloquitur
3036 3597 3249 3654 Filium
3276 3599 3693 3666 suum,dicens
3719 3617 3733 3655 :
3761 3601 3865 3672 Ego

2228 3687 2378 3742 Deus
2403 3685 2569 3741 Pater
2593 3686 2790 3742 vocavi
2813 3690 2870 3742 te
2907 3703 2976 3742 ex
3004 3685 3238 3744 Oriente
3257 3685 3318 3742 in
3346 3687 3746 3755 Occidentem,
3767 3689 3866 3744 hoc

2223 3779 2334 3846 est,
2367 3775 2439 3831 de
2467 3775 2672 3831 Judtea
2702 3775 2762 3830 in
2793 3791 2999 3832 omnes
3037 3780 3264 3850 gentes,
3297 3775 3358 3832 in
3380 3775 3640 3847 justitia,
3673 3777 3734 3838 id
3763 3781 3860 3844 est,

2225 3880 2362 3919 cum
2403 3863 2641 3936 justitia
2687 3881 2790 3936 per
2837 3863 3313 3937 praedicationem
3361 3865 3779 3938 apostolorum,
3809 3869 3861 3921 et

2226 3950 2586 4024 apprehendi
2632 3969 2875 4007 manum
2921 3956 3107 4019 tuam,
3141 3953 3199 4008 id
3249 3957 3358 4020 est,
3391 3953 3624 4027 suscepi
3670 3971 3860 4028 opera-

2226 4041 2467 4096 tionem.
2503 4040 2714 4096 Omnia
2742 4058 2871 4113 quze
2901 4045 3176 4114 cperatus
3204 4046 3294 4098 est
3324 4041 3529 4112 Filius,
3563 4043 3732 4100 Pater
3768 4059 3863 4117 per

2226 4129 2421 4202 ipsum
2455 4133 2731 4202 operatus
2759 4128 3038 4197 est,sicut
3068 4129 3193 4202 ipse
3221 4129 3365 4187 dicit
3395 4147 3410 4186 :
3443 4155 3472 4182 α
3507 4131 3674 4188 Pater
3697 4131 3756 4187 in
3775 4147 3860 4187 me

2227 4235 2496 4290 manens,
2529 4217 2655 4291 ipse
2684 4217 2826 4274 facit
2854 4234 3033 4291 opera
3058 4219 3237 4288 (Joan.
3269 4219 3406 4291 xxv).
3444 4241 3471 4269 »
3503 4243 3532 4270 «ι
3565 4221 3636 4276 Et
3679 4237 3860 4277 serva-

2225 4308 2280 4363 vi
2310 4311 2386 4376 te,
2422 4330 2450 4358 »
2482 4307 2592 4363 hoc
2617 4310 2727 4373 est,
2753 4324 2787 4362 a
2816 4310 3002 4363 morte
3032 4307 3291 4364 revocavi
3319 4311 3377 4364 te
3406 4309 3478 4364 ad
3509 4308 3708 4376 vitam,
3732 4307 3865 4380 quia

2227 4401 2290 4452 tu
2323 4393 2519 4452 omnia
2548 4395 2905 4451 conservasti
2939 4412 3066 4467 quae
3097 4413 3132 4450 a
3174 4413 3268 4452 me
3316 4395 3556 4453 audisti.
3585 4420 3614 4448 «
3642 4398 3709 4453 Et
3731 4396 3864 4452 dedi

2227 4491 2282 4540 te
2315 4485 2373 4538 in
2407 4483 2596 4540 fmdus
2629 4483 2829 4556 populi
2883 4482 3080 4551 Israel,
3118 4507 3146 4532 ››
3181 4484 3238 4540 id
3286 4489 3394 4552 est,
3427 4484 3490 4541 in
3539 4479 3864 4542 societatem

469 4571 796 4640 deficiebat,
811 4575 868 4626 et
899 4569 1068 4642 quasi
1099 4569 1443 4644 t‘umigabat.
1469 4569 1724 4626 Veniens
1753 4588 1890 4644 ergo
1922 4572 2116 4628 Domi-
2150 4593 2195 4658 Ι)
2227 4570 2498 4629 amicitia:
2529 4571 2764 4628 Judaici
2795 4571 3016 4644 populi,
3053 4572 3110 4627 in
3159 4573 3246 4627 cis
3294 4572 3521 4629 scilicet
3567 4573 3665 4647 qui
3705 4574 3762 4629 in
3809 4579 3863 4628 te

471 4663 679 4726 nus,et
699 4657 1004 4714 inveniens
1026 4675 1273 4732 regnum
1297 4659 1634 4714 Judmorum
1657 4665 2117 4731 conquassatum
2158 4657 2179 4658 ί
2229 4663 2468 4718 credere
2497 4660 2825 4730 voluerunt,
2858 4660 3076 4732 quibus
3113 4664 3170 4716 te
3196 4666 3508 4718 venturum
3554 4667 3686 4718 ante
3731 4678 3861 4735 pro-

469 4749 610 4819 (jam
643 4747 799 4803 enim
830 4763 900 4802 ex
922 4765 984 4803 se
1009 4764 1204 4820 regem
1231 4765 1345 4803 non
1373 4747 1686 4814 habebant,
1715 4749 1817 4805 sed
1840 4748 2116 4823 alienige-

470 4835 704 4908 nam)et
733 4835 1124 4892 sacerdotium
1156 4852 1357 4892 eorum
1379 4836 1505 4907 jam
1540 4835 1908 4894 exstinctioni
1935 4838 2120 4910 proxi-

469 4939 634 4979 mum
684 4940 800 4979 non
853 4923 1144 4995 contrivit,
1175 4941 1366 4996 neque
1413 4925 1707 4992 exstinxit,
1747 4927 1850 4981 sed
1898 4926 2120 4982 vocavit

469 5028 676 5068 omnes
732 5012 802 5067 ad
858 5011 1282 5084 pmnitentiam,
1333 5011 1582 5068 dicens:
1635 5037 1664 5063 «
1712 5013 2118 5070 Pcenitentiam

469 5099 1317 5173 agite,appropinquabitenim
1352 5117 1596 5172 regnum
1615 5101 2116 5171 cmlorumwauh.

467 5190 588 5261 x11).
617 5211 645 5237 »
681 5211 708 5238 «
738 5189 801 5243 In
831 5187 1069 5244 veritate
1097 5190 1308 5245 educet
1329 5189 1648 5260 judicium,
1685 5212 1711 5238 ››
1743 5190 2028 5247 subaudis
2057 5192 2117 5246 in

469 5279 563 5334 die
605 5277 838 5350 judicii,
889 5279 1122 5350 quando
1172 5279 1373 5334 reddet
1422 5277 1741 5351 unicuique
1791 5281 2118 5336 secundum

469 5384 645 5438 opera
675 5384 804 5422 sua.
839 5366 900 5422 In
933 5367 1026 5422 die
1056 5367 1211 5423 enim
1252 5367 1464 5438 judicii
1519 5367 1645 5423 sola
1689 5367 1812 5424 Filii
1868 5385 2118 5441 persona

471 5455 794 5526 apparebit.
847 5456 916 5510 Et
963 5455 1062 5528 qui
1113 5457 1426 5512 damnatus
1479 5461 1570 5514 est
1625 5456 1864 5530 injuste,
1918 5459 2121 5514 reddet

471 5541 790 5615 unicuique
825 5544 992 5614 justo
1036 5545 1303 5600 examine
1333 5546 1658 5602 secundum
1709 5547 1862 5618 quod
1915 5547 2116 5619 gessit,

473 5626 592 5684 sive
622 5629 842 5686 bonum
865 5631 984 5688 sive
1015 5631 1259 5690 malum.

2227 4750 2528 4806 miseram.
2584 4772 2612 4801 «
2641 4749 2706 4806 In
2753 4749 2945 4806 lucem
2990 4750 3280 4822 gentium,
3332 4773 3361 4802 ››
3409 4751 3713 4818 subaudis,
3763 4749 3858 4823 qui

2225 4839 2287 4894 in
2317 4837 2576 4896 tenebris
2601 4837 2990 4902 inﬁdelitatis,
3020 4841 3078 4895 et
3105 4838 3165 4894 in
3196 4841 3406 4896 umbra
3447 4839 3654 4897 mortis
3697 4839 3862 4896 sede-

2225 4927 2386 4984 banL

2301 5038 2329 5067 ‹‹
2363 5020 2438 5072 Ut
2467 5016 2724 5088 aperires
2751 5015 2952 5072 oculos
2979 5032 3285 5086 caecorum,
3303 5039 3332 5068 »
3355 5017 3456 5090 qui
3481 5022 3656 5074 antea
3681 5015 3862 5072 Domi-

2229 5121 2372 5160 num
2398 5121 2514 5160 non
2544 5105 2842 5171 videbant,
2871 5127 2900 5155 «
2933 5109 2991 5162 et
3020 5105 3297 5162 educeres
3325 5107 3397 5162 de
3424 5105 3808 5169 conclusione,
3830 5126 3858 5152 ιι

2228 5193 2534 5259 subaudis,
2556 5197 2955 5268 peccatorum,
2978 5217 3006 5244 α
3024 5193 3286 5250 vinctum
3311 5217 3340 5244 »
3369 5194 3655 5266 populum
3681 5191 3858 5267 genti-

2227 5281 2365 5337 lem.
2383 5281 2645 5338 Funibus
2656 5281 2811 5337 enim
2825 5286 3196 5354 peccatorum
3209 5300 3454 5340 suorum
3468 5283 3860 5356 unusquisque

2227 5369 2666 5443 constringitur,
2701 5371 2855 5426 sicut
2883 5369 3159 5428 Salomon
3205 5371 3350 5428 dicit
3377 5371 3516 5444 Sap.
3548 5389 3685 5428 xvu.
3709 5371 3774 5426 Et
3797 5367 3857 5422 in

2227 5457 2558 5532 Evangelio,
2595 5459 2900 5514 mulierem
2934 5477 3112 5532 quam
3161 5460 3410 5516 Satanas
3454 5460 3730 5526 vinxerat,
3755 5457 3856 5512 Do-

2227 5547 2425 5604 minus
2473 5547 2648 5605 solvit
2694 5547 2901 5618 (Matth.
2950 5549 3066 5622 xv).
3117 5572 3144 5598 «
3197 5549 3278 5604 De
3324 5549 3500 5606 domo
3544 5545 3783 5605 carceris
3823 5565 3855 5592 η

2227 5633 2534 5708 subaudis,
2567 5637 2846 5693 educeres
2875 5660 2902 5688 «
2937 5636 2998 5693 in
3026 5635 3286 5694 tenebris
3314 5637 3588 5694 sedentes
3621 5658 3650 5688 »
3678 5634 3768 5708 qui
3795 5631 3856 5687 in
