4046 6188
243 341 357 403 929

1301 338 1709 404 COMMENT.
1755 342 1834 404 IN
1880 344 2178 408 ISAIAM.
2210 382 2288 390 —
2319 344 2463 408 LIB.
2512 347 2586 409 ll.

3527 358 3667 429 930,

242 478 298 531 et
324 472 645 546 prophetas
660 495 687 522 ‹‹
722 488 915 528 nonne
946 472 1242 529 custodies
1268 496 1292 522 ››
1316 491 1442 547 quae
1470 474 1549 529 ibi
1574 473 1889 548 dicuntur?
1917 476 1973 549 Α
2005 494 2204 533 necem
2256 478 2368 535 ista
2417 483 2773 551 paterentur.
2801 503 2828 531 «
2854 481 2923 537 Et
2970 488 3276 546 succendit
3314 466 3488 560 eum,
3509 517 3538 545 »
3559 496 3667 555 vel.

244 587 271 614 «
303 562 408 628 Qui
448 561 633 618 habes
676 566 908 634 apertas
952 579 1174 618 aures»
1206 562 1484 635 corporis,
1508 587 1535 614 ‹‹
1560 581 1753 619 nonne
1787 583 1890 620 au-

241 650 363 707 dies
388 673 413 700 »
436 650 548 706 hoc
579 654 687 721 est,
714 667 907 707 nonne
938 651 1215 707 obedies?

309 764 337 790 «
360 741 430 795 Et
454 739 742 796 Dominus
759 739 940 796 voluit
962 744 1027 795 ut
1057 741 1448 798 sanctiﬁcaret
1469 760 1603 797 eum
1630 766 1656 791 ››
1672 742 1889 797 subau-

240 830 330 885 dis
358 828 643 901 populum
667 852 695 877 ‹‹
729 832 786 883 et
814 830 1219 901 magniﬁcaret
1250 830 1458 903 legem,
1488 854 1513 879 ››
1546 832 1602 885 id
1630 837 1741 899 est,
1766 848 1887 886 ma-

237 935 415 993 gnam
446 934 575 974 eam
608 918 1201 974 faceretobservando
1233 936 1383 987 eam,
1411 942 1437 969 «
1457 924 1512 976 et
1532 919 1885 986 extolleret,»

238 1007 346 1062 hoc
376 1010 485 1074 est,
510 1004 761 1065 elevaret
806 1023 906 1062 eos
937 1008 1010 1063 de
1052 1007 1208 1064 vitiis
1238 1009 1310 1063 ad
1340 1009 1725 1065 virtutes.Scd
1749 1008 1888 1081 quia

238 1095 424 1151 noluit
449 1094 695 1167 implere
724 1094 1085 1152 voluntatem
1115 1097 1266 1168 ejus.

306 1208 333 1235 ‹‹
358 1183 635 1257 Dircptus
656 1188 745 1241 est
769 1189 828 1240 et
848 1188 1108 1241 vastatus
1129 1207 1156 1236 »
1182 1186 1268 1242 vel
1301 1203 1334 1242 a
1366 1186 1641 1259 malignis
1673 1184 1888 1258 spiriti-

235 1271 469 1340 bus,vel
500 1273 572 1331 ab
603 1271 897 1340 hostibus,
918 1273 1187 1331 Cbaldeis
1216 1274 1437 1330 scilicet
1467 1279 1642 1348 atque
1675 1275 1886 1330 Roma-

235 1361 384 1417 nis.«
409 1363 680 1435 Laqueus
697 1363 984 1434 juvenum
1007 1380 1212 1419 omnes
1234 1363 1431 1433 simul,
1449 1368 1505 1420 et
1530 1364 1589 1419 in
1611 1363 1887 1419 domibus

234 1450 886 1508 carcerumabsconditi
910 1456 1103 1507 sunt.«
1127 1453 1293 1508 Nunc
1315 1452 1624 1509 revertitur
1644 1453 1715 1507 ad
1740 1456 1885 1507 tem-

233 1557 343 1612 pus
366 1539 797 1612 prmdicationis
818 1539 1334 1614 Domini,loquens
1351 1542 1421 1598 de
1442 1540 1651 1598 scribis
1666 1546 1724 1597 et
1751 1541 1890 1614 pha-

232 1627 437 1685 risaeis.
458 1629 674 1685 Scriba:
698 1633 755 1685 et
775 1629 1045 1701 phariszei
1068 1629 1276 1702 laqueo
1297 1634 1735 1703 comparantur,
1750 1630 1889 1702 quia

230 1734 332 1797 per
347 1734 520 1774 suam
542 1734 875 1791 perversam
893 1718 1221 1775 doctrinam
1242 1718 1641 1792 illaqueabant
1658 1720 1886 1775 animos

229 1805 613 1879 simplicium.
640 1806 897 1878 Subjecti
924 1825 1054 1863 vero
1078 1807 1309 1864 illorum
1326 1809 1573 1881 juvenes
1594 1807 1888 1880 appellan-

228 1899 341 1969 tur,
367 1900 608 1968 propter
636 1895 1097 1968 simplicitatem.
1123 1897 1313 1953 Facile
1334 1898 1489 1952 enim
1512 1897 1881 1969 decipieban-

229 1987 344 2054 tur,
372 2001 445 2040 ne
487 1983 548 2043 in
579 1983 876 2041 Christum
919 1986 1241 2043 crederent.
1276 1987 1387 2042 Sed
1419 1986 1557 2058 quia
1585 1987 1884 2058 subjectos

228 2073 607 2146 deceporunt,
619 2078 677 2129 et
696 2073 942 2131 Domino
964 2074 1204 2147 laqueos
1228 2076 1617 2145 tetenderunt,
1637 2075 1883 2146 contigit

227 2159 344 2217 illis
379 2158 845 2231 quodSalomon
891 2161 1069 2217 dicit:
1095 2163 1200 2228 Qui
1234 2166 1401 2234 parat
1430 2164 1653 2219 foveam
1685 2162 1881 2234 proxi-

228 2266 321 2321 mo
355 2267 487 2318 suo,
512 2250 636 2322 ipsc
665 2249 826 2322 prior
865 2251 1083 2307 incidet
1121 2252 1180 2307 in
1220 2269 1348 2307 eam
1379 2252 1557 2324 (Prov.
1582 2253 1764 2323 xxvx);
1797 2250 1879 2306 illi

227 2343 579 2410 paraverunt
594 2338 841 2395 Domino
864 2338 1271 2413 laqueum,sed
1294 2340 1405 2412 ipsi
1430 2340 1725 2413 illaqueati
1743 2345 1882 2396 sunt

226 2426 280 2482 in
313 2426 447 2483 suis
478 2426 753 2499 peccatis.
774 2429 927 2484 Bene
956 2446 1093 2502 ergo
1124 2429 1339 2485 dicitur
1369 2447 1382 2484 :
1420 2430 1690 2501 Laqueus
1713 2430 1878 2501 juve-

227 2532 371 2586 num
403 2532 608 2572 omnes
647 2516 850 2573 scribae
899 2522 956 2573 et
1002 2517 1294 2590 pharisaei,
1337 2517 1584 2576 insidias
1633 2518 1880 2574 Domino

225 2609 648 2677 praeparantes,
680 2610 738 2660 et
776 2605 835 2661 in
882 2606 1158 2662 domibus
1207 2624 1504 2662 carcerum
1553 2607 1877 2663 absconditi

222 2680 387 2762 sunt,
412 2693 536 2749 Non
559 2693 876 2769 incongrue
895 2700 1132 2767 pectora
1151 2696 1478 2752 scribarum
1498 2699 1554 2749 et
1572 2696 1882 2766 pharisaeo-

220 2800 355 2839 rum
391 2782 611 2839 carceri
642 2787 1078 2855 comparantur.
1112 2783 1388 2856 Nunquid
1432 2800 1547 2839 non
1577 2788 1746 2839 erant
1777 2783 1877 2838 ab-

219 2871 481 2931 sconditi
510 2870 572 2926 in
603 2888 852 2937 carcere,
882 2874 1118 2944 quando
1158 2872 1430 2929 dicebant
1468 2872 1713 2927 Domino
1748 2876 1878 2928 ten-

216 2964 420 3019 tantes
462 2976 598 3017 eum
625 2976 638 3015 :
664 2983 691 3010 ‹‹
722 2959 1022 3034 Magister,
1057 2960 1278 3018 scimus
1316 2961 1456 3033 quia
1492 2978 1665 3018 verax
1703 2977 1785 3031 es,
1821 2966 1879 3017 et

216 3049 379 3106 viam
406 3049 508 3105 Dei
539 3049 601 3105 in
630 3049 870 3106 veritate
892 3050 1065 3107 doces
1087 3050 1288 3123 (Matth.
1312 3053 1450 3120 χχιι)
1470 3067 1483 3105 :
1504 3073 1533 3101 »
1558 3054 1879 3124 casteraque

216 3138 309 3194 his
333 3136 599 3194 similia?
625 3159 654 3188 ‹‹
678 3139 835 3194 Facti
862 3143 1001 3194 sunt
1020 3139 1079 3194 in
1103 3139 1422 3211 rapinam,»
1442 3139 1729 3196 subaudis
1750 3140 1880 3196 hos-

1914 1855 1961 1919 B

2001 565 2195 638 ipsum
2236 566 2520 639 populum
2570 569 2703 641 igne
2752 570 3168 643 tribulationis,
3197 578 3285 635 vel
3337 582 3645 655 templum.

2002 677 2029 703 ‹‹
2065 656 2133 709 Et
2180 672 2292 710 non
2342 656 2671 712 intellexit»
2708 659 2780 715 ob
2831 676 3007 731 quam
3060 679 3297 721 causam
3330 675 3665 739 pateretur...

2001 743 2265 798 Tradunt
2296 744 2570 811 historia),
2613 748 2769 818 quod
2803 766 2907 804 nec
2940 750 3186 808 Romani
3227 768 3644 828 cognoverunt,

1999 832 2154 903 quod
2184 837 2420 905 propter
2442 832 2725 899 ultionem
2750 836 2878 894 Filii
2899 839 2999 894 Dei
3028 830 3398 901 traderentur
3418 865 3642 917 eorum,

2000 936 2103 974 nec
2162 920 2272 993 ipsi
2327 922 2508 977 Judzni
2568 923 2977 982 intellexerunt
3024 930 3249 1003 malitia
3295 951 3406 991 sua
3459 938 3644 995 obcae-

1998 1008 2132 1062 cati.

2593 1101 2826 1158 CAPUT
2862 1104 3054 1162 XLIII.

2069 1206 2095 1233 ‹‹
2132 1185 2202 1240 Et
2232 1203 2389 1241 nunc
2418 1185 2539 1243 haec
2565 1188 2706 1244 dicit
2728 1189 3012 1247 Dominus
3040 1210 3246 1253 creans
3277 1201 3333 1254 te
3361 1199 3563 1271 Jacob,
3587 1208 3664 1260 et.

1996 1272 2258 1329 formans
2290 1279 2346 1330 te
2390 1276 2588 1345 Israel,
2612 1299 2640 1327 »
2667 1277 2832 1333 Sicut
2874 1280 3146 1352 superius
3184 1285 3313 1355 jam
3364 1272 3667 1361 diximus,r

1996 1361 2251 1434 populus
2282 1364 2458 1419 Israel
2490 1365 2547 1419 in
2579 1366 2695 1421 duo
2717 1365 3014 1437 dividitur,
3042 1368 3103 1424 in
3128 1372 3428 1431 credentes
3449 1382 3505 1431 et
3528 1396 3669 1436 non.

1996 1450 2320 1506 credentes.
2346 1451 2627 1507 Similiter
2650 1458 2708 1508 et
2734 1455 3004 1526 gentiles.
3030 1457 3207 1514 Paulo
3238 1459 3299 1516 in
3332 1465 3645 1535 superiori-

1996 1537 2107 1592 bus
2134 1538 2415 1611 loquutus
2438 1542 2613 1595 estde
2634 1542 2965 1613 captivitate
2990 1544 3196 1602 ultima
3214 1548 3669 1624 Judznorum,et.

1995 1625 2065 1680 de
2090 1625 2433 1683 infidelitate
2454 1627 2689 1683 illorum
2713 1629 2813 1701 qui
2835 1631 2894 1685 in
2918 1631 3143 1688 malitia
3164 1651 3642 1705 persevcravere:

1994 1731 2150 1769 nunc
2189 1732 2322 1771 vero
2372 1715 2692 1788 alloquitur
2738 1718 3098 1790 primitivam
3142 1723 3483 1793 Ecclesiam,
3517 1745 3645 1799 qua

1994 1804 2256 1859 constitit
2284 1803 2345 1859 in
2376 1805 2679 1877 apostolis,
2713 1812 2771 1862 et
2809 1807 2895 1863 eis
2925 1809 3024 1880 qui
3065 1826 3169 1882 per
3197 1828 3297 1869 eos
3326 1829 3395 1869 ex
3423 1814 3665 1881 Judaeis,

1992 1892 2309 1948 credidere.
2335 1894 2403 1948 Et
2448 1912 2625 1961 nunc,
2650 1895 2862 1967 inquit,
2888 1896 3008 1952 haec
3052 1897 3195 1954 dicit
3223 1900 3531 1959 Dominus.
3562 1907 3665 1973 Ac.

1991 1980 2040 2035 si
2066 1981 2283 2037 diceret
2313 1982 2445 2038 aliis
2465 1982 2657 2038 verbis
2682 2000 2694 2039 :
2720 1984 2865 2050 Quia
2888 1984 2970 2040 illi
2999 1985 3057 2040 in
3080 1989 3327 2059 perﬁdia
3348 2008 3458 2046 sua
3484 2010 3647 2051 man-

1990 2074 2213 2139 serunt,
2239 2071 2502 2127 nolentes
2525 2072 2779 2144 recipere
2801 2074 3271 2145 praedicationem
3294 2095 3508 2147 meam,
3543 2099 3642 2139 ne-

1990 2176 2103 2231 que
2134 2164 2320 2228 tuam,
2344 2180 2377 2216 ο
2409 2161 2623 2217 chorus
2654 2161 3051 2234 apostolorum
3079 2181 3092 2220 ;
3122 2164 3243 2221 hac
3275 2168 3416 2224 dicit
3444 2170 3641 2235 Domi:

1992 2266 2104 2303 nus
2137 2248 2235 2319 qui
2266 2250 2483 2305 creavit
2515 2254 2570 2305 te
2602 2250 2662 2304 in
2684 2262 2944 2321 corpore,
2968 2258 3025 2306 et
3056 2254 3327 2311 formavit
3355 2257 3414 2312 in
3447 2259 3667 2319 anima.

1991 2336 2141 2408 (Gen.
2166 2343 2362 2406 xxvu).
2386 2338 2565 2393 Jacob
2600 2338 2722 2411 (qui
2754 2339 3171 2412 interpretatur
3200 2344 3671 2425 supplantabor);

1990 2431 2046 2481 et
2078 2426 2251 2481 Israel
2276 2426 2399 2499 (qui
2423 2427 2843 2500 interpretatur
2861 2428 2949 2484 vir
2968 2429 3172 2486 videns
3191 2436 3398 2503 Deum)
3420 2441 3663 2508 apostom

1988 2513 2077 2570 los
2109 2514 2402 2586 signiﬁcat
2433 2520 2490 2571 et
2519 2515 2873 2588 apostolicos
2903 2515 3194 2592 viros,qui
3225 2522 3644 2594 supplantave-r

1991 2608 2126 2657 runt
2143 2602 2300 2671 vitia,
2315 2610 2373 2659 et
2396 2609 2739 2660 meruerunt
2757 2604 2941 2661 Deum
2962 2607 3209 2677 videre,“
3231 2610 3357 2665 Noli
3381 2611 3643 2681 timere,»

1988 2708 2021 2746 ο
2053 2691 2268 2747 chorus
2297 2692 2716 2764 apostolorum,
2735 2716 2762 2743 «
2788 2695 2927 2765 quia
2967 2696 3187 2751 redemi
3218 2701 3273 2753 te
3300 2720 3328 2747 ››
3356 2700 3657 2779 εαηευίηε,

1989 2780 2116 2835 Filii
2150 2781 2283 2849 mei,
2310 2804 2337 2830 «
2371 2786 2428 2836 et
2465 2783 2661 2837 vocavi
2694 2786 2748 2837 te
2795 2783 3032 2838 nomine
3061 2788 3184 2851 tuo,
3211 2808 3240 2833 »
3262 2785 3667 2858 subauditur,.

1988 2873 2056 2924 ut
2087 2869 2284 2937 Israel,
2309 2869 2368 2925 id
2401 2875 2490 2926 est
2519 2871 2607 2925 vir
2634 2871 2837 2926 videns
2869 2871 3076 2940 Deum,
3098 2873 3407 2931 vocareris.

2063 2981 2089 3008 α
2114 2958 2277 3014 Meus
2298 2975 2394 3043 gs,
2416 2983 2444 3011 ››
2475 2959 2831 3015 subauditur
2858 2976 3082 3017 servus.
3109 2961 3305 3018 «Cum
3334 2963 3667 3031 transieris,

1987 3064 2089 3118 per
2119 3065 2370 3120 aquas,»
2392 3066 2424 3104 o
2455 3048 2669 3104 chorus
2700 3048 3121 3121 apostolorum,
3149 3073 3170 3102 α
3204 3056 3397 3108 tecum
3429 3070 3547 3122 ero,
3582 3059 3641 3111 et

1991 3136 2236 3192 ﬂumina
2266 3154 2381 3193 non
2413 3138 2674 3210 operient
2704 3142 2779 3192 te.
2808 3160 2835 3187 ››
2858 3138 2965 3193 Per
3006 3138 3127 3194 haec
3158 3141 3333 3197 verba
3380 3144 3643 3200 ostendit

214 3226 397 3295 tium,
422 3250 450 3277 ‹‹
477 3243 583 3282 nec
613 3232 705 3283 est
734 3227 833 3300 qui
863 3231 1047 3283 eruat.
1076 3250 1104 3278 »
1127 3228 1253 3284 Non
1295 3228 1406 3283 fuit
1441 3228 1742 3301 propheta,
1776 3246 1876 3284 ne-
1909 3220 1952 3287 C
1991 3242 2182 3280 sermo
2204 3226 2458 3294 divinus,
2477 3225 2771 3298 apostolos
2794 3226 2980 3283 multa
3002 3232 3293 3285 tormenta
3306 3236 3363 3286 et
3382 3232 3641 3305 pericula

217 3332 330 3388 que
370 3316 667 3385 sacerdos,
695 3315 797 3389 qui
828 3306 1225 3391 interpellaret
1255 3334 1358 3388 pro
1388 3317 1473 3373 eis
1505 3317 1659 3373 sicut
1690 3317 1881 3375 Moses

215 3404 273 3459 in
297 3411 881 3475 eremo,convertens
902 3406 1049 3461 iram
1068 3405 1297 3462 Domini
1320 3407 1393 3462 ad
1417 3406 1879 3463 misericordiam

216 3494 420 3565 (Exod.
452 3494 651 3567 χχχιι).
674 3518 702 3547 ‹‹
731 3495 793 3552 In
840 3496 1227 3570 direptionem
1266 3519 1295 3547 »ι
1338 3496 1735 3566 inimicorum,
1769 3497 1880 3556 hoc

215 3590 323 3652 est,
351 3584 420 3639 in
451 3583 849 3657 captivitatem
880 3590 937 3642 et
967 3586 1279 3658 praedam,«
1307 3591 1365 3643 et
1390 3604 1506 3643 non
1535 3590 1626 3643 est
1657 3587 1757 3660 qui
1789 3588 1876 3642 di-

215 3678 330 3741 cat,
358 3673 603 3742 redde,»
624 3673 931 3741 subaudis,
955 3674 1282 3751 libertatem
1316 3676 1421 3743 eis,
1455 3675 1715 3732 Domine.

284 3786 313 3812 ι(
340 3760 493 3826 Quis
520 3766 611 3819 est
639 3762 699 3818 in
728 3763 892 3819 vobis
922 3764 1024 3836 qui
1073 3765 1274 3821 audiat
1321 3765 1429 3821 hoc
1449 3765 1478 3820 ‘I
1518 3766 1795 3822 Attendat
1822 3770 1879 3821 et

213 3849 518 3911 auscultet
547 3851 766 3924 futura,
786 3874 815 3901 »
836 3853 1143 3921 subaudis,
1167 3870 1295 3926 qua:
1321 3870 1428 3926 ego
1459 3854 1763 3921 annuntio,
1788 3854 1875 3910 vel

211 3940 376 3996 bona
403 3938 494 3995 vel
518 3938 698 3996 mala.
724 3940 1000 3997 Hortatur
1027 3959 1126 3998 eos
1158 3942 1463 4015 Propheta,
1497 3946 1559 3997 ut
1591 3941 1642 3998 si
1672 3959 1875 4000 omnes

210 4029 427 4099 audire
466 4045 583 4084 non
632 4034 881 4102 possunt
910 4047 1037 4102 quae
1092 4030 1188 4086 ille
1247 4032 1705 4088 annuntiaturus
1736 4036 1826 4088 est
1857 4049 1871 4087 :

209 4117 439 4198 saltem
464 4115 551 4173 vel
583 4117 753 4190 pauci
785 4118 983 4175 futura
1004 4123 1378 4192 cognoscant,
1404 4124 1463 4175 et
1490 4119 1823 4193 intelligant
1841 4138 1876 4178 a

208 4222 326 4279 qpo
364 4206 489 4265 ista
528 4207 790 4280 perpessi
821 4211 982 4278 sunt,
1008 4223 1335 4281 causasque
1364 4209 1708 4267 vastationis
1754 4227 1872 4266 suae

205 4295 617 4357 censiderent.
1024 4288 1029 4295 ’

279 4408 309 4435 α
337 4383 491 4452 Quis
523 4383 685 4441 dedit
712 4384 773 4442 in
805 4386 1193 4460 direptionem
1225 4388 1426 4456 Jacob,
1450 4393 1507 4445 et
1536 4388 1712 4445 Israel
1744 4407 1865 4448 vas-

206 4472 525 4544 tantibus?
543 4473 747 4530 Nonne
776 4475 933 4531 Deus
959 4475 1085 4548 ipse
1114 4476 1208 4532 cui
1238 4478 1646 4550 peccavimus?
1667 4503 1695 4530 ››
1723 4481 1873 4536 Deus

204 4564 594 4635 omnipotens
630 4563 815 4633 Pater,
842 4564 937 4619 cui
976 4571 1381 4636 peccaverunt,
1405 4568 1754 4624 damnantes
1784 4568 1872 4624 in-
1906 4591 1952 4655 ι)

194 4653 369 4724 juste
396 4650 609 4708 Filium
626 4653 759 4722 ejus
780 4652 1174 4726 unigenitum,
1190 4654 1315 4727 ipse
1337 4655 1575 4712 tradidit
1594 4673 1693 4713 eos
1714 4658 1773 4711 in
1793 4657 1874 4712 di-

200 4741 564 4815 reptionem,
588 4739 696 4798 hoc
719 4741 901 4808 est,in
924 4743 1424 4800 conculcationem
1448 4746 1871 4816 Romanorum,

200 4833 352 4905 quia
389 4828 705 4887 noluerunt
727 4847 898 4904 agere
927 4830 1332 4904 pcnnitentiam
1357 4834 1426 4889 de
1446 4834 1570 4890 suis
1602 4834 1872 4890 facinori-

196 4921 345 4993 bus.
370 4917 701 4975 Noluerunt
740 4919 799 4975 in
830 4919 938 4976 viis
977 4922 1107 4993 ejus
1148 4921 1510 4989 ambulare,»
1532 4922 1640 4978 hoc
1679 4928 1786 4992 est,
1812 4924 1871 4979 in

200 4992 518 5071 mandatis
557 5009 707 5080 ejus.
733 5032 759 5058 ‹‹
789 5009 859 5065 Et
904 4992 1020 5065 non
1070 5011 1383 5067 audierunt
1428 5012 1616 5084 legem
1666 5014 1870 5084 ejus,»

198 5116 397 5171 quam
427 5114 533 5169 per
563 5095 775 5153 Filium
807 5115 984 5155 suum
1015 5099 1100 5155 eis
1131 5101 1326 5156 dabat.

275 5211 307 5237 ‹‹
336 5188 413 5242 Et
441 5186 649 5242 eﬂ'udit
678 5203 856 5259 super
875 5204 975 5245 eos
1005 5188 1466 5262 indignationem
1491 5191 1704 5248 furoris
1732 5191 1872 5247 sui»

196 5294 313 5349 per
348 5276 653 5349 Romanos
677 5298 705 5325 ‹‹
726 5279 784 5330 et
814 5275 960 5333 forte
992 5275 1271 5332 bellum.»
1297 5262 1479 5334 Forte,
1492 5278 1710 5335 bellum
1734 5280 1876 5335 dicit

198 5363 669 5423 debellationem
702 5365 1113 5437 gravissimam
1136 5365 1195 5420 in
1218 5382 1333 5438 quo
1354 5366 1652 5438 perierunt
1672 5385 1875 5425 omnes

195 5454 394 5522 fame,
417 5451 636 5526 gladio,
660 5457 717 5507 et
747 5453 1099 5527 captivitate.
1126 5478 1153 5505 «
1180 5456 1251 5510 Et
1290 5456 1615 5513 combussit
1644 5474 1781 5514 eum
1812 5457 1873 5513 in

194 5539 525 5617 ci_rcuitu,-
555 5540 616 5607 id
647 5546 740 5598 est
764 5545 1134 5616 consumpsit
1163 5544 1298 5618 igne
1329 5544 1780 5602 tribulationis.«
1806 5548 1876 5603 Et

195 5631 660 5727 npn,,cognqvit,
686 5654 715 5682 »
743 5632 1117 5705 subauditur,
1149 5636 1305 5710 quod
1344 5639 1584 5711 propter
1612 5634 1737 5694 Filii
1771 5636 1874 5695 Dei

1989 3331 2092 3385 pro
2110 3315 2346 3370 nomine
2365 3314 2580 3370 Christi
2601 3332 2882 3387 passuros
2903 3334 2915 3373 :
2931 3316 3175 3390 vultque
3188 3319 3519 3392 significare
3539 3339 3642 3395 per
3658 3372 3666 3385 ,

1989 3420 2174 3475 aquas
2204 3409 2259 3460 et
2288 3405 2534 3461 ﬂumina
2563 3410 2620 3461 et
2660 3405 2857 3479 ignem
2888 3411 2947 3463 et
2984 3408 3277 3479 ﬂammas,
3308 3417 3640 3482 persecuto-
3666 3462 3669 3463 ν

1988 3509 2121 3548 rum
2152 3493 2460 3566 impetum,
2494 3494 2800 3563 saevitiam,
2850 3496 3226 3570 furoremque
3259 3515 3272 3554 :
3307 3500 3409 3571 qui
3460 3500 3638 3557 saluti

1986 3583 2251 3655 gentium
2287 3583 2642 3652 inviderunt,
2668 3584 2932 3642 nolentes
2973 3603 3302 3643 sermonem
3348 3588 3645 3661 evangeli-;

1986 3690 2119 3727 cum
2140 3672 2438 3745 prendicari
2459 3674 2530 3727 ab
2547 3672 2847 3744 apostolis.
2869 3674 3089 3729 Ilebrazi
3111 3680 3306 3731 tamen
3328 3693 3432 3748 per
3451 3694 3637 3748 aquas
3656 3734 3661 3739 ,

1984 3761 2187 3817 volunt
2218 3761 2537 3833 intelligere
2583 3762 2901 3834 ngyptios,
2924 3766 3163 3834 propter
3198 3780 3480 3836 magnum
3521 3765 3665 3820 Nili.
3718 3758 3721 3759 ⁷

1986 3849 2225 3905 ﬂumen.
2247 3849 2352 3904 Per
2373 3848 2617 3904 ﬂumina
2632 3849 3059 3922 Chaldazos,qui
3084 3850 3304 3906 habent
3324 3852 3511 3908 multa
3531 3853 3643 3921 ﬂuy,

1984 3939 2165 3994 mina.
2192 3938 2297 3993 Per
2328 3939 2520 4010 ignem
2570 3938 2934 4007 Macedones,
2975 3944 3212 4012 prepter
3258 3939 3634 4013 asperitatem

1982 4044 2207 4084 eorum.
2233 4028 2340 4082 Per
2369 4028 2670 4083 ﬂammam
2702 4028 3015 4098 Romanos,
3041 4028 3141 4102 qui
3171 4028 3254 4088 ita
3273 4030 3466 4086 conati
3495 4036 3663 4088 sunt.

1984 4116 2175 4172 delere
2195 4116 2627 4189 praedicatores,
2650 4116 2825 4173 sicuti
2847 4117 3089 4174 ﬂamma
3101 4119 3397 4176 consumit
3412 4120 3630 4178 omnia.

1982 4207 2090 4262 Per
2118 4206 2233 4262 ista
2250 4206 2408 4263 enim
2431 4207 2631 4263 omnia
2660 4222 2839 4280 regna
2859 4208 3048 4264 sancti
3070 4207 3318 4281 apostoli
3348 4213 3407 4265 et
3435 4209 3638 4283 praedi-

1983 4302 2209 4354 catores
2256 4295 2577 4352 transitum
2617 4297 2902 4368 fecerunt,
2924 4299 3345 4355 annuntiantes
3390 4300 3667 4365 verbum,

1981 4385 2298 4459 Evangelii.
2317 4387 2706 4458 llortaturque
2727 4403 2793 4442 eo
2816 4402 3007 4443 sermo
3028 4385 3283 4454 divinus,
3300 4403 3371 4442 ne
3388 4388 3637 4445 timeant
3658 4436 3665 4448 ρ

1982 4492 2172 4548 neque
2203 4480 2516 4549 pavescant
2544 4476 2823 4532 duritiam
2856 4480 2913 4531 et
2954 4474 3496 4547 ferocitatem,quia
3521 4476 3633 4533 Do-

1984 4566 2183 4622 minus
2215 4566 2369 4621 Deus
2402 4563 2578 4621 Israel
2607 4564 2860 4620 salvator
2878 4567 2934 4619 et
2963 4567 3256 4634 protector
3289 4579 3492 4619 eorum
3522 4568 3631 4621 est.

1984 4653 2145 4711 Licet
2183 4654 2340 4710 enim
2381 4670 2619 4725 corpore
2656 4654 3005 4707 necarentur
3035 4651 3235 4707 traditi
3284 4652 3529 4709 diversis
3576 4658 3635 4711 et

1981 4742 2354 4813 inquuisitis
2378 4739 2703 4805 tormentis,
2719 4740 2918 4795 anima
2939 4744 3137 4795 tamen
3168 4740 3336 4797 illaesi
3356 4758 3631 4815 pervene-

1981 4837 2121 4887 runt
2146 4832 2220 4887 ad
2244 4829 2461 4903 gaudia
2481 4824 2732 4885 ccelestis
2760 4828 2960 4901 patriae
2991 4846 3169 4885 cursu
3199 4834 3629 4889 consummato.

2055 4920 2248 4976 «Dedi
2280 4917 2751 4991 propitiationcm
2778 4923 3000 4991 tuam,»
3021 4936 3053 4974 ο
3085 4918 3302 4975 chorus
3336 4919 3629 4991 apostolo-

1982 5027 2135 5075 rum,
2172 5031 2199 5058 ‹‹
2233 5014 2556 5081 Egyptum,
2607 5006 2960 5079 Ethiopiam,
3011 5012 3069 5063 ct
3125 5008 3279 5064 Saba
3335 5025 3439 5080 pro
3498 5014 3630 5065 te.»

1982 5098 2269 5170 Ethiopia
2300 5098 2459 5172 regio
2489 5102 2577 5153 est
2607 5097 2667 5152 in
2698 5096 2917 5152 ﬁnibus
2948 5100 3113 5151 terra:
3155 5096 3347 5168 posita
3376 5098 3530 5153 Saba
3557 5098 3632 5153 ci-

1983 5189 2131 5243 vitas
2162 5205 2377 5260 magna
2420 5192 2509 5243 est
2557 5187 2616 5241 in
2666 5186 2885 5242 ﬁnibus
2934 5186 3199 5257 ejusdem
3252 5186 3526 5258 regionis,
3561 5187 3632 5242 de

1983 5295 2101 5350 qua
2120 5278 2233 5333 fuit
2262 5278 2463 5350 regina
2488 5277 2802 5347 Saba,qua3
2832 5275 2987 5330 venit
3013 5292 3048 5329 a
3080 5274 3298 5331 ﬁnibus
3330 5280 3494 5331 terra:
3525 5292 3627 5331 au-

1985 5367 2108 5423 dire
2139 5366 2486 5440 sapientiam
2521 5364 2871 5420 Salomonis.
2897 5364 3046 5429 Quid
3087 5380 3223 5435 ergo
3266 5380 3368 5437 per
3413 5362 3628 5420 IEthio-
3726 5374 3729 5377 ‘

1983 5455 2141 5529 piam
2172 5461 2227 5510 et
2254 5455 2425 5520 Saba,
2456 5453 2572 5509 nisi
2603 5454 2749 5508 lines
2792 5451 3045 5507 universi
3077 5450 3236 5508 orbis
3265 5451 3631 5524 intelligendi

1983 5551 2143 5612 sunt,
2158 5546 2230 5601 ad
2252 5561 2399 5616 quos
2421 5541 3171 5616 praedicatioapostolorum
3191 5542 3487 5613 pervenit?
3506 5565 3535 5593 «ι
3563 5542 3629 5599 In

1983 5652 2217 5695 onmem
2246 5637 2462 5693 terram
2492 5631 2716 5710 (inquit
2744 5630 3077 5709 Psalmista)
3108 5629 3283 5690 exivit
3318 5646 3502 5715 sonus
3530 5648 3626 5691 eo-

3610 5896 3679 5959 Γ
