4090 6192
423 372 535 444 931

811 373 1217 441 HAYMONIS
1252 370 1801 440 HALBERSTAT.
1837 366 2079 437 EPISC.
2114 369 2289 436 OPP.
2326 370 2553 435 PARS.
2589 367 2636 434 Ι.
2670 407 2747 416 -
2776 368 3184 435 COMMENT.
3216 366 3415 434 BlBL.

3719 369 3839 436 932

424 514 643 577 rum,et
658 511 715 565 in
734 511 879 567 fines
893 510 1052 567 orbis
1069 514 1235 567 terra:
1247 510 1422 565 verba
1437 527 1638 566 eorum
1653 507 2071 579 (Psal.xvun).»
2103 506 2157 574 Α
2188 523 2360 563 aures
2382 506 2662 579 corporis,
2688 506 2790 561 sed
2825 505 2986 562 surdi
3013 509 3182 561 erant
3208 522 3220 561 :
3241 505 3381 577 quia
3400 505 3705 562 obturatas
3734 505 3833 561 ha-

424 599 760 672 Propitiatio
790 616 925 672 ergo
955 602 1014 654 et
1035 598 1273 671 justitia
1308 599 1708 671 apostolorum
1740 599 1902 655 salus
1934 598 2072 653 ista-

422 705 552 744 rum
586 692 642 743 et
674 676 922 743 aliarum
955 705 1264 761 regionum
1297 688 1428 742 fuit.

492 800 521 827 ‹‹
544 778 625 832 Ex
648 793 762 848 quo
792 776 1154 832 honorabilis
1186 777 1376 832 factus
1407 794 1470 832 es
1501 777 1559 831 in
1594 775 1779 832 oculis
1811 776 2016 843 meis,»
2040 792 2072 830 ο

419 865 635 920 chorus
665 865 1083 937 apostolorum,
1110 889 1135 915 ‹‹
1172 870 1231 920 et
1273 865 1566 937 gloriosus
1596 882 1702 937 ego
1736 864 1907 919 dilexi
1938 868 2015 918 te.
2044 885 2071 910 »

419 954 583 1009 Tunc
612 953 974 1009 honorabilis
1004 958 1061 1008 et
1099 954 1389 1027 gloriosus
1431 954 1831 1025 apostolorum
1859 953 2071 1007 chorus

419 1046 586 1098 actus
614 1047 705 1098 est
736 1043 792 1097 in
819 1042 1004 1098 oculis
1026 1043 1529 1114 Domini,quando
1560 1043 1868 1097 audientes
1900 1059 1933 1095 a
1966 1046 2069 1096 Do-

417 1130 617 1186 mino:
648 1153 676 1181 ιι
708 1132 927 1185 Euntes
958 1131 1017 1185 in
1050 1131 1388 1185 universum
1424 1131 1716 1185 mundum
1761 1129 2070 1201 praedicate

417 1219 799 1293 Evangelium
836 1220 1022 1287 (Marc.
1064 1219 1218 1290 xw):
1258 1242 1284 1268 »
1311 1218 1553 1289 profecti
1612 1219 2071 1290 praedicaverunt

418 1308 637 1380 ubique
667 1308 914 1363 Domino
945 1312 1310 1378 cooperante.
1332 1331 1357 1357 ι(
1384 1309 1453 1363 Et
1473 1308 1623 1362 dabo
1667 1307 1933 1363 homines
1965 1323 2068 1379 pro

416 1401 494 1463 te,
518 1400 575 1452 et
605 1394 852 1467 pepulos
883 1412 986 1467 pro
1020 1394 1218 1450 anima
1237 1399 1397 1450 tua.»
1420 1397 1490 1450 Et
1512 1399 1603 1451 est
1625 1412 1862 1450 sensus:
1883 1397 2072 1461 Quan-

418 1488 745 1555 toscunque
775 1483 1039 1555 poteritis
1070 1489 1401 1540 convertere
1431 1485 1500 1539 ad
1536 1485 1709 1539 fidem
1744 1501 1934 1539 meam
1968 1501 2071 1555 per

420 1568 895 1645 praedicationem
940 1577 1193 1627 vestram
1225 1590 1294 1627 ex
1322 1573 1598 1627 omnibus
1638 1574 1934 1645 gentibus,
1965 1590 2067 1645 pro

421 1661 699 1716 omnibus
730 1662 1057 1715 mercedem
1091 1660 1402 1733 recipietis.
1568 1672 1571 1677 ‘

497 1768 519 1796 ι
553 1746 680 1803 Noli
728 1746 950 1816 timere,
977 1770 1004 1798 n
1029 1765 1061 1803 o
1093 1747 1307 1803 chorus
1358 1747 1776 1820 apostolorum,
1818 1764 1984 1819 reges
2012 1750 2070 1802 et

418 1835 713 1908 principes
745 1834 919 1892 istius
948 1835 1168 1904 saeculi,
1190 1853 1257 1891 ac
1287 1841 1731 1908 persecutorum
1764 1835 2064 1903 saevitiam,
2098 1874 2145 1938 Β

418 1946 447 1975 ‹‹
473 1924 749 1996 quoniam
770 1927 964 1980 tecum
989 1942 1093 1997 ego
1118 1942 1252 1980 sum
1280 1948 1306 1973 »
1329 1925 1429 1997 qui
1455 1926 1673 1981 redemi
1698 1931 1772 1992 te,
1791 1930 1847 1980 et
1869 1924 1986 1979 dixi
2006 1924 2066 1980 in

417 2012 728 2086 Evangelio
759 2017 881 2068 tam
914 2012 1018 2067 tibi
1051 2030 1229 2085 quam
1261 2014 1490 2069 cunctis
1521 2013 1795 2069 ﬁdelibus
1824 2031 1836 2068 :
1863 2037 1891 2063 ‹‹
1924 2015 2069 2069 Ecce

417 2118 523 2174 ego
546 2102 845 2157 vobiscum
878 2118 1011 2157 sum
1045 2101 1321 2157 omnibus
1352 2102 1579 2170 diebus,
1606 2118 1793 2173 usque
1823 2102 1895 2156 ad
1925 2118 2068 2156 con-

417 2190 872 2246 summationem
913 2188 1108 2245 saeculi
1151 2190 1352 2261 (Matth.
1376 2194 1630 2259 xxvm).»
1661 2214 1680 2238 ι
1720 2191 1805 2245 Ab
1836 2190 2068 2245 Oriente

417 2280 705 2334 adducam
738 2296 936 2334 semen
970 2282 1163 2349 tuum,
1191 2301 1217 2326 υ
1239 2296 1271 2334 o
1303 2278 1517 2334 chorus
1548 2277 1968 2350 apostolorum,
1993 2279 2065 2333 ad

416 2367 736 2423 Ecclesiain
770 2383 1016 2433 meam,«
1042 2370 1099 2421 et
1128 2366 1201 2421 ab
1224 2366 1533 2422 Occidente
1564 2368 1928 2439 congregabo
1952 2372 2065 2421 te.»

416 2456 524 2510 Per
553 2456 660 2511 has
686 2456 833 2511 duas
862 2460 1058 2527 partes
1089 2456 1317 2523 mundi,
1342 2460 1595 2527 quatuor
1625 2456 1866 2512 climata
1893 2457 2065 2511 debe-

416 2561 550 2599 mus
580 2543 925 2616 intelligere,
956 2561 1025 2599 ex
1056 2543 1272 2617 quibus
1302 2544 1658 2617 colliguntur
1688 2546 1757 2600 ad
1791 2546 1989 2611 ﬁdem,
2012 2549 2070 2601 et

415 2638 845 2706 congregantur
875 2633 944 2688 ad
992 2633 1279 2689 unitatem
1318 2633 1610 2703 Ecclesia,
1634 2638 1692 2689 et
1720 2634 1768 2689 si
1803 2651 1917 2689 non
1949 2651 2070 2689 cor-

414 2738 553 2794 pore
583 2727 780 2777 tamen
814 2726 1026 2779 mente.
1048 2721 1213 2778 Unde
1233 2722 1374 2778 dicit
1405 2723 1464 2777 in
1488 2722 1798 2796 Evangelio
1823 2740 1869 2778 ;‹‹
1898 2722 2068 2778 Multi

413 2811 647 2868 venient
676 2812 748 2867 ab
771 2812 1003 2868 Oriente
1033 2816 1091 2868 et
1114 2811 1445 2879 Occidente,
1473 2816 1530 2867 et
1560 2814 1902 2868 recumbent
1932 2829 2066 2867 cum

413 2900 732 2967 Abraham,
770 2902 930 2957 Isaac
961 2905 1018 2957 et
1044 2901 1226 2957 Jacob
1256 2901 1315 2956 in
1349 2917 1526 2974 regno
1557 2901 1836 2957 cmlorum
1859 2901 2064 2970 (Matth.

413 2993 593 3059 vm).n
621 2991 681 3046 Si
712 2991 1052 3063 quazrimus,
1079 2991 1238 3063 quod
1259 2991 1338 3046 sit
1356 3007 1556 3046 semen
1578 2990 1975 3062 apostolorum
1998 2990 2068 3045 de

415 3095 531 3150 quo
563 3078 658 3133 hic
705 3077 968 3151 loquitur
998 3097 1012 3134 :
1046 3084 1207 3151 patet
1234 3079 1307 3134 de
1337 3072 1560 3135 semine
1599 3077 1890 3150 spirituali
1940 3094 2070 3133 esse

418 3166 665 3221 dictum.
684 3167 897 3222 Omnes
913 3166 1069 3222 enim
1087 3166 1185 3239 qui
1210 3183 1314 3239 per
1335 3167 1807 3239 praedicationem
1834 3166 2066 3221 illorum

2183 595 2401 650 hebant
2420 612 2593 650 aures
2615 594 2852 660 mentis,
2867 598 2932 649 ut
2952 594 3262 666 nequirent
3279 594 3480 649 audire
3502 592 3689 667 legem
3709 595 3829 663 Dei,

2182 684 2329 738 Nam
2351 688 2407 739 et
2437 683 2693 756 Spiritus
2716 686 2955 739 sanctus
2977 699 3080 756 per
3107 682 3317 738 Isaiam
3347 681 3695 755 prophetam
3725 683 3831 739 hoc

2182 772 2378 843 ipsum
2412 773 2776 844 praedixerat,
2812 772 3087 844 inquiens
3120 788 3132 825 :
3166 772 3317 826 Aure
3346 770 3598 826 audietis
3630 775 3689 827 et
3720 788 3829 828 non

2182 858 2541 931 intelligetis,
2576 864 2633 914 et
2662 859 2861 915 oculos
2892 859 3203 927 habebitis,
3235 863 3292 915 et
3320 876 3434 913 non
3466 859 3831 932 perspicietis

2181 950 2390 1018 (supra,
2411 948 2595 1018 v1).Et
2623 950 2949 1004 notandum
2980 948 3237 1020 primum
3269 948 3485 1003 factam
3516 963 3646 1003 esse
3675 964 3828 1003 voca-

2180 1035 2399 1091 tionem
2429 1037 2791 1104 Judzeorum,
2817 1037 3025 1092 deinde
3055 1036 3342 1107 gentium,
3367 1035 3520 1092 sicut
3548 1036 3830 1092 Dominus

2178 1124 2324 1180 dixit
2346 1143 2395 1180 ια
2416 1126 2539 1181 Νοιι
2560 1143 2691 1180 sum
2716 1126 2939 1181 missus
2960 1125 3071 1180 nisi
3098 1125 3168 1180 ad
3193 1141 3326 1180 oves
3346 1124 3606 1197 perditas
3621 1126 3830 1182 domus

2180 1213 2356 1269 Israel
2374 1214 2581 1283 (Matth.
2595 1214 2892 1284 xv).»Tale
2905 1213 3043 1286 quid
3065 1217 3123 1268 et
3143 1214 3349 1268 beatus
3369 1212 3585 1268 Paulus
3607 1218 3832 1286 aposto-

2178 1301 2271 1357 lus
2285 1301 2460 1374 legitu
2470 1321 2496 1357 r
2507 1302 2725 1359 dixisse
2736 1302 3040 1359 inActibus
3051 1301 3474 1374 apostolorum:
3485 1302 3698 1359 «Vobis
3710 1304 3831 1375 qui-

2177 1392 2309 1446 dem
2324 1392 2627 1463 oportebat
2642 1391 2899 1463 primum
2915 1390 3077 1463 loqui
3089 1391 3332 1447 verbum
3345 1390 3572 1457 Dei,sed
3591 1392 3735 1463 quia
3749 1407 3830 1448 re-

2178 1479 2380 1550 pulisti
2404 1478 2572 1549 illud,
2593 1497 2725 1535 ecce
2747 1478 3143 1535 convertimur
3162 1479 3233 1534 ad
3265 1483 3469 1552 gentes
3489 1479 3625 1548 (Act.
3644 1480 3820 1551 xm).-

2249 1591 2277 1618 «
2298 1569 2513 1624 Omnes
2534 1572 2737 1642 gentes
2755 1572 3116 1641 congregata:
3139 1572 3279 1623 sunt
3294 1567 3557 1636 simul,et
3575 1568 3825 1624 collecta)

2178 1661 2322 1713 sunt
2349 1657 2560 1713 tribus.
2588 1679 2616 1707 »
2640 1657 2956 1729 Postquam
2988 1656 3386 1723 crediderunt,
3402 1657 3503 1728 qui
3530 1656 3826 1728 praedesti-

2178 1746 2299 1802 nati
2331 1751 2498 1802 erant
2517 1764 2585 1802 ex
2614 1746 2854 1813 Judaeis,
2880 1746 2939 1800 in
2962 1745 3285 1814 Christum,
3307 1750 3671 1818 congregata:
3692 1750 3830 1801 sunt

2177 1840 2234 1890 et
2263 1841 2484 1909 gentes.
2510 1836 2882 1908 Congregatzs
2914 1840 3054 1891 sunt
3081 1851 3218 1907 ergo
3247 1838 3471 1907 gentes,
3494 1839 3553 1890 et
3577 1833 3828 1890 collecta

2177 1931 2317 1981 sunt
2345 1926 2553 1993 tribus,
2579 1924 2687 1981 hoc
2735 1927 2825 1980 est
2869 1924 3077 1980 Judaei.
3100 1924 3171 1979 Et
3218 1923 3437 1978 factum
3472 1927 3565 1978 est
3604 1927 3729 1978 tam
3762 1939 3832 1978 ex

2176 2015 2449 2087 gentibus
2470 2030 2647 2086 quam
2670 2030 2738 2068 ex
2756 2012 2975 2068 Judaais
3002 2029 3189 2067 unum
3211 2011 3358 2067 ovile
3390 2011 3622 2067 Domini
3648 2011 3824 2083 (loan.

2175 2107 2254 2172 χ),
2278 2103 2335 2157 in
2368 2120 2483 2175 quo
2523 2100 2783 2174 quotidie
2827 2104 3259 2173 congregantur
3305 2100 3529 2155 unitate
3577 2099 3735 2165 ﬁdei,
3768 2099 3827 2155 in

2176 2193 2547 2265 baptismate,
2576 2195 2633 2246 et
2664 2190 2722 2245 in
2753 2207 2874 2245 una
2912 2189 3282 2262 perceptione
3318 2187 3578 2260 corporis
3607 2191 3667 2243 et
3692 2204 3826 2243 san-

2175 2280 2375 2353 guinis
2425 2278 2662 2334 Christi.
2687 2302 2713 2328 ‹‹
2738 2279 2878 2345 Quis
2922 2277 2981 2332 in
3029 2277 3216 2343 vobis,
3240 2298 3266 2325 »
3293 2293 3325 2331 o
3356 2275 3623 2349 gentiles,
3662 2296 3693 2325 α
3724 2293 3824 2331 an-

2176 2369 2406 2423 nuntiet
2435 2368 2651 2439 istud,»
2681 2366 2987 2433 subaudis,
3010 2366 3165 2438 quod
3192 2364 3425 2421 locutus
3454 2369 3545 2421 est
3572 2364 3730 2421 Deus
3756 2367 3826 2421 de

2175 2458 2427 2512 adventu
2454 2455 2584 2510 Filii
2605 2456 2755 2524 sui,«
2780 2460 2836 2510 et
2856 2472 2983 2526 quae
3006 2454 3200 2527 prima
3219 2458 3359 2509 sunt
3387 2453 3591 2509 audire
3611 2470 3722 2510 nos
3743 2454 3823 2509 fa-

2174 2544 2361 2601 ciet?»
2387 2544 2446 2600 Si
2478 2548 2617 2599 sunt
2646 2543 2729 2599 dii
2758 2544 2933 2599 vestri
2962 2543 3104 2612 veri,
3129 2541 3480 2598 annuntient
3498 2543 3666 2598 vobis
3691 2560 3826 2614 prae-

2175 2634 2347 2690 terita
2375 2633 2494 2689 sive
2525 2634 2745 2699 futura,
2768 2632 2921 2687 sicut
2946 2631 3230 2687 Dominus
3254 2635 3472 2686 noster.
3494 2630 3827 2703 Alloquitur

2176 2722 2462 2795 Propheta
2490 2720 2756 2794 gentiles,
2777 2719 2978 2776 volens
3023 2736 3124 2777 eos
3155 2735 3448 2776 removere
3477 2720 3550 2775 ab
3579 2718 3824 2775 idolola-

2175 2810 2289 2866 tria
2317 2814 2375 2866 et
2409 2809 2571 2865 cultu
2618 2809 2975 2867 daemonum.
3000 2831 3029 2859 ‹‹
3054 2812 3199 2863 Dent
3238 2812 3418 2864 testes
3455 2824 3739 2876 eorum,»
3766 2807 3823 2863 id

2175 2904 2285 2968 est,
2308 2898 2421 2972 ipsi
2447 2897 2527 2954 dii
2557 2901 2738 2954 testes
2769 2913 2929 2964 suos,
2954 2920 2982 2948 «
3007 2901 3074 2953 ut
3094 2897 3516 2969 justiﬁcentur,
3540 2918 3572 2947 »ι
3596 2896 3711 2953 hoc
3740 2902 3827 2952 est

2176 2993 2241 3045 ut
2262 2987 2412 3061 justi
2443 2991 2500 3043 et
2528 2986 2647 3043 veri
2675 2986 2970 3056 dicantur,
2996 3008 3025 3037 ‹‹
3046 2990 3105 3042 et
3133 2986 3395 3053 audiant,
3423 3008 3451 3035 »
3474 2983 3710 3058 illi,qui
3732 3001 3827 3041 eos

2176 3078 2449 3151 ignorant
2477 3092 2605 3131 esse
2633 3092 2802 3131 veros
2832 3074 2992 3144 deos,
3017 3096 3046 3124 ‹‹
3070 3079 3129 3130 et
3155 3075 3354 3130 dicant
3378 3097 3398 3123 ι
3423 3075 3566 3146 quia
3592 3075 3717 3130 veri
3747 3074 3825 3129 dii

2177 3170 2335 3222 sunt.
2362 3168 2477 3221 Isto
2507 3164 2569 3220 in
2600 3164 2724 3220 loco
2755 3166 2845 3220 est
2872 3162 2984 3220 iste
3003 3162 3326 3219 versiculus
3348 3163 3823 3238 distinguendae,

415 3255 807 3321 crediderunt,
824 3271 1021 3310 semen
1044 3271 1245 3310 eorum
1268 3260 1438 3311 sunt:
1459 3256 1611 3311 sicut
1630 3255 1771 3311 dicit
1794 3255 2065 3328 egregius
2095 3239 2138 3306 C
2175 3259 2234 3311 et
2261 3255 2335 3310 ad
2365 3253 2670 3327 sequentia
2689 3253 3058 3326 jungendus.

416 3340 762 3412 prmdicator
784 3359 833 3397 ει(
860 3340 1049 3396 Filioli
1075 3342 1189 3398 mei
1212 3360 1360 3415 quos
1391 3343 1606 3399 iterum
1639 3344 1899 3415 parturio
1923 3344 2061 3417 (Gal.

418 3430 556 3496 Iv).»
580 3428 649 3483 Et
673 3443 721 3484 ;‹‹
747 3428 854 3484 Per
882 3428 1260 3502 Evangelium
1282 3448 1389 3503 ego
1408 3448 1510 3487 vos
1530 3432 1765 3503 genui.»

493 3538 522 3567 ‹‹
542 3516 743 3573 Dicam
783 3517 1064 3591 aquiloni,
1090 3541 1118 3569 »
1142 3519 1199 3575 id
1229 3523 1341 3588 est,
1364 3519 1596 3575 diabolo
1621 3543 1649 3571 «
1670 3521 1764 3587 da,
1790 3543 1817 3571 »
1853 3522 2066 3577 subau-

416 3606 529 3675 dis,
563 3605 716 3662 ﬁlios
745 3623 925 3673 meos,
951 3623 1100 3679 quos
1129 3612 1293 3665 tenes
1314 3609 1574 3682 eaptivos
1596 3610 1874 3681 apostolis
1895 3610 2061 3665 meis.

420 3718 443 3745 ι
470 3696 539 3751 Et
568 3700 768 3751 austro
798 3696 1011 3763 dicam,
1038 3697 1155 3753 noli
1187 3697 1495 3771 prohibere
1525 3721 1551 3748 »
1583 3699 1734 3755 ﬁlios
1765 3716 1946 3766 meos,
1969 3717 2081 3769 ve-_

415 3784 644 3841 nientes
666 3786 735 3840 ad
762 3786 941 3841 fidem
962 3786 1285 3843 Ecclesium
1304 3786 1482 3843 Aufer
1500 3786 1652 3843 ﬁlios
1674 3804 1835 3844 meos
1855 3789 1926 3844 de
1945 3788 2067 3845 lon-

415 3874 657 3947 ginquo,
686 3896 713 3923 »
736 3892 768 3929 o
798 3875 1015 3932 chorus
1062 3875 1481 3948 apostolorum,
1512 3877 1569 3932 id
1618 3882 1727 3946 est,
1780 3876 2063 3950 populum

416 3964 681 4036 gentium
712 3963 807 4036 qui
839 3963 1012 4038 longe
1041 3982 1076 4020 a
1113 3965 1445 4038 cognitione
1487 3965 1585 4021 Dei
1619 3970 1728 4021 est.
1756 3989 1784 4016 «
1814 3967 1884 4021 Et
1915 3965 2065 4021 ﬁlias

417 4069 601 4120 meas,
631 4074 659 4101 »
679 4051 738 4107 id
782 4057 873 4108 est
922 4054 1170 4125 animas,
1205 4053 1429 4110 scilicet
1486 4055 1932 4127 prwdestinatas
1991 4056 2062 4111 ad

415 4156 687 4213 regnum,
711 4140 852 4195 affer
873 4163 901 4190 «
925 4140 999 4195 ab
1029 4141 1305 4197 extremis
1335 4147 1523 4209 terrae,
1543 4166 1572 4192 »
1595 4143 1667 4198 ab
1697 4143 1881 4212 India,
1908 4144 2064 4200 scili-

417 4230 508 4282 cet
537 4226 843 4299 zEthiopia.
866 4227 968 4283 Vel
1012 4245 1116 4301 per
1153 4229 1306 4286 ﬁlias
1335 4230 1736 4303 intelligamus
1766 4231 2064 4303 mulieres,

415 4331 545 4387 quae
576 4315 648 4370 ad
681 4313 996 4370 Dominum
1027 4333 1131 4389 per
1159 4316 1334 4372 fidem
1358 4323 1661 4374 venerunt.
1684 4318 2066 4376 Crediderunt

416 4419 628 4476 nempe
659 4402 787 4473 viri,
811 4404 1187 4461 crediderunt
1215 4410 1273 4461 et
1318 4405 1569 4461 feminea.
1592 4408 1679 4462 Ad
1710 4408 1821 4464 boc
1868 4414 2064 4465 autem

417 4495 575 4567 quod
607 4495 769 4567 dicit,
796 4494 939 4551 affer
968 4495 1120 4551 filios
1153 4512 1313 4552 meos
1344 4496 1593 4569 gentiles
1621 4499 1691 4554 de
1718 4497 2062 4572 longinquo,

2245 3366 2273 3395 «
2296 3343 2413 3399 Vos
2441 3359 2574 3399 vere
2605 3347 2786 3399 testes
2817 3340 2953 3410 mei,
2981 3341 3125 3397 dicit
3156 3342 3458 3397 Dominus.
3496 3364 3527 3391 »
3546 3340 3699 3398 Vere
3728 3357 3825 3398 vos

2132 3430 2137 3435 ⁷
2172 3436 2354 3489 testes
2385 3430 2500 3487 mei
2532 3430 2826 3503 propheta:
2856 3435 2915 3486 et
2942 3429 3211 3503 apostoli,
3235 3429 3378 3486 dicit
3400 3430 3693 3486 Dominus
3724 3430 3823 3486 Pa-

2172 3525 2297 3578 ter:
2324 3520 2463 3592 quia
2491 3537 2593 3591 per
2619 3537 2721 3575 vos
2752 3518 2984 3576 locutus
3014 3536 3168 3575 sum.
3194 3542 3222 3570 «
3246 3520 3316 3574 Et
3343 3536 3545 3576 servus
3578 3536 3770 3587 meus,
3792 3541 3818 3570 ιο

2173 3609 2478 3676 subaudis,
2503 3608 2793 3678 Christus,
2812 3631 2840 3659 «
2866 3626 3041 3682 quem
3062 3608 3208 3680 elegi
3233 3631 3261 3658 »
3287 3609 3347 3663 in
3369 3625 3485 3681 quo
3509 3608 3657 3664 mihi
3679 3608 3821 3664 bene

2173 3696 2499 3770 complacui
2540 3697 2743 3770 (Matth.
2784 3715 2877 3767 1n;
2921 3699 3048 3754 Luc.
3090 3702 3199 3767 ιιι),
3239 3697 3545 3764 subaudis,
3599 3696 3730 3770 ipse
3770 3701 3823 3754 et

2172 3787 2341 3844 testis
2368 3787 2680 3842 verborum
2712 3802 3000 3858 meorum,
3025 3809 3053 3837 «
3076 3790 3144 3841 ut
3164 3785 3363 3842 sciatis
3392 3786 3533 3857 quia
3561 3786 3695 3858 ipse
3721 3801 3820 3860 ego

2174 3894 2307 3933 sum
2353 3876 2529 3931 Deus.
2557 3898 2585 3925 »
2606 3875 2688 3931 De
2716 3874 2824 3931 hoc
2872 3892 3037 3932 servo
3085 3874 3233 3930 dixit
3276 3874 3548 3947 superius
3581 3891 3596 3930 :
3623 3898 3654 3927 ι(
3685 3876 3820 3931 Ecce

2173 3982 2377 4021 servus
2436 3977 2625 4032 meus,
2679 3964 3001 4037 suscipiam
3050 3980 3185 4020 eum
3234 3967 3379 4036 (sup.
3409 3980 3525 4031 xu,
3556 3965 3717 4037 xm).
3754 3964 3820 4019 Et

2172 4053 2319 4110 illud
2352 4071 2367 4109 :
2403 4054 2681 4126 Magnum
2714 4053 2823 4109 tibi
2869 4058 2982 4124 est,
3010 4052 3202 4110 vocari
3235 4057 3293 4109 te
3329 4069 3581 4125 puerum
3626 4068 3818 4109 meum

2174 4144 2367 4216 (infra,
2398 4143 2609 4215 xux).»
2632 4144 2831 4198 «Ante
2872 4159 2964 4198 me
3016 4159 3131 4198 non
3179 4147 3270 4198 est
3316 4142 3601 4198 formator
3652 4142 3815 4207 Deus,

2172 4236 2230 4288 et
2258 4235 2392 4304 post
2419 4247 2513 4287 me
2552 4248 2665 4287 non
2700 4230 2867 4289 erit.»
2887 4231 3010 4287 Vox
3039 4231 3140 4302 Dei
3190 4230 3396 4288 Patris.
3430 4229 3683 4297 Quidam
3728 4246 3816 4285 co-

2173 4321 2333 4376 dices
2361 4319 2581 4377 habent
2603 4335 2616 4376 :
2637 4321 2786 4375 Ante
2808 4336 2902 4375 me
2933 4336 3049 4376 non
3070 4330 3160 4376 est
3191 4321 3475 4376 formatus
3507 4319 3686 4377 Deus.
3710 4317 3815 4375 Sed

2172 4408 2386 4465 melius
2416 4413 2476 4464 et
2507 4407 2721 4464 rectius
2751 4413 2841 4464 est
2870 4409 3153 4465 formator
3180 4409 3391 4465 dicere.
3426 4408 3644 4482 Pagani
3675 4409 3815 4464 dice-

2173 4499 2318 4555 bant
2348 4499 2417 4553 de
2449 4497 2563 4554 diis
2584 4496 2745 4554 suis:
2770 4498 2884 4554 Iste
2904 4497 3049 4554 deus
3078 4502 3279 4555 noster
3299 4498 3437 4554 fecit
3454 4497 3812 4555 omnia.Ver-

416 4584 671 4673 pertinet
700 4585 1091 4673 quodbeatus
1137 4585 1451 4657 Apostolus
1498 4585 1778 4659 loquitur,
1810 4587 2012 4644 dicens
2045 4605 2058 4645 :
2091 4609 2139 4673 D
2173 4587 2231 4643 bi
2261 4587 2449 4661 gratia
2480 4587 2554 4641 ad
2583 4586 2784 4642 Jovem
2809 4602 2823 4641 :
2846 4586 3027 4656 Jovis,
3049 4591 3113 4642 tu
3144 4605 3207 4644 es
3237 4589 3393 4644 deux
3423 4604 3592 4644 meus
3623 4602 3807 4648 verus,

420 4695 442 4722 ε
467 4671 583 4729 Vos
608 4673 710 4745 qui
733 4672 909 4728 eratis
931 4673 1121 4746 longe,
1149 4674 1286 4728 facti
1308 4674 1452 4730 estis
1474 4691 1651 4747 prope
1684 4675 1741 4729 in
1774 4676 2061 4748 sanguine

415 4760 629 4816 Christi
652 4761 866 4832 (Ephes.
901 4762 983 4835 ιι).
1011 4785 1038 4812 ››

492 4872 513 4900 α
542 4850 609 4905 Et
639 4867 873 4905 omnem
896 4850 1216 4920 hominem,
1242 4852 1341 4923 qui
1376 4853 1604 4909 invocat
1627 4869 1839 4909 nomen
1863 4871 2059 4910 meum

414 4938 474 4993 in
505 4936 753 5011 gloriam
776 4955 1023 5007 meam,»
1050 4940 1353 5008 subaudis,
1379 4942 1665 4997 adducam
1710 4943 1781 4998 ad
1823 4945 2062 4999 societa-

412 5030 532 5082 tem
556 5026 872 5083 electorum
895 5044 1182 5083 meorum.
1201 5053 1220 5075 «
1249 5029 1443 5084 Creavi
1466 5046 1601 5085 eum
1626 5053 1653 5079 »
1677 5047 1935 5103 corpore,
1958 5032 2059 5105 qui

414 5116 475 5171 in
507 5132 600 5171 me
632 5116 961 5172 crediturus
988 5121 1097 5172 est.
1123 5141 1149 5167 ‹‹
1206 5117 1467 5173 Formavi
1518 5134 1652 5173 eum
1686 5141 1713 5167 »
1745 5120 1803 5174 in
1842 5120 2058 5191 anima,

414 5227 442 5255 ι(
475 5208 534 5260 et
562 5204 669 5261 feci
702 5222 858 5274 eum,
886 5228 913 5255 »
937 5205 1223 5261 subaudis
1262 5205 1686 5275 Christianum,
1708 5208 1796 5263 vel
1835 5215 2062 5281 aposto-

413 5293 540 5349 lum
571 5293 911 5367 quemlibet,
935 5294 1023 5351 vel
1055 5295 1355 5369 gentilem.

490 5404 512 5431 ι
542 5383 701 5439 Educ
733 5384 1015 5457 populum
1046 5386 1268 5452 foras,»
1292 5385 1363 5441 de
1389 5385 1732 5442 infidelitate
1756 5388 1827 5443 ad
1861 5389 2056 5458 fidem,

414 5469 486 5524 de
518 5477 701 5529 morte
732 5474 804 5529 ad
834 5474 1035 5542 vitam,
1060 5474 1130 5530 de
1156 5474 1413 5531 tenebris
1432 5476 1646 5532 erroris
1669 5477 1739 5531 ad
1760 5494 1955 5533 veram
1979 5477 2061 5533 lu—

412 5558 695 5614 cem.Vox
716 5561 817 5617 Dei
850 5562 1036 5618 Patris
1057 5564 1129 5617 ad
1152 5563 1365 5619 Filium
1391 5565 1461 5620 de
1490 5564 1711 5620 Judazis
1731 5565 1830 5637 qui
1861 5566 2060 5624 oculos

412 5644 709 5707 habebant
739 5650 1020 5728 corporis,
1040 5652 1142 5709 sed
1173 5652 1307 5710 caeci
1338 5658 1506 5711 erant
1529 5658 1743 5713 mente.
1779 5656 2061 5715 Similiter

2170 4676 2311 4749 quia
2337 4680 2402 4731 tu
2434 4675 2643 4731 creasti
2673 4680 2731 4731 et
2761 4675 2912 4748 regis
2942 4675 3275 4750 Olympum,
3301 4677 3409 4733 hoc
3439 4680 3549 4744 est,
3582 4674 3804 4731 ccelum.

2170 4766 2384 4822 Contra
2412 4764 2554 4821 dicit
2584 4764 2737 4820 Deus
2775 4764 3146 4837 omnipotens
3180 4782 3192 4822 :
3227 4770 3374 4821 Ante
3423 4781 3519 4821 me
3567 4780 3682 4820 non
3725 4766 3811 4817 est

2170 4855 2325 4911 Deus
2356 4856 2638 4910 formator
2666 4852 2919 4926 alicujus
2948 4854 3051 4911 rei.
3086 4855 3203 4928 Ego
3233 4871 3365 4910 sum
3398 4853 3681 4909 formator
3704 4849 3813 4924 ριιί-

2171 4960 2325 5012 mus,
2348 4943 2488 5015 quia
2517 4959 2701 5014 quum
2734 4959 2851 4997 non
2883 4947 3100 5010 essent,
3130 4942 3328 4998 omnia
3368 4942 3478 4998 feci
3510 4960 3583 4999 ex
3612 4940 3805 4997 nihilo.

2171 5033 2471 5098 Quomodo
2492 5031 2649 5087 enim
2672 5036 2901 5103 poterat
2915 5031 3127 5104 aliquis
3142 5032 3384 5088 deorum
3407 5030 3689 5087 falsorum
3708 5030 3811 5085 for-

2172 5126 2363 5176 mator
2392 5136 2539 5188 esse,
2563 5120 2786 5176 scilicet
2816 5121 3067 5193 alicujus
3099 5120 3202 5189 rei,
3241 5137 3426 5193 quum
3454 5137 3574 5177 non
3604 5124 3749 5176 esset
3773 5133 3809 5172 ι

2169 5226 2283 5282 quo
2317 5209 2705 5265 formaretur?
2736 5210 2895 5267 ldola
2924 5210 3081 5266 enim
3112 5215 3253 5266 sunt
3273 5210 3453 5266 surda
3480 5214 3541 5266 et
3570 5213 3727 5265 muta
3751 5209 3806 5262 et

2168 5291 2538 5355 insensibilia
2577 5300 2855 5355 manibus
2901 5298 3211 5356 hominum
3260 5301 3531 5356 formata.
3556 5298 3714 5367 Quod
3755 5294 3804 5351 si

2170 5389 2415 5446 refertur
2444 5389 2516 5444 ad
2547 5388 2868 5458 diabolum,
2895 5390 2994 5461 qui
3040 5406 3191 5462 saepe
3221 5406 3324 5462 per
3352 5389 3511 5446 idola
3539 5400 3805 5466 responsa

2167 5479 2365 5547 dabat,
2389 5478 2685 5549 quomodo
2717 5483 2944 5550 poterat
2972 5478 3258 5536 formator
3273 5496 3403 5537 esse
3431 5477 3692 5536 omnium
3720 5490 3801 5530 re-

2168 5585 2324 5637 rum,
2347 5568 2448 5641 qui
2487 5584 2557 5623 ex
2604 5571 2864 5641 tempore
2895 5585 2929 5624 a
2957 5569 3073 5624 Deo
3104 5573 3194 5625 est
3237 5569 3473 5626 factus?
3502 5569 3562 5626 Si
3603 5564 3797 5624 dixeri-

2169 5674 2324 5735 mus,
2357 5661 2490 5719 ante
2518 5672 2613 5719 me
2642 5674 2761 5717 non
2791 5662 2882 5719 est
2912 5658 3199 5721 formatus
3230 5659 3403 5741 Deus,
3423 5659 3538 5721 erit
3564 5668 3797 5736 scmus;
