4046 6188
213 311 323 372 991

1263 312 1667 376 COMMENT.
1715 315 1796 376 IN
1839 315 2132 379 ISAI'A'M.
2178 351 2258 364 —
2297 320 2448 383 LIB.
2489 323 2570 384 II.

3491 326 3613 395 938

216 439 484 497 dictionis
507 439 688 512 (Num.
720 439 835 512 xx),
861 419 968 496 hoc
1000 446 1109 509 est,
1129 460 1162 498 a
1192 443 1487 500 voluntate
1535 447 1635 502 Dei
1668 464 1852 503 reccs-
1883 451 1938 516 Α
1960 448 2130 518 juxta
2160 454 2617 522 praeterfluentes
2647 472 2829 528 aquas
2860 459 2973 515 sita
3002 458 3222 527 sit,hoc
3261 466 3352 519 est
3397 463 3446 518 si
3478 463 3615 520 hinc

214 533 428 586 serunt.

277 640 305 666 ‹‹
339 618 410 672 Et
439 615 834 672 contaminavi
863 615 1157 688 principes
1189 623 1494 686 sanctos,»
1530 621 1584 675 id
1617 626 1855 677 estcon-

212 705 475 762 taminari
502 704 742 777 permisi
776 705 1058 777 Mosenet
1077 707 1287 762 Aaron.
1307 709 1462 774 Quos
1483 709 1697 764 idcirco
1723 727 1853 766 con-

211 795 525 850 taminasse
547 792 862 864 dicit,quia
892 797 1104 849 terram
1131 796 1599 866 repromissionis
1632 816 1743 853 non
1769 799 1852 854 in-

208 889 518 939 traverunt.
543 909 569 932 ‹‹
596 882 738 938 Dedi
767 883 838 937 ad
872 883 1324 940 internecionem
1349 886 1550 952 Jacob,
1574 910 1599 934 υ
1624 887 1732 942 hoc
1763 893 1851 944 est

204 974 267 1029 ad
301 971 785 1028 interfectionem.
807 995 833 1021 α
869 971 936 1026 Et
968 973 1144 1028 Israel
1176 972 1234 1028 in
1267 973 1749 1043 blasphemiam,»
1786 979 1849 1032 ut

203 1047 416 1129 nullus,
451 1065 663 1133 praeter
693 1061 840 1115 duos
871 1076 942 1115 ex
967 1061 1059 1116 his
1091 1062 1192 1133 qui
1243 1063 1314 1117 de
1352 1064 1595 1135 zEgypto
1627 1066 1845 1137 egressi

203 1154 334 1206 sunt
364 1150 612 1204 intraret
641 1148 700 1203 in
732 1153 948 1205 terram
987 1151 1490 1221 repromissionis:
1523 1154 1624 1208 sed
1673 1155 1845 1210 cada-

200 1256 324 1295 vera
352 1254 556 1294 eorum
580 1238 845 1308 jaceren‘t
873 1237 933 1293 in
964 1237 1300 1308 solitudine,
1333 1245 1542 1312 praeter
1584 1242 1762 1298 Josue
1789 1244 1847 1298 et

199 1326 429 1400 Caleph.

785 1415 1017 1472 CAPUT
1054 1416 1244 1472 XLIV.

261 1530 288 1556 α
322 1505 394 1562 Et
423 1522 580 1562 nunc
611 1504 964 1572 audi,Jacob
987 1523 1148 1562 serve
1172 1523 1337 1563 meus
1369 1513 1427 1564 et
1458 1508 1840 1582 Israel,quem

195 1594 358 1668 elegi.
377 1617 406 1644 »
431 1595 688 1652 Locutus
719 1599 808 1650 est
837 1595 1110 1666 superius
1133 1597 1203 1652 de
1231 1597 1407 1653 Israel
1437 1602 1493 1653 et
1523 1599 1703 1655 Jacob
1722 1615 1842 1655 car-

195 1681 305 1738 nali
342 1700 356 1738 :
392 1701 549 1740 nunc
580 1686 775 1739 autem
808 1681 1129 1755 alloquitur
1152 1685 1395 1740 chorum
1437 1687 1837 1759 apostolorum

193 1775 244 1827 et
271 1772 574 1827 credentes
606 1783 676 1826 ex
704 1771 945 1842 J‘udaeis,
980 1789 1114 1828 cum
1147 1772 1449 1846 privilegio
1489 1775 1744 1832 nominis
1783 1783 1839 1833 et

190 1861 471 1933 dignitate
499 1860 760 1916 honoris.
793 1861 864 1917 Et
892 1877 1072 1931 nunc,
1105 1879 1137 1917 ο
1167 1863 1381 1918 chorus
1409 1866 1834 1936 apostolorum,

190 1949 322 2023 quia
353 1949 529 2006 Israel
561 1949 816 2006 carnalis
846 1950 905 2005 in
933 1949 1276 2006 infidelitate
1299 1960 1601 2024 permanet
1631 1961 1687 2010 et
1718 1974 1833 2012 non

185 2038 305 2096 vult
335 2056 430 2095 me
461 2039 752 2108 audire,tu
775 2038 877 2111 qui
898 2055 961 2094 es
983 2056 1184 2094 servus
1205 2041 1619 2109 meus,electus
1644 2061 1831 2112 meus,

187 2129 319 2184 audi
351 2129 630 2183 mandata
658 2144 789 2182 mea
814 2131 872 2183 et
898 2144 1069 2199 opere
1103 2128 1378 2200 adimple.

253 2241 280 2266 ‹‹
315 2217 446 2272 Haec
475 2216 618 2271 dicit
644 2215 928 2271 Dominus
958 2216 1177 2272 faciens
1209 2221 1264 2272 te
1295 2241 1321 2267 ››
1351 2218 1411 2273 in
1444 2237 1682 2294 corpore
1714 2245 1742 2272 ‹‹
1775 2227 1832 2279 et

185 2307 444 2361 formans
476 2310 533 2361 te
565 2328 594 2354 ››
627 2305 685 2360 in
717 2305 934 2373 anima,
960 2328 988 2356 «
1008 2306 1080 2361 ab
1115 2310 1276 2362 utero
1306 2308 1618 2364 auxiliator
1639 2315 1776 2366 tuus
1801 2334 1829 2360 η

181 2396 321 2468 quia
369 2411 505 2451 cum
555 2411 670 2450 non
723 2409 884 2451 esses
933 2393 1042 2450 feci
1083 2398 1155 2449 te.
1192 2395 1374 2450 «Noli
1421 2397 1644 2466 timere,
1669 2416 1832 2455 serve

182 2502 348 2540 meus
370 2483 550 2539 Jacob
567 2487 625 2538 et
647 2481 1201 2555 Rectissime,quem
1225 2483 1391 2557 elegi.
1406 2486 1596 2541 nDicit
1621 2488 1829 2544 beatus

179 2573 592 2644 Hieronymus,
625 2571 766 2644 quia
811 2571 990 2627 Israel
1043 2574 1368 2628 secundum
1415 2575 1828 2647 proprietatem

176 2662 429 2716 Hebraea:
448 2659 660 2733 lingua:
679 2659 909 2733 proprie
938 2662 1289 2728 rectus,sive
1321 2662 1703 2731 rectissimus,
1741 2665 1828 2719 in-

173 2753 549 2822 terpretatur.
581 2749 699 2804 Hoc
727 2753 928 2806 autem
958 2749 1110 2821 quod
1142 2750 1230 2805 vir
1255 2751 1458 2806 videns
1489 2751 1669 2806 Deum
1692 2754 1830 2809 dici-

170 2843 290 2908 tur,
324 2855 446 2895 non
474 2838 534 2894 in
564 2837 882 2910 scriptione
929 2837 1258 2894 litterarum
1307 2843 1413 2906 est,
1447 2841 1549 2896 sed
1592 2841 1652 2896 in
1684 2859 1827 2898 sono

168 2927 329 2983 vocis
362 2925 659 2997 consistit;
682 2929 836 2983 unde
862 2928 1016 3000 quod
1049 2927 1142 2983 hic
1175 2928 1424 2984 dicitur:
1449 2929 1577 2986 Noli
1601 2930 1824 2997 timere,

165 3031 378 3072 servus
407 3031 576 3071 meus
601 3015 784 3072 Jacob
815 3019 873 3070 et
900 3015 1264 3083 Rectissime,
1303 3033 1476 3088 quem
1507 3017 1652 3090 elegi
1677 3035 1690 3073 :
1715 3018 1826 3074 tale

164 3111 256 3161 est
285 3122 357 3160 ac
389 3106 439 3161 si
472 3104 763 3161 diceretur
795 3121 807 3159 :
833 3109 891 3160 et
925 3105 1100 3161 Israel
1127 3122 1300 3177 quem
1332 3106 1502 3178 elegi.

1963 536 2098 592 inde
2131 539 2300 610 aquis
2316 542 2648 614 vallatur,ct
2669 562 2796 616 quae
2817 546 2992 601 etiam
3023 547 3071 602 si
3099 554 3338 621 sumpta
3361 551 3615 606 fueritin

1962 626 2090 682 cibo
2119 627 2208 682 vel
2240 631 2564 700 potu,sicut
2590 632 2816 705 physici
2838 635 3338 703 dicunt,sterilem
3363 639 3554 696 reddit
3582 656 3617 696 a

1961 732 2075 786 quo
2099 717 2372 789 sumitur)
2387 720 2754 792 signiﬁcatur
2773 722 3224 796 gentilitas,quze
3243 726 3460 781 sterilis
3480 734 3615 784 ante

1961 804 2272 860 adventum
2303 807 2532 863 Domini
2566 811 2786 865 exstitit
2807 830 2840 865 a
2863 812 3152 868 fructibus
3173 813 3457 868 bonorum
3483 833 3613 887 ope—

1960 909 2091 946 rum
2117 911 2128 947 ;
2155 895 2254 948 sed
2280 900 2480 966 postea
2501 914 2684 969 aquas
2703 899 2980 954 doctrinae
3001 901 3342 973 evangeliczr
3357 903 3528 973 juxta
3549 920 3610 959 se

1960 979 2201 1046 habens,
2235 999 2362 1053 quae
2396 989 2566 1039 antea
2606 987 2970 1043 infructuosa
3019 994 3161 1058 erat,
3187 991 3355 1061 quasi
3409 999 3610 1050 contra

1957 1072 2228 1124 naturam
2243 1072 2485 1142 protulit
2512 1073 2762 1129 fructum
2777 1077 3410 1134 virtutum.Possumus
3431 1080 3605 1135 etiam

1955 1173 2059 1228 per
2087 1157 2302 1214 herbas
2331 1165 2387 1214 et
2416 1160 2624 1217 salices
2654 1164 2978 1235 germinam
3010 1167 3368 1222 vocationem
3397 1165 3610 1224 intelli-

1953 1261 2088 1318 gere
2108 1246 2669 1318 gentiam,videlicet
2699 1267 2764 1305 ac
2780 1251 3118 1308 Judzeorum
3141 1270 3156 1308 :
3182 1258 3248 1310 ut
3268 1272 3370 1327 per
3394 1256 3608 1313 herbas

1895 1329 1900 1334 ’
1951 1332 2354 1407 intelligamus
2385 1337 2828 1394 multitudinem
2859 1340 3124 1411 gentium
3152 1343 3511 1399 venientium
3534 1341 3606 1400 ad

1952 1422 2150 1490 ﬁdem,
2183 1441 2286 1496 per
2331 1425 2540 1482 salices
2591 1439 2725 1482 vero
2774 1429 3135 1500 primitivum
3181 1431 3487 1488 ecclesiam
3539 1451 3610 1490 ex

1949 1509 2190 1578 Judaeis,
2223 1519 2351 1583 quae
2383 1514 2839 1585 praedicantibus
2875 1517 3160 1588 apostolis
3191 1519 3306 1576 cito
3337 1521 3534 1578 crevit.

2021 1621 2047 1647 ι(
2065 1598 2237 1666 Iste,»
2250 1601 2533 1658 subaudis
2547 1620 2701 1658 unus
2715 1604 2958 1658 credens
2973 1608 3028 1659 et
3042 1605 3287 1675 ﬁdelis,«
3304 1609 3458 1664 dicet
3474 1627 3485 1666 :
3501 1608 3608 1666 Do-

1949 1685 2109 1741 mino
2133 1702 2237 1758 ego
2259 1706 2390 1744 sum
2406 1712 2432 1740 »
2451 1706 2652 1745 servus
2666 1708 2768 1762 per
2783 1691 2957 1747 ﬁdem
2979 1698 3036 1748 et
3058 1694 3316 1765 operatio
3327 1712 3602 1765 nem,non

1948 1773 2403 1848 idolorum,quia
2415 1777 2599 1832 abillo
2621 1796 2754 1834 sum
2779 1779 3176 1852 redemptus.«
3200 1783 3266 1836 Et
3289 1782 3386 1839 ille
3407 1807 3434 1833 »
3447 1784 3600 1842 alius

1947 1886 1973 1912 «
2003 1862 2190 1918 ﬁdelis
2211 1864 2480 1920 vocabit»
2506 1869 2922 1938 peceatoresad
2948 1869 3356 1940 paenitentiam
3375 1872 3478 1926 «in
3503 1871 3602 1930 no-

1947 1951 2104 2006 mine
2123 1952 2326 2019 Jacob,
2349 1975 2375 2002 »
2402 1953 2510 2010 hoc
2547 1959 2636 2009 est
2673 1955 3014 2027 supplantat
3045 1957 3204 2026 vitia,
3225 1958 3378 2014 sicut
3405 1965 3461 2015 et
3501 1959 3598 2017 ille

1942 2040 2097 2094 fecit.
2123 2064 2151 2090 «
2173 2043 2242 2096 Et
2259 2041 2372 2109 hic,
2393 2064 2418 2089 ››
2441 2042 2498 2097 id
2517 2046 2606 2098 est
2627 2041 2721 2098 ille
2745 2043 2952 2111 alius,«
2970 2045 3225 2101 scribere
3247 2064 3427 2102 manu
3451 2065 3592 2104 sua:

1942 2129 2175 2184 Domini
2192 2145 2297 2201 ego
2319 2147 2451 2185 sum
2465 2148 2687 2198 servus,
2699 2155 2724 2180 ››
2739 2132 2823 2187 vel
2847 2135 3173 2189 secundum
3187 2137 3341 2208 quod
3359 2138 3598 2209 Septua-

1941 2217 2104 2290 ginta
2133 2219 2338 2273 dicunt
2371 2235 2383 2273 :
2421 2219 2520 2274 Dei
2550 2237 2682 2275 sum
2717 2221 2904 2290 miles,
2941 2228 3004 2277 ut
3035 2224 3104 2278 de
3137 2224 3407 2280 tirocinio
3450 2243 3597 2282 novo

1940 2305 2225 2378 glorietur
2255 2323 2315 2362 se
2347 2307 2594 2362 militem
2617 2326 2746 2364 esse
2796 2309 3034 2365 Christi.
3069 2311 3318 2377 Quidam
3367 2314 3598 2371 codices

1940 2395 2187 2451 habent:
2204 2395 2500 2451 Scribctin
2517 2414 2695 2452 manu
2716 2416 2824 2453 sua
2843 2399 3091 2454 Domino
3107 2417 3120 2467 ;
3138 2401 3238 2455 sed
3254 2400 3600 2457 bentusHie-

1940 2499 2221 2554 ronymus
2244 2483 2475 2538 Domini
2509 2483 2650 2539 dicit
2672 2486 2996 2540 secundum
3018 2485 3361 2542 Hebraicam
3383 2488 3595 2544 verita-

1940 2577 2144 2639 tem,et
2160 2572 2261 2628 Dei
2275 2590 2407 2628 sum
2426 2575 2752 2628 secundum
2772 2576 2928 2645 quod
2953 2575 3337 2648 Septuaginta
3355 2577 3592 2632 dicunt:

1937 2663 2091 2734 quod
2115 2668 2171 2717 et
2195 2662 2454 2734 apertius
2476 2667 2566 2717 est
2587 2663 2777 2717 dicere
2796 2681 2808 2718 :
2826 2663 3284 2718 scribetDomini
3317 2681 3452 2719 sum
3484 2665 3592 2720 mi-

1937 2751 2226 2822 les,quam
2257 2749 2472 2805 scribet
2494 2767 2670 2804 manu
2696 2767 2805 2805 sua
2831 2750 3091 2805 Domino.
3119 2753 3336 2806 Tamen
3360 2752 3410 2806 si
3432 2752 3590 2808 dixe-

1937 2838 2123 2893 rimus
2155 2837 2424 2903 Domino,
2446 2836 2780 2892 eritsensus
2804 2841 2868 2892 ut
2897 2837 3116 2892 scribat
3151 2837 3398 2894 Domino
3431 2839 3586 2910 quod

1935 2925 2301 2981 Christianus
2322 2931 2412 2982 est
2444 2942 2457 2980 :
2493 2927 2648 2998 quod
2676 2926 2850 2981 ﬁdem
2882 2927 3011 2998 ejus
3037 2925 3234 2994 habet,
3251 2927 3403 2982 sicut
3423 2943 3585 2999 egre-

1933 3014 2065 3087 gius
2083 3012 2426 3085 praedicator
2446 3031 2689 3070 suarum
2711 3013 2769 3068 in
2789 3014 2974 3086 capite
2996 3014 3375 3086 cpistolarum
3399 3018 3455 3071 et
3473 3016 3586 3071 ﬁne

1934 3103 2077 3157 dicit
2100 3121 2112 3158 :
2135 3103 2348 3159 Paulus
2369 3120 2570 3159 servus
2589 3103 2618 3158 ,ι
2628 3119 2730 3158 esu
2754 3103 3232 3175 Christi,vocatus
3257 3104 3583 3176 apostolus.

240 3217 270 3245 ει
304 3193 621 3249 Etl'undam
655 3193 810 3249 enim
832 3209 1070 3266 aquam,
1089 3217 1115 3241 υ
1139 3193 1246 3248 hoc
1268 3200 1357 3250 est
1376 3195 1700 3250 doctrinam
1723 3196 1825 3252 Ve-
1853 3181 1897 3250 C
1936 3192 2004 3245 Et
2033 3209 2138 3264 ego
2171 3191 2386 3248 Paulus
2418 3209 2620 3248 servus
2649 3192 2790 3247 Jesu
2821 3191 3035 3248 Christi
3067 3192 3277 3266 scripsi
3315 3193 3437 3249 haec
3457 3199 3590 3250 mea

164 3283 308 3338 teris
340 3287 404 3338 et
436 3281 576 3337 Novi
595 3281 953 3338 Testamenti
977 3299 1200 3354 «super
1227 3283 1523 3338 sitientem
1550 3307 1576 3332 ››
1599 3284 1826 3356 gentili-

157 3376 350 3428 tatem
389 3393 417 3420 «
452 3375 509 3426 et
540 3370 759 3426 ﬂuenta
787 3392 816 3422 κ
851 3371 1183 3428 divinorum
1205 3370 1571 3444 eloquiornm
1594 3395 1622 3423 «
1648 3390 1826 3445 super

161 3461 425 3515 aridam.
461 3482 489 3509 »
521 3459 829 3516 Gentilitas
859 3477 985 3532 qua:
1015 3465 1139 3516 erat
1182 3461 1410 3528 sitiens,
1443 3462 1570 3533 ipsa
1616 3467 1740 3517 erat
1768 3466 1826 3519 et

157 3547 336 3604 arida
375 3564 389 3603 :
423 3548 564 3620 quia
593 3563 708 3604 non
738 3548 993 3604 habebat
1023 3549 1329 3605 humorem
1363 3549 1692 3607 dilectionis
1727 3553 1823 3608 Dei

155 3642 214 3692 et
244 3636 534 3709 proximi,
556 3658 585 3688 ‹‹
608 3637 917 3693 Effundam
949 3637 1105 3694 enim
1130 3638 1402 3710 spiritum
1425 3657 1603 3712 super
1621 3657 1822 3696 semen

151 3730 415 3793 tuum,»
445 3741 480 3780 ο
509 3724 724 3780 chorus
752 3724 1172 3796 apostolorum,
1206 3749 1234 3776 «
1269 3730 1326 3780 et
1360 3727 1821 3782 benedictionem

151 3831 362 3870 meam
397 3829 575 3885 super
604 3812 848 3886 stirpem
878 3817 1105 3869 tuam.»
1131 3815 1338 3870 Semen
1362 3814 1667 3886 spirituale
1692 3831 1824 3886 apo-

143 3902 457 3959 stolorum
487 3905 546 3958 et
573 3902 753 3975 stirps
773 3919 978 3959 omnes
999 3904 1300 3959 credentes
1322 3908 1481 3972 sunt,
1496 3903 1595 3975 qui
1617 3920 1819 3959 eorum

144 3992 602 4064 pmdicatione,
633 3991 934 4064 exemplis,
967 3992 1290 4060 miraculis,
1313 3993 1397 4048 vel
1433 3992 1665 4065 scriptis
1688 3992 1821 4048 illu~

143 4079 380 4135 minati
413 4079 487 4133 ad
519 4079 693 4134 ﬁdem
724 4080 1131 4147 venerunt,vel
1167 4080 1345 4136 futuri
1367 4085 1507 4135 sunt
1530 4097 1716 4152 usque
1747 4081 1820 4135 ad

141 4167 414 4224 extremi
439 4167 650 4238 judicii
681 4168 860 4225 diem.
895 4169 1082 4241 Super
1130 4169 1238 4225 hoc
1287 4186 1486 4224 semen
1537 4169 1821 4226 Dominus

140 4256 458 4330 Spiritum
478 4261 746 4312 sanctum
769 4274 943 4313 suum
965 4257 1373 4329 fudit,quando
1395 4257 1454 4312 in
1473 4257 1824 4330 baptismate

137 4351 200 4402 et
223 4363 348 4419 per
370 4345 810 4418 impositionem
833 4361 1117 4402 manuum
1141 4346 1546 4418 episcoporum
1571 4346 1821 4419 gratiam

137 4435 431 4508 Spiritus
461 4433 553 4490 sui
581 4433 634 4489 ei
666 4435 895 4490 tribuit.
931 4435 1399 4492 Benedictionem
1452 4435 1626 4490 etiam
1674 4435 1825 4490 fudit

131 4542 343 4597 super
367 4523 612 4595 stirpem
635 4524 1008 4596 eorum,quia
1028 4523 1140 4580 nisi
1165 4524 1287 4595 ipse
1319 4524 1670 4580 illustrasset
1699 4541 1822 4580 cor-

131 4614 217 4669 da
251 4611 565 4686 gentium,
597 4611 898 4668 incassum
927 4613 1316 4684 expenderent
1352 4613 1820 4684 praedicationem

127 4719 360 4760 suam.
398 4700 522 4756 Nisi
554 4700 710 4766 enim
742 4701 1028 4756 Dominus
1056 4717 1155 4756 cor
1185 4701 1562 4757 illustraverit
1592 4702 1818 4757 audito-

128 4793 246 4859 ris,
290 4791 366 4844 in
399 4805 618 4844 vanum
651 4789 878 4846 laborat
909 4788 1112 4861 lingua
1140 4790 1414 4846 doctoris.

208 4903 242 4929 ‹‹
259 4880 350 4934 Et.
374 4877 792 4950 germinabunt
813 4877 964 4933 inter
983 4877 1215 4946 herbas,
1242 4877 1408 4949 quasi
1433 4878 1822 4951 salieesjuxta

119 4966 632 5040 praeterﬂuentes
664 4983 866 5037 aquas.
889 4988 916 5016 »
943 4966 1132 5033 Ilerba
1156 4966 1449 5021 viriditate
1469 4969 1712 5039 gaudet;
1735 4969 1817 5024 illi

113 5074 285 5130 ergo
327 5055 441 5127 qui
475 5060 829 5110 renovantur
859 5055 917 5109 in
951 5055 1324 5128 baptismate,
1359 5060 1415 5110 et
1462 5057 1819 5113 benedictio-

115 5162 284 5202 nem
324 5143 573 5198 Domini
624 5148 924 5200 merentur
952 5145 1232 5216 accipere,
1265 5144 1460 5200 herbis
1501 5145 1823 5202 virentibus

109 5235 592 5307 comparantur
615 5249 628 5286 :
649 5232 786 5304 quia
809 5232 1090 5289 habentes
1109 5233 1460 5288 viriditatem
1492 5235 1624 5289 ﬁdei
1652 5236 1826 5291 bono-

109 5340 280 5379 rum
325 5337 602 5393 operum,
635 5320 1054 5394 germinabunt
1083 5322 1306 5376 fructus
1337 5321 1500 5376 bona;
1531 5325 1821 5394 Operatio-

104 5413 226 5470 nis
308 5409 481 5464 inter
534 5409 860 5479 credentes,
914 5409 1015 5481 qui
1067 5410 1194 5481 jam
1251 5409 1466 5463 ﬁrmati
1527 5410 1821 5469 radicibus

99 5498 528 5558 viriditatem
561 5503 620 5555 et
651 5498 765 5571 ipsi
813 5497 1046 5571 plenam
1094 5497 1415 5570 possident.
1449 5498 1555 5554 Per
1584 5498 1821 5556 salicem

96 5594 301 5667 (qua:
343 5585 719 5645 infructuosa
757 5591 849 5643 est
893 5591 952 5644 et
999 5587 1113 5644 cito
1153 5585 1455 5657 accrescit,
1487 5587 1738 5645 maxime
1769 5590 1820 5646 si

500 5715 768 5778 PATROL.
814 5713 1018 5782 CXVI.

1935 3298 2133 3335 mnnu.
2157 3304 2184 3332 ‹‹
2207 3282 2276 3336 Et
2307 3281 2365 3336 in
2391 3281 2627 3337 nomine
2652 3281 2827 3337 Israel
2851 3280 3316 3337 assimilabitur»
3343 3283 3591 3354 quilibet

1933 3369 2192 3436 illorum,
2223 3373 2288 3424 ut
2317 3371 2472 3441 quod
2505 3387 2621 3425 non
2675 3369 2854 3426 habet
2899 3387 2968 3426 ex
3017 3379 3213 3442 carne,
3245 3363 3462 3426 habeat
3490 3375 3592 3443 per
3664 3429 3674 3439 _

1931 3458 2130 3514 ﬁdem.
2147 3456 2403 3513 Gentiles
2415 3459 2679 3530 ergo,qui
2705 3476 2818 3514 non
2839 3463 2976 3514 sunt
2999 3460 3325 3515 secundum
3349 3462 3586 3515 carnem

1931 3563 2000 3602 ex
2023 3546 3034 3620 prosapiaAbraham,assimilantur
3056 3547 3252 3603 Israeli
3270 3548 3328 3601 in
3352 3547 3587 3602 nomine

1931 3637 2054 3710 (qui
2087 3636 2504 3707 interpretatur
2533 3634 2621 3690 vir
2651 3635 2851 3690 videns
2883 3637 3110 3706 Deum),
3147 3635 3285 3707 quia
3323 3634 3432 3706 ipsi
3482 3651 3586 3706 per

1932 3726 2106 3780 ﬁdem
2141 3728 2198 3778 et
2228 3723 2624 3794 operationem
2657 3731 2955 3778 merentur
2987 3725 3044 3777 in
3077 3724 3346 3794 prazsenti
3371 3722 3581 3778 saeculo

1931 3813 2104 3887 positi
2139 3810 2518 3882 contemplari
2553 3811 2758 3877 Deum,
2789 3811 2930 3865 etin
2973 3812 3167 3866 futuro
3221 3810 3578 3884 contempla-

1929 3904 2150 3957 buntur
2179 3900 2322 3955 facie
2352 3900 2423 3954 ad
2453 3899 2682 3954 faciem.
2716 3899 2841 3954 Non
2873 3903 3067 3954 tamen
3099 3916 3303 3955 omnes
3333 3899 3582 3971 gentiles

1930 3986 2603 4054 assimilanturlsraeli,
2654 3987 2755 4042 sed
2812 3988 3220 4043 tantummodo
3278 3989 3582 4045 credentes

1930 4078 2030 4151 qui
2062 4077 2364 4149 possident
2395 4076 2568 4130 modo
2599 4074 2786 4149 legem
2813 4081 2868 4131 et
2900 4077 3235 4150 prophetas,
3260 4080 3582 4150 Omnesque

1930 4167 2148 4240 gratias
2181 4164 2436 4237 Spiritus
2459 4164 2814 4237 sancti,qua3
2841 4166 3055 4239 populo
3082 4167 3258 4223 Israel
3280 4167 3583 4240 promissas

1932 4259 2091 4311 sunt.

2006 4365 2034 4394 α
2058 4343 2189 4398 Herc
2211 4340 2351 4397 dicit
2370 4341 2656 4398 Dominus
2679 4360 2776 4399 rex
2799 4344 2970 4400 Israel
2989 4362 3001 4399 :
3017 4346 3134 4417 Ego
3158 4346 3428 4417 primus»
3452 4349 3584 4402 ante

1933 4449 2109 4505 quem
2142 4430 2363 4497 nullus,
2385 4452 2411 4478 ‹‹
2435 4435 2491 4486 et
2521 4447 2626 4503 ego
2658 4433 3014 4488 novissimus
3035 4438 3208 4504 post»
3236 4450 3412 4505 quem
3446 4433 3581 4487 nul-

1934 4521 2048 4593 lus,
2081 4525 2135 4576 et
2158 4521 2380 4591 absque
2411 4535 2504 4574 me
2535 4537 2649 4575 non
2682 4524 2770 4574 est
2797 4521 2996 4574 Deus»
3027 4537 3200 4574 verus
3229 4524 3286 4575 et
3306 4518 3577 4576 salvator.

1935 4612 2071 4667 Post
2116 4608 2478 4665 vocationem
2521 4608 2784 4679 gentium
2833 4612 2888 4662 et
2932 4608 3276 4663 effusionem
3326 4607 3578 4680 Spiritus

1928 4698 2117 4756 sancti
2166 4714 2344 4770 quem
2393 4696 2620 4750 cunctis
2651 4695 3022 4751 credentibus
3052 4697 3326 4752 daturum
3370 4713 3432 4754 se
3452 4713 3581 4753 esse

1928 4786 2218 4862 promisit,
2253 4784 2488 4857 quando
2519 4800 2622 4854 pro
2653 4783 2929 4840 varietate
2961 4785 3303 4841 meritorum
3336 4803 3577 4842 suorum

1929 4876 2272 4933 aliusdicet:
2294 4871 2527 4928 Domini
2553 4889 2658 4945 ego
2677 4873 2991 4942 sum,alius
3014 4875 3240 4931 vocabit
3261 4876 3319 4931 in
3343 4875 3578 4930 nomine

1927 4967 2104 5023 Jacob
2129 4963 2545 5038 peccatoresad
2561 4963 3144 5034 pmnitcntiam,alius
3165 4965 3380 5019 scribet
3399 4981 3577 5019 manu

1929 5073 2039 5111 sua
2063 5053 2310 5110 Domino
2341 5069 2470 5110 esse
2502 5069 2563 5107 se
2597 5052 2849 5119 Domini,
2869 5057 2927 5108 et
2957 5053 3106 5108 alius
3156 5053 3580 5108 assimilabitur

1931 5145 1988 5199 in
2023 5143 2258 5200 nomine
2292 5139 3207 5208 Israel,ut,relictisidolis,unius
3229 5141 3329 5196 Dei
3350 5141 3581 5199 cultura

1930 5235 2037 5290 sit:
2065 5231 2326 5304 loquitur
2345 5235 2551 5286 contra
2571 5229 2822 5286 cultores
2845 5229 3130 5285 idolorum
3146 5230 3246 5303 qui
3267 5231 3581 5288 noluerunt

1931 5321 2202 5378 converti.

2001 5433 2028 5462 ‹‹
2064 5410 2204 5476 Quis
2229 5407 2439 5464 similis
2489 5407 2602 5463 mei
2652 5411 2741 5464 est
2772 5431 2800 5458 »
2849 5407 2908 5463 in
2958 5407 3168 5464 idolis?
3199 5431 3227 5459 «
3258 5414 3423 5466 vocet
3453 5432 3481 5459 ››
3511 5406 3580 5468 ea

1929 5515 2058 5573 qua:
2090 5515 2206 5554 non
2236 5500 2376 5551 sunt
2395 5500 2680 5567 tanquam
2709 5514 2775 5552 ea
2805 5514 2932 5569 qua:
2959 5502 3098 5553 sunt
3117 5522 3145 5548 ‹‹
3169 5502 3227 5554 et
3257 5499 3524 5555 ordinem
3547 5521 3578 5550 ››

1929 5593 2328 5647 creaturarum
2361 5601 2624 5641 mearum
2656 5609 2684 5637 «
2713 5590 2963 5659 exponat
2992 5585 3167 5658 mihi;
3194 5609 3223 5638 ››
3252 5604 3359 5662 ego
3390 5588 3580 5646 ωειλνὶ

3181 5713 3261 5775 30
