4106 6190
466 315 587 380 939

881 316 1292 380 HAYMONIS
1323 313 1871 379 HALBERSTAT.
1904 309 2148 374 EPISC.
2183 311 2355 375 OPP.
2392 312 2595 375 PARS
2627 312 2677 374 Ι.
2709 346 2787 358 —
2818 314 3227 377 COMMENT.
3250 314 3448 378 BIBL.

3746 315 3874 378 940

466 450 668 508 omnia
685 467 822 509 cum
843 468 957 507 non
971 454 1224 516 essent,«
1238 454 1486 521 exponat
1500 471 1529 500 η
1555 448 1650 504 ille
1663 444 2115 519 quomodoordi-
2141 448 2198 513 Α
2227 446 2421 502 domo.
2448 469 2476 496 ››
2509 448 2649 513 Quis
2679 448 2837 504 enim
2869 449 3056 521 possit
3085 449 3194 505 hoc
3213 450 3466 518 credere,
3499 449 3657 521 quod
3686 451 3868 518 ascia,

466 546 607 598 nata
630 546 771 597 sunt
796 558 809 595 :
838 563 866 592 «
887 558 954 596 ex
985 556 1102 611 quo
1137 539 1415 595 constitui
1445 538 1729 612 populum
1759 537 2068 610 antiquum
2093 553 2106 592 :

460 633 705 686 ventura
719 632 777 684 et
811 645 939 699 quae
967 628 1165 682 futura
1188 632 1327 683 sunt
1349 628 1699 684 annuntient
1735 628 1840 682 eis.
1862 648 1890 675 »
1924 626 2111 698 Popu-

458 715 581 771 lum
603 714 914 787 antiquum
950 715 1206 787 appellat
1236 716 1321 771 vel
1346 734 1516 772 omne
1556 734 1743 789 genus
1782 715 2110 771 humanum

456 804 529 858 ab
559 803 870 872 Adam,vel
904 804 1188 876 populum
1225 805 1825 876 Israeliticum,quem
1847 803 2021 875 elegit
2050 802 2110 856 in

452 890 857 948 Abraham.Et
876 898 966 949 est
988 910 1200 949 sensus
1224 912 1237 949 :
1264 896 1345 949 Ex
1364 912 1480 966 quo
1519 893 1794 949 constitui
1826 891 2111 964 populum

456 979 765 1053 antiquum
796 999 831 1037 a
860 982 1052 1054 primo
1074 983 1414 1048 homine,ut
1444 983 1588 1038 mihi
1622 981 1881 1048 serviret,
1907 980 1995 1036 vel
2027 980 2109 1035 Is-

456 1067 785 1126 raeliticum
806 1070 1193 1144 populum,ut
1224 1072 1367 1127 mihi
1399 1076 1552 1127 esset
1582 1070 1834 1143 populus
1858 1068 2111 1142 peculia-

459 1158 561 1229 ris,
591 1162 838 1216 ventura
867 1163 924 1215 et
954 1160 1153 1216 futura
1196 1160 1538 1215 annuntiavi
1581 1160 1686 1215 eis.
1711 1161 1781 1214 Et
1828 1159 1981 1213 sicut
2006 1174 2111 1230 ego

459 1247 802 1304 annuntiavi
828 1247 912 1304 eis
944 1249 1159 1314 futura,
1180 1248 1228 1303 si
1260 1253 1397 1303 sunt
1416 1247 1534 1303 veri
1560 1248 1663 1318 dii,
1685 1248 2036 1302 annuntient
2056 1250 2115 1302 et

459 1335 572 1407 ipsi
605 1336 881 1393 similiter
908 1355 1036 1410 qua}
1068 1339 1265 1393 futura
1294 1342 1453 1393 sunt.

531 1447 560 1474 ‹‹
583 1424 774 1481 Nolite
796 1425 1021 1495 timere,
1037 1448 1064 1476 »
1096 1444 1128 1481 ο
1151 1427 1916 1497 credentcs,pcrseeutorum
1951 1423 2112 1480 saevi-

459 1513 607 1571 tiam
633 1513 731 1586 qui
748 1514 903 1571 idola
916 1514 1172 1584 colunt,«
1189 1532 1377 1587 neque
1393 1514 1823 1570 conturbemini
1840 1537 1866 1563 ››
1881 1516 2115 1586 propter

458 1601 652 1659 minas
691 1618 930 1673 eorum;
964 1627 991 1654 ‹‹
1023 1621 1091 1660 ex
1121 1608 1285 1670 tunc,
1324 1627 1349 1652 ››
1382 1604 1441 1659 id
1470 1607 1561 1659 est
1590 1620 1658 1659 ex
1688 1620 1803 1675 quo
1834 1602 1978 1675 elegi
2019 1619 2116 1675 po-

457 1678 741 1764 populum
767 1691 1109 1764 antiquum«
1127 1692 1328 1748 audire
1352 1692 1546 1758 feci,et
1568 1691 1906 1765 annuntiavi
1922 1691 2113 1764 nquod

458 1779 680 1837 idolum
695 1779 839 1835 mihi
862 1785 952 1837 est
975 1798 988 1837 :
1012 1782 1113 1837 sed
1136 1799 1284 1855 opus
1308 1799 1591 1837 manuum
1617 1780 1922 1836 hominum
1939 1798 1952 1836 :
1970 1804 1996 1830 «
2012 1796 2113 1836 vos

456 1867 599 1925 estis
618 1872 797 1926 testes
820 1869 956 1938 mei,
980 1892 1007 1919 ››
1030 1888 1063 1926 o
1097 1870 1296 1943 populi
1329 1870 1620 1942 mei,quis
1650 1887 1755 1943 ego
1786 1887 1919 1926 sum
1954 1870 2109 1926 Deus

458 1956 741 2014 universae
772 1962 1001 2027 ωτι-δεμ(
1028 1959 1297 2031 nunquid
1340 1964 1429 2016 est
1471 1961 1626 2016 Deus
1657 1961 1880 2031 absque
1906 1975 2021 2028 me,
2052 1962 2111 2013 et

458 2046 741 2103 formator
789 2064 963 2119 quem
1011 2064 1118 2121 ago
1168 2066 1284 2104 non
1334 2048 1693 2104 noverim?»
1729 2048 1787 2103 Si
1822 2047 1972 2103 alius
2020 2050 2109 2101 est

460 2134 615 2192 Deus
648 2138 856 2208 praeter
876 2152 969 2191 me
990 2140 1047 2192 et
1068 2138 1366 2204 formator,
1382 2155 1618 2194 necesse
1640 2140 1729 2193 est
1750 2141 1816 2192 ut
1836 2138 2108 2192 ostenda-

461 2227 561 2279 tur
584 2226 642 2278 et
671 2222 823 2279 alius
854 2225 1115 2281 mundus
1143 2243 1290 2281 esse.
1316 2227 1428 2281 Sed
1461 2226 1600 2298 quia
1632 2243 1745 2281 non
1784 2224 2111 2281 invenietur

465 2326 655 2383 neque
687 2311 987 2380 formator,
1021 2330 1210 2385 neque
1240 2316 1520 2381 mundus,
1555 2313 1714 2368 nullo
1738 2315 1910 2369 modo
1958 2313 2109 2368 alius

466 2402 556 2456 est
584 2399 739 2455 Deus
770 2405 979 2473 praeter
1008 2418 1102 2457 me
1131 2401 1231 2473 qui
1262 2401 1505 2457 formavi
1531 2400 1733 2457 istum.

536 2512 565 2540 α
589 2487 813 2546 Plastes
831 2489 1032 2559 idoli,»
1053 2490 1111 2544 id
1135 2494 1225 2545 est
1248 2490 1593 2545 formatores
1616 2489 1902 2545 idolorum
1917 2513 1943 2540 «
1962 2488 2109 2545 nihil

465 2581 623 2647 sunt,
652 2599 680 2628 »
702 2576 856 2635 sicut
891 2577 1202 2635 Psalmista
1222 2577 1398 2633 dicit:
1425 2577 1657 2634 Similes
1691 2578 1806 2634 illis
1836 2578 1980 2634 fiant
2010 2578 2110 2651 qui

463 2665 686 2722 faciunt
704 2682 774 2721 ea
792 2667 1213 2738 (Psal.cx.uuv).
1236 2689 1262 2714 ››
1286 2688 1313 2715 ‹‹
1340 2668 1409 2721 Et
1429 2667 1834 2723 amentissima
1848 2685 2109 2735 eorum,»

460 2754 747 2812 subaudis
772 2754 946 2824 idola,
967 2778 994 2804 ‹‹
1022 2772 1137 2810 non
1155 2755 1477 2827 proderunt
1507 2757 1611 2826 eis,
1637 2778 1664 2807 »
1698 2757 1806 2813 hoc
1829 2761 1917 2813 est
1933 2757 2112 2813 culto-

459 2844 625 2900 ribus
654 2843 780 2901 suis
809 2843 871 2898 in
902 2843 995 2898 die
1025 2843 1312 2899 examinis
1363 2845 1851 2919 uniuscujusque.
1886 2846 2111 2903 Plastes

458 2933 725 2990 Graecum
756 2936 866 3001 est,
900 2935 956 2986 et
986 2932 1202 2987 dicitur
1234 2933 1516 2989 formator
1561 2935 1681 2990 sive
1730 2935 2107 3007 compositor.

462 3021 631 3095 «Ipsi
664 3044 691 3072 ››
722 3020 943 3094 plastes
966 3044 993 3070 ‹‹
1029 3025 1168 3076 sunt
1200 3025 1378 3078 testes
1408 3039 1631 3092 eorum,
1659 3046 1687 3073 ››
1710 3023 1766 3078 id
1799 3028 1889 3079 est
1925 3022 2110 3078 idolo-

461 3126 615 3181 rum,
640 3133 669 3161 «
693 3111 833 3183 quia
854 3126 969 3164 non
991 3110 1406 3183 vident,neque
1427 3111 1854 3184 intelligunt,ut
1873 3114 2114 3167 confun-

2218 534 2379 603 lima,
2396 539 2455 590 et
2483 536 2719 592 cerebro
2741 535 3071 610 malleoque
3091 537 3374 594 formetur
3392 537 3568 605 Deus,
3600 542 3661 594 et
3687 538 3774 593 vel
3805 540 3867 595 in

2219 623 2427 696 primis
2458 624 2778 681 simulacra
2809 625 3133 681 fundantur
3160 630 3219 681 et
3242 626 3301 679 in
3323 625 3540 681 circino
3560 630 3791 682 tornata
3806 627 3869 683 in

2219 713 2360 767 deos
2391 718 2626 784 repente
2675 718 3080 787 consurgant:
3117 713 3440 787 praesertim
3489 731 3626 770 cum
3673 715 3871 773 vilitas

2219 801 2363 856 artis
2393 801 2451 878 in
2487 802 2638 857 fame
2669 806 2725 857 et
2757 802 2856 857 siti
2887 803 3129 859 artificis
3157 805 3632 860 demonstretur?

2292 911 2319 935 ‹‹
2354 888 2615 943 Succidit
2630 910 2658 939 »
2683 887 2778 944 ille
2800 888 3085 962 lignarius
3107 913 3135 940 ‹‹
3160 891 3364 948 cedros
3386 914 3415 940 ››
3438 893 3511 947 ad
3534 892 3872 950 fabricanda

2220 975 2397 1043 idola,
2426 999 2454 1026 «
2489 976 2928 1046 tulitilicem,et
2955 995 3402 1052 quercum,qua3
3427 984 3748 1037 steterant»
3770 998 3875 1055 per

2220 1063 2410 1119 multa
2429 1068 2695 1137 tempora
2714 1090 2742 1116 «
2766 1064 2921 1121 inter
2948 1065 3064 1123 alia
3092 1065 3254 1140 ligna
3282 1066 3469 1124 saltus
3497 1085 3511 1123 :
3545 1090 3574 1119 ››
3605 1074 3664 1124 et
3693 1069 3873 1126 fabri-

2220 1155 2386 1208 catus
2419 1157 2508 1208 est
2535 1153 2671 1209 inde
2702 1153 3109 1211 simulacrum.
3143 1178 3174 1205 «
3208 1154 3494 1212 Plantavit
3523 1157 3733 1229 pinum
3758 1182 3785 1209 »
3807 1164 3877 1215 ut

2221 1240 2433 1296 faceret
2446 1257 2514 1296 ex
2544 1258 2612 1296 ea
2631 1241 2828 1308 deum,
2852 1264 2880 1290 ‹‹
2905 1258 3082 1313 quam
3106 1241 3312 1314 pluvia:
3334 1264 3363 1293 »
3387 1259 3491 1315 per
3507 1242 3729 1300 multos
3748 1245 3875 1301 dies

2222 1351 2250 1378 «
2283 1328 2573 1389 nutriunt.
2610 1352 2639 1379 »

2293 1439 2322 1466 ‹‹
2356 1418 2426 1472 Et
2459 1417 2611 1473 facta
2653 1423 2742 1475 est
2770 1440 2799 1470 ››
2834 1417 2936 1474 illa
2972 1417 3148 1490 pinus
3180 1435 3251 1474 ex
3278 1423 3442 1490 parte
3472 1443 3499 1470 ‹‹
3534 1421 3875 1479 hominibus

2222 1504 2282 1559 in
2314 1505 2812 1580 focum.Sumpsit
2840 1522 2910 1562 ex
2935 1506 3021 1563 eis
3041 1528 3070 1558 »
3090 1505 3357 1564 videlicet
3380 1525 3449 1565 ex
3487 1510 3682 1580 cedro,
3700 1510 3871 1581 illice,

2221 1610 2441 1665 quercu
2467 1598 2525 1651 et
2554 1594 2691 1668 pino
2722 1619 2750 1645 ‹‹
2784 1599 2840 1651 et
2871 1594 3189 1653 calefactus
3217 1601 3309 1653 est
3337 1614 3407 1654 ex
3434 1599 3541 1655 eis.
3572 1621 3602 1650 ››

2295 1705 2324 1734 ‹‹
2356 1683 2668 1757 Reliquum
2702 1689 2901 1741 autem
2930 1685 3059 1756 ejus
3089 1686 3266 1742 deum
3296 1686 3452 1755 fecit,
3488 1709 3517 1737 ››
3541 1688 3597 1744 id
3619 1694 3713 1745 est
3741 1688 3875 1745 reli-

2223 1790 2407 1845 quum
2437 1775 2594 1845 quod
2623 1773 2926 1842 remansit,
2950 1774 3257 1832 fabricavit
3281 1776 3395 1832 sibi
3425 1776 3486 1833 in
3518 1776 3768 1834 idolum.

2289 1885 2317 1913 «
2351 1863 2475 1918 Non
2507 1863 2830 1937 recogitant
2845 1862 2905 1918 in
2937 1868 3132 1920 mente
3159 1882 3269 1921 sua
3293 1887 3320 1915 ››
3342 1866 3498 1938 quod
3514 1883 3623 1941 ego
3640 1867 3877 1924 fecerim

2217 1968 2339 2020 eos,
2373 1974 2401 2002 ‹‹
2434 1969 2623 2024 neque
2653 1958 3017 2026 cognoscunt
3051 1976 3080 2004 »
3103 1954 3244 2026 quia
3271 1954 3383 2028 ipsi
3430 1972 3549 2012 non
3599 1961 3744 2012 sunt
3772 1957 3877 2025 dii,

2218 2041 2319 2095 sed
2351 2057 2527 2111 opera
2546 2057 2833 2096 manuum
2854 2040 3190 2111 hominum,
3213 2065 3239 2092 «
3260 2059 3454 2115 neque
3474 2046 3800 2111 sentiunt,»
3823 2050 3879 2100 et

2219 2145 2333 2184 non
2362 2128 2697 2201 intelligunt
2726 2152 2755 2180 «
2785 2133 2853 2186 ut
2883 2129 3082 2185 dicant
3114 2152 3143 2179 ››
3165 2132 3321 2203 apud
3342 2148 3424 2189 se.
3448 2155 3476 2183 «
3501 2134 3876 2190 Medietatem

2218 2220 2347 2290 ejus
2377 2218 2675 2274 combussi
2707 2218 2861 2292 igne,
2879 2222 2936 2274 et
2958 2218 3086 2275 coxi
3117 2236 3296 2293 super
3324 2222 3607 2279 carbones
3632 2224 3769 2295 ejus
3785 2241 3883 2296 pa.

2219 2324 2322 2363 nes
2355 2325 2369 2362 :
2402 2308 2527 2363 eoxi
2556 2324 2763 2364 carnes
2791 2324 2858 2365 eo
2889 2311 2948 2363 et
2977 2309 3225 2377 comedi,
3257 2313 3317 2366 et
3346 2310 3418 2366 de
3469 2310 3699 2383 reliquo
3748 2314 3876 2384 ejus

2219 2394 2443 2451 idolum
2474 2396 2723 2453 faciam?
2748 2398 2897 2452 Ante
2952 2400 3231 2453 truncum
3278 2397 3426 2472 ligni
3471 2400 3821 2473 procidam?
3847 2423 3877 2452 ιι

2219 2484 2346 2540 Non
2377 2483 2609 2554 faciam,
2633 2485 2851 2557 quare?
3470 2536 3477 2541 .

2291 2597 2319 2624 ‹‹
2344 2574 2491 2640 Quia
2515 2591 2652 2646 pars
2696 2575 2825 2646 ejus
2847 2574 2996 2631 cinis
3016 2578 3106 2631 est
3128 2592 3143 2632 :
3170 2592 3270 2633 cor
3296 2577 3585 2650 insipiens
3614 2580 3879 2637 adoravit

2220 2661 2450 2731 illud,et
2470 2680 2586 2719 non
2609 2662 2876 2720 liberavit
2894 2664 3155 2721 animam
3173 2682 3343 2723 suam
3367 2683 3381 2722 :
3405 2671 3462 2723 et
3480 2684 3675 2740 neque
3691 2670 3874 2727 dicet:

2222 2751 2390 2807 Forte
2424 2774 2452 2801 ››
2484 2751 2541 2807 id
2574 2757 2665 2809 est
2694 2753 2939 2810 forsitan
2972 2776 3001 2805 «
3031 2756 3403 2812 mendacium
3450 2761 3541 2813 est
3586 2758 3650 2813 in
3700 2775 3876 2815 manu

2220 2856 2372 2896 mea.
2407 2863 2436 2890 »
2469 2840 2618 2897 Cum
2647 2842 2915 2898 adorarct
2942 2842 3030 2899 vel
3062 2843 3376 2901 fabricaret
3403 2845 3881 2914 idolum,debue-

2221 2933 2311 2985 rat
2341 2929 2457 2986 ista
2489 2931 2743 3003 cogitare
2763 2936 2820 2987 et
2840 2932 3032 2988 dicere
3070 2933 3227 3006 apud
3249 2935 3639 3007 semetipsum
3667 2954 3681 2992 :
3717 2937 3875 2993 Certe

2221 3017 2280 3073 in
2314 3034 2493 3074 manu
2524 3034 2674 3091 mea,
2696 3018 2755 3074 id
2786 3023 2877 3076 est
2898 3020 2959 3075 in
2990 3020 3325 3092 operatione
3342 3037 3477 3079 mea
3496 3025 3871 3081 mendacium

2221 3110 2329 3177 est,
2344 3106 2484 3179 quia
2505 3106 2615 3164 hoe
2644 3109 2801 3180 quod
2829 3126 2933 3181 pro
2968 3110 3075 3166 deo
3091 3109 3216 3167 colo
3246 3116 3305 3167 et
3333 3116 3525 3179 teneo,
3558 3130 3744 3186 opera
3764 3131 3875 3170 ma-

462 3198 679 3254 dantur
706 3219 736 3248 »
756 3214 933 3270 super
951 3214 1143 3254 errore
1165 3200 1583 3268 suo,subaudis
1606 3201 1732 3256 ideo
1755 3205 1895 3256 sunt
1912 3205 2109 3257 testes.
2142 3208 2185 3274 C
2223 3213 2410 3251 nuum
2441 3213 2705 3253 mearum
2723 3202 2831 3254 est.
2850 3200 2975 3254 Haec
3001 3199 3329 3256 debuerunt
3349 3200 3510 3274 vigili
3532 3206 3735 3258 mente
3754 3219 3873 3275 per-

461 3284 557 3341 Sie
586 3285 745 3340 enim
779 3285 1095 3342 Psalmista
1125 3287 1304 3343 dicit:
1331 3290 1515 3343 Aures
1545 3290 1765 3345 habent
1791 3294 1849 3345 et
1868 3307 1984 3345 non
2015 3308 2112 3347 au-

462 3371 644 3440 dient,
678 3372 879 3430 oculos
909 3373 1127 3431 habent
1167 3380 1226 3431 et
1255 3393 1371 3432 non
1416 3376 1635 3448 vident,
1671 3378 1810 3449 quia
1858 3396 1974 3435 non
2023 3383 2115 3436 est

461 3457 709 3532 Spiritus
737 3459 798 3516 in
821 3460 928 3517 eis.

530 3571 562 3600 «
593 3548 735 3616 Quis
765 3551 1037 3609 formavit
1066 3553 1277 3623 Deum,
1312 3557 1368 3610 et
1394 3553 1666 3627 sculptile
1713 3556 1986 3612 conﬂavit
2041 3555 2113 3611 ad

459 3636 607 3695 nihil
640 3637 822 3696 utile?

533 3751 562 3779 ‹‹
584 3728 730 3785 Ecce
760 3746 968 3787 omnes
990 3731 1306 3805 participes
1327 3734 1457 3805 ejus
1477 3734 1912 3790 confundentur
1935 3750 1947 3789 :
1973 3756 2001 3785 ››
2026 3734 2115 3789 vi-

454 3816 667 3874 delieet
695 3822 753 3874 et
769 3819 871 3892 qui
893 3820 1186 3893 formavit,
1204 3826 1261 3877 et
1282 3821 1383 3893 qui
1412 3823 1701 3892 adoravit;
1728 3847 1755 3874 «
1776 3823 1925 3878 fabri
1957 3823 2115 3879 enim

457 3910 598 3963 sunt
625 3921 696 3962 ex
724 3906 1066 3963 hominibus
1102 3932 1129 3958 υ
1159 3910 1233 3965 ad
1266 3910 1608 3966 fabricanda
1637 3911 1828 3980 idola;
1856 3933 1883 3963 «
1907 3929 2115 3968 conve-

457 3994 623 4051 nient
656 4010 885 4065 omnes,
924 4019 952 4046 »
986 3998 1275 4054 subaudis
1323 3999 1701 4055 fabricatores
1744 4000 2115 4073 cultoresque

459 4082 757 4140 idolorum
777 4084 836 4139 in
870 4084 964 4140 die
986 4086 1199 4157 judicii
1229 4110 1257 4137 «
1284 4089 1525 4145 stabunt
1544 4111 1571 4139 ››
1600 4090 1671 4144 ad
1689 4089 1985 4160 judicium
2007 4113 2033 4139 «
2060 4092 2118 4145 et

460 4171 776 4243 pavebant,
813 4194 842 4220 ››
873 4174 1246 4231 recordantes
1296 4182 1670 4247 peccatorum
1726 4195 1968 4234 suorum
2004 4200 2032 4229 ‹‹
2059 4182 2117 4234 et

461 4257 900 4314 confundentur
929 4259 1109 4316 simul
1144 4286 1171 4311 ››
1195 4264 1268 4319 ab
1300 4280 1492 4319 errore
1524 4283 1653 4322 suo.

536 4368 565 4397 α
582 4345 767 4402 Faber
778 4346 1213 4405 ferrariuslima
1224 4356 1497 4423 operatus
1515 4358 1605 4408 est
1622 4376 1647 4401 ››
1667 4354 1888 4410 idolum
1910 4373 1966 4411 :«
1982 4373 2114 4412 esu-

465 4434 578 4492 riet
600 4456 629 4486 »
664 4434 946 4492 formator
972 4437 1121 4509 ejus,
1141 4438 1280 4510 quia
1311 4457 1425 4494 non
1459 4440 1622 4495 dabit
1653 4442 1702 4497 ei
1728 4442 1925 4498 cibum
1950 4445 2115 4512 deus,

470 4541 616 4582 suus
635 4547 663 4575 ‹‹
688 4528 748 4581 et
774 4524 1005 4582 deficiet
1021 4549 1048 4577 ››
1070 4544 1173 4600 pro
1191 4527 1406 4597 labore,
1427 4552 1455 4578 «
1480 4533 1536 4585 et
1561 4546 1675 4585 non
1698 4529 1859 4586 bibet
1879 4549 2115 4604 aquam,

469 4617 529 4670 et
557 4613 826 4685 lacesset,
857 4636 885 4665 »
918 4614 977 4669 id
1009 4620 1099 4672 est
1135 4616 1185 4673 si
1217 4635 1331 4673 non
1382 4618 1594 4673 biberit
1623 4636 1836 4691 aquam
1882 4619 2119 4677 aliunde

469 4699 737 4769 lacesset,
770 4702 911 4773 quia
939 4719 1055 4758 non
1086 4705 1365 4775 przebebit
1385 4706 1436 4761 ei
1468 4706 1613 4761 deus
1643 4724 1785 4763 suus
1817 4713 2043 4780 potum.

542 4788 801 4844 «Artifex
820 4788 1105 4862 lignarius
1117 4794 1707 4864 extenditnormam,»
1733 4796 1840 4852 hoc
1862 4802 1951 4853 est
1972 4815 2118 4870 pra:-

469 4876 695 4952 paravit
716 4876 1001 4950 regulam,
1018 4883 1083 4933 ut
1101 4885 1299 4952 posset
1317 4883 1389 4936 ad
1404 4883 1811 4940 rectitudinem
1834 4886 2120 4942 deducere

467 4965 613 5022 illud
644 4964 898 5035 idolum;
933 4966 1256 5023 «formavit
1292 4968 1436 5024 illud
1460 4971 1516 5024 in
1550 4994 1577 5019 ››
1602 4972 1844 5039 idolum,
1868 4974 1926 5029 id
1948 4979 2036 5031 est
2058 4975 2117 5030 in

468 5054 800 5112 runcinam.
816 5054 1084 5111 Runcina
1099 5057 1395 5129 quoddam
1415 5060 1730 5115 artificium
1753 5067 1842 5116 est
1861 5063 2116 5136 lignarii,

467 5142 684 5219 gracile
704 5147 763 5199 et
783 5160 1112 5214 recurvum,
1129 5162 1197 5201 ex
1227 5163 1342 5218 quo
1364 5152 1644 5203 cavantur
1674 5149 1885 5205 tabula:
1908 5152 2119 5207 domus

468 5236 529 5289 et
575 5248 696 5288 una
742 5231 907 5288 alteri
954 5238 1355 5291 connectatur.
1387 5259 1415 5285 «
1460 5235 1615 5292 Fecit
1653 5236 1799 5293 illud
1835 5262 1863 5289 ››
1895 5240 2117 5297 idolum

469 5343 498 5371 α
531 5319 593 5376 in
622 5320 1025 5394 angularibus,
1063 5345 1090 5372 ››
1122 5323 1231 5380 hoc
1259 5327 1350 5380 est
1378 5326 1754 5399 quadratum,
1790 5349 1818 5379 «
1840 5333 1897 5383 et
1924 5328 1984 5384 in
2006 5330 2116 5385 eir-

468 5408 601 5466 eino
630 5410 885 5467 tornavit
911 5410 1124 5481 illud,»
1144 5412 1254 5469 hoc
1270 5417 1358 5469 est
1377 5412 1437 5469 in
1466 5418 1634 5471 torno
1659 5420 1716 5472 et
1735 5419 2114 5487 rotunditate,

469 5518 501 5549 «
532 5499 591 5554 et
616 5496 753 5554 fecit
784 5521 812 5548 ››
843 5498 924 5555 ibi
957 5500 1017 5556 in
1044 5503 1349 5574 quadrato,
1375 5502 1462 5559 vel
1497 5503 1555 5560 in
1589 5507 1835 5563 rotundo
1856 5529 1883 5557 ‹‹
1905 5507 2114 5583 imagi-

469 5595 606 5661 nem
632 5582 741 5642 viri
771 5588 940 5661 quasi
970 5590 1301 5663 speciosum
1324 5590 1624 5650 hominem
1654 5594 2019 5653 habitantem
2044 5582 2110 5653 in

2223 3285 2475 3358 pendere
2505 3285 2757 3342 cultores
2805 3285 3119 3357 idolorum,
3152 3289 3255 3344 sed
3297 3305 3415 3345 non
3464 3290 3756 3348 fecerunt.
3781 3291 3875 3348 Ca-

2223 3372 2458 3446 pientur
2485 3373 2545 3429 in
2578 3373 2887 3446 iniquitate
2907 3392 3037 3446 sua,
3070 3392 3177 3433 nec
3220 3376 3635 3435 liberabuntur
3663 3379 3871 3437 auxilio

2223 3461 2467 3517 deorum
2497 3479 2764 3519 suorum.

2296 3573 2325 3601 ‹‹
2359 3550 2715 3609 Mementote
2747 3552 2958 3610 horum
2986 3554 3260 3625 Jacob,et
3282 3555 3481 3629 Israel,
3505 3557 3651 3629 quia
3679 3574 3870 3615 servus

2224 3655 2392 3695 meus
2411 3657 2473 3696 es
2493 3644 2579 3696 tu.
2596 3664 2624 3690 »
2648 3641 2817 3698 Modo
2839 3641 3158 3715 alloquitur
3172 3643 3455 3717 populum
3469 3645 3868 3712 Israeliticum,

2224 3732 2280 3783 et
2311 3726 2511 3784 fideles
2540 3729 2642 3802 qui
2672 3730 2731 3785 in
2763 3731 3016 3787 adventu
3045 3732 3279 3788 Domini
3308 3733 3713 3791 crediderunt.
3736 3736 3868 3792 Cum

2224 3816 2424 3873 omnia
2444 3817 2525 3873 ita
2548 3819 2668 3874 sint
2688 3823 2753 3875 ut
2772 3819 2912 3887 dixi,
2927 3824 2985 3876 et
3010 3819 3167 3877 idola
3186 3821 3338 3878 scias
3360 3839 3490 3879 esse
3519 3823 3801 3897 ﬁgmenta
3817 3828 3870 3880 et

2223 3907 2678 3979 compositiones
2704 3908 3011 3964 hominum
3035 3927 3050 3966 :
3075 3933 3103 3961 «
3130 3927 3235 3967 nec
3263 3910 3654 3985 obliviscaris,
3678 3936 3709 3964 ι)
3731 3931 3764 3971 o
3791 3914 3867 3970 ls-

2225 3994 2368 4063 rael,
2391 4018 2419 4045 «
2445 3996 2723 4053 creatoris
2741 3996 2885 4065 tui,»
2906 4002 2973 4054 ut
2992 3999 3198 4056 adores
3218 3998 3529 4072 idola,quze
3551 4001 3614 4056 in
3627 4002 3867 4059 adventu

2227 4083 2356 4139 Filii
2385 4085 2500 4141 mei
2530 4086 2886 4142 destruenda
2913 4090 3073 4157 sunt,
3105 4088 3332 4161 tibique
3360 4089 3473 4162 ipsi
3501 4089 3779 4162 injuriam
3799 4091 3875 4147 fa-

2226 4172 2348 4229 cias
2373 4177 2438 4229 ut
2469 4174 2682 4231 adores
2710 4191 2888 4248 opera
2910 4191 3202 4232 manuum
3233 4182 3494 4233 tuarum.
3776 4234 3777 4237 η

2300 4279 2331 4314 ‹‹
2360 4262 2573 4334 Delevi,
2608 4286 2636 4314 »
2668 4280 2771 4337 pro
2818 4280 2884 4321 eo
2936 4265 3094 4338 quod
3124 4270 3216 4322 est
3245 4265 3472 4333 delebo,
3506 4290 3535 4317 ‹‹
3572 4272 3639 4324 ut
3668 4268 3871 4325 nubem

2228 4350 2570 4424 iniquitates
2601 4357 2755 4422 tuas,
2789 4357 2846 4409 et
2870 4355 3041 4426 quasi
3074 4354 3350 4411 nebulam
3382 4361 3625 4428 peccata
3645 4362 3793 4414 tua.»
3813 4357 3873 4413 Si

2228 4441 2485 4497 audieris
2516 4458 2630 4513 me,
2651 4441 2852 4512 Israel,
2868 4448 2926 4499 et
2945 4444 3266 4500 attenderis
3288 4461 3417 4517 quae
3455 4446 3565 4501 tibi
3588 4446 3873 4519 praecipio,

2229 4527 2311 4582 ita
2342 4526 2545 4584 delebo
2566 4528 2626 4583 in
2658 4530 2909 4585 adventu
2941 4529 3069 4586 Filii
3099 4531 3214 4587 mei
3261 4532 3607 4604 iniquitates
3653 4539 3777 4590 tuas
3815 4537 3877 4589 et

2228 4620 2465 4687 peccata
2491 4620 2614 4685 tua,
2645 4617 2818 4674 sicuti
2851 4618 3192 4675 dissolvitur
3222 4621 3411 4677 nubes
3441 4623 3763 4691 tenebrosa,
3783 4620 3875 4679 vel

2228 4705 2443 4760 nebula
2472 4723 2507 4761 a
2535 4706 2725 4762 calore
2742 4706 2901 4778 solis,
2925 4707 3013 4763 vel
3034 4713 3203 4765 vento
3225 4714 3492 4782 raptante
3522 4716 3870 4767 attenuatur.

2229 4816 2255 4843 ‹‹
2284 4794 2586 4850 Revertere
2612 4796 2683 4851 ad
2714 4812 2827 4863 me,
2852 4818 2882 4845 »
2914 4813 2947 4851 ο
2981 4796 3250 4866 Israel,et
3297 4814 3405 4871 age
3454 4800 3872 4871 penitentiam,

2232 4905 2259 4932 ‹‹
2291 4883 2571 4954 quoniam
2603 4885 2823 4940 redemi
2856 4890 2969 4953 te,»
2999 4903 3103 4958 pro
3135 4904 3201 4943 eo
3222 4889 3377 4960 quod
3409 4895 3501 4945 est
3522 4890 3790 4945 redimam
3814 4893 3874 4943 te

2226 4973 2478 5044 pretioso
2510 4973 2794 5046 sanguine
2824 4974 2951 5030 Filii
2982 4976 3117 5031 mei.

2299 5085 2326 5110 «
2355 5062 3073 5135 Laudate,ccsli,quoniam
3092 5065 3228 5123 fecit
3246 5066 3533 5124 Dominus
3555 5067 3873 5124 misericor-

2230 5147 2387 5204 diam
2409 5166 2543 5205 cum
2564 5150 2767 5219 Jacob,
2791 5152 3041 5223 jubilate
3071 5160 3332 5212 extrema
3356 5161 3545 5213 terrae.
3567 5181 3595 5210 ››
3630 5158 3732 5214 Per
3748 5173 3867 5212 caa—

2227 5236 2316 5294 los
2328 5239 2610 5295 debemus
2624 5238 2948 5314 intelligere
2960 5259 3226 5301 summas
3242 5244 3539 5318 angelicas
3556 5247 3869 5320 potestates

2226 5328 2286 5383 in
2307 5327 2449 5384 ccelo
2482 5328 2824 5399 residentes,
2856 5334 2915 5386 et
2951 5349 3056 5404 per
3083 5338 3342 5390 extrema
3386 5338 3555 5391 terra:
3605 5333 3870 5390 similiter

2224 5416 2520 5491 angelicas
2549 5422 3018 5492 potestates,quae
3047 5428 3309 5495 praesunt
3337 5424 3672 5480 hominibus
3700 5421 3867 5477 habi-

2221 5507 2484 5563 tantibus
2532 5506 2591 5562 in
2638 5510 2810 5564 terra.
2851 5507 2956 5565 Vel
3003 5511 3179 5567 etiam
3237 5529 3340 5584 per
3390 5518 3649 5569 extrema
3700 5515 3866 5566 terra:

2221 5596 2467 5671 apostoli
2499 5598 2556 5652 et
2583 5596 2877 5670 prophetae
2907 5598 3273 5674 intelligendi
3303 5605 3461 5671 sunt,
3494 5614 3734 5676 quorum
3752 5597 3868 5655 do-
