4046 6188
175 322 282 384 9H

1219 317 1628 387 COMMENT.
1675 323 1753 384 IN
1797 318 2087 385 ISAIAM.
2135 358 2213 368 —
2254 323 2406 387 LIB.
2452 326 2531 387 ΙΙ.

3466 337 3587 397 942

176 454 364 510 ctrina
392 456 451 510 et
496 452 780 511 miracula
827 457 886 510 et
933 454 1453 511 intercessionibus
1500 455 1833 511 consistunt
1861 458 1917 523 Α
1945 456 2072 527 ejus
2101 457 2419 515 suscitabo.
2456 482 2484 508 ››
2516 459 2595 515 De
2628 460 3052 518 restauratione
3095 480 3222 535 qua:
3254 465 3406 522 facta
3436 471 3524 525 est
3554 485 3589 524 a

174 542 446 599 homines
502 543 838 599 habitantes
884 543 944 598 in
994 548 1168 611 terra,
1204 544 1341 616 quia
1387 544 1446 598 in
1496 544 1641 616 ipsis
1691 548 1831 599 sunt

176 630 423 687 fundati.
465 632 631 688 Sicut
674 632 989 705 Apostolus
1034 633 1217 688 dicit:
1252 656 1278 683 «
1318 632 1600 689 zEdiﬁcati
1652 650 1830 707 super

172 720 624 776 fundamentum
655 720 1051 793 apostolorum
1080 726 1137 776 et
1168 721 1586 793 prophetarum
1610 721 1823 793 (Ephes:

174 815 315 878 111).»
339 832 366 859 (ι
394 808 1262 876 Resonate,montes,laudem,»
1290 810 1345 865 id
1378 814 1468 864 est
1499 810 1682 865 sancti
1709 809 1827 865 lau-

173 899 491 966 dationem,
507 897 607 970 qui
625 898 683 952 in
704 896 963 953 culmine
978 898 1265 953 virtutum
1284 897 1632 965 consistitis;
1655 922 1681 947 ‹‹
1709 896 1823 953 sal-

171 991 269 1042 tus
298 990 357 1042 et
380 1003 552 1042 omne
583 986 810 1059 lignum
841 987 989 1058 ejus,
1022 1009 1049 1035 ››
1081 986 1189 1041 hoc
1219 990 1307 1042 est
1336 1003 1541 1042 omnes
1570 985 1736 1041 electi
1766 990 1825 1041 et

163 1075 336 1147 justi.
360 1076 430 1130 Et
458 1091 637 1147 quare
668 1074 822 1130 hoc?
843 1098 870 1124 ‹‹
895 1074 1174 1147 quoniam
1208 1074 1456 1130 redemit
1485 1074 1770 1130 Dominus
1794 1097 1822 1123 ››

172 1164 430 1237 pretioso
463 1163 749 1237 sanguine
776 1163 904 1219 Filii
936 1163 1049 1231 sui,
1075 1188 1102 1213 «
1126 1164 1306 1220 Jacob
1328 1182 1340 1232 ;
1365 1168 1422 1220 et
1442 1163 1619 1221 Israel
1652 1162 1824 1236 glori-

168 1250 501 1321 ﬁcabitur,»
532 1252 592 1307 id
623 1255 714 1308 est
745 1268 998 1326 magnus
1028 1252 1150 1307 ﬁet.
1173 1252 1217 1308 Ο
1249 1251 1448 1319 Israel,
1472 1253 1519 1308 si
1554 1269 1820 1308 reversus

170 1342 354 1396 fueris
383 1341 457 1396 ad
489 1357 583 1397 me
613 1341 672 1395 in
703 1344 824 1396 toto
853 1341 1044 1409 corde,
1070 1345 1127 1396 et
1156 1341 1345 1412 egeris
1375 1341 1776 1414 pmnitentiam
1802 1358 1816 1396 :

169 1431 241 1486 de
271 1429 463 1486 salute
490 1433 593 1486 tua
620 1429 976 1485 laetabuntur
1005 1428 1197 1502 angeli
1220 1428 1278 1483 in
1302 1430 1467 1502 cmlo,
1482 1435 1538 1486 et
1558 1430 1657 1501 qui
1681 1448 1821 1503 pree-

169 1523 310 1576 sunt
357 1518 700 1575 hominibus
730 1518 790 1574 in
823 1523 997 1590 terra,
1028 1523 1086 1573 et
1113 1518 1359 1591 apostoli
1409 1536 1476 1575 ac
1524 1519 1818 1591 prophetae

164 1623 490 1681 omnesque
536 1606 726 1676 electi,
761 1606 1014 1663 scientes
1059 1606 1339 1679 quoniam
1388 1608 1725 1680 redemptus
1755 1624 1818 1663 cs

163 1696 454 1770 sanguine
486 1694 613 1752 Filii
646 1696 797 1768 ejus.

231 1811 261 1836 ‹‹
297 1785 429 1841 Ηεο
459 1785 602 1841 dicit
633 1784 921 1843 Dominus
952 1786 1287 1858 redemptor
1316 1790 1478 1852 tuus,
1504 1808 1532 1835 ››
1556 1803 1588 1841 o
1614 1784 1812 1855 Israel,

1936 545 2249 600 Zorobabel
2284 550 2340 601 et
2371 548 2597 604 caeteris
2627 549 2880 605 ducibus
2910 550 3285 622 permittente
3305 553 3450 627 Cyro
3473 554 3590 612 ista

1934 631 2196 705 loquitur
2227 652 2240 690 :
2275 652 2402 708 quas
2434 637 2737 709 captivitas
2767 638 2958 693 adhuc
2988 638 3288 711 implenda
3315 645 3585 716 erat.Ego

1934 720 2089 777 Deus
2119 723 2217 795 qui
2250 723 2358 779 hoc
2390 725 2519 794 feci,
2553 725 2639 781 vel
2670 726 3070 799 completurus
3116 746 3269 784 sum.
3303 730 3421 803 Ego
3453 732 3584 787 dico

1936 809 2295 867 Hierusalem
2343 815 2495 885 quod
2549 814 2761 870 iterum
2809 817 3107 887 fundetur,
3138 821 3197 873 et
3227 818 3356 874 dico
3405 820 3581 875 etiam

1932 898 2267 955 civitatibus
2297 902 2461 957 Judaa
2482 903 2954 975 .‘Ediﬁcabimini,
2971 910 3028 961 et
3048 906 3281 963 deserta
3307 909 3436 979 ejus
3458 926 3586 963 sus-

1932 987 2145 1043 citabo.

2002 1098 2029 1125 ‹‹
2064 1077 2172 1143 Qui
2203 1078 2332 1134 dico
2382 1081 2691 1151 profundo,
2722 1104 2750 1131 »
2784 1082 2841 1137 id
2892 1087 2982 1138 est
3026 1084 3327 1158 Babyloni,
3361 1102 3488 1158 qua:
3520 1086 3580 1142 in

1927 1165 2216 1236 profundo
2248 1172 2619 1239 peccatorum
2650 1170 2910 1239 sedebat,
2941 1194 2968 1221 ‹‹
3005 1171 3277 1229 Desolare
3300 1197 3336 1223 -››
3370 1174 3443 1229 ab
3476 1174 3579 1231 ba-

1928 1253 2284 1312 bitatoribus
2314 1257 2481 1325 tuis:
2517 1281 2545 1308 «
2579 1261 2637 1313 et
2667 1258 2914 1314 flumina
2938 1264 3039 1314 tua
3068 1282 3095 1309 ››
3127 1262 3341 1334 Tygrin
3375 1266 3432 1318 et
3459 1264 3580 1319 Eu-

1927 1342 2193 1415 phraten,
2215 1367 2242 1394 «
2262 1346 2596 1402 arefaciam.
2622 1370 2649 1396 »
2673 1347 2791 1403 Hoc
2814 1347 3201 1421 adimpletum
3223 1354 3311 1405 est
3331 1366 3364 1405 a
3384 1350 3577 1420 Dario,

1925 1436 1983 1486 et
2011 1432 2156 1504 Cyro
2188 1438 2397 1507 nepote
2428 1436 2577 1507 ejus.
2612 1436 2759 1490 Nam
2791 1441 2960 1492 nocte
2989 1438 3224 1509 quando
3274 1437 3583 1494 Baltbasar

1924 1518 2263 1578 interfectus
2290 1527 2379 1579 est
2408 1524 2480 1579 ab
2512 1523 2612 1592 eis,
2646 1524 2935 1580 exercitus
2970 1524 3211 1581 illorum
3242 1526 3581 1600 Euphraten

1926 1610 2191 1677 ﬂuvium,
2207 1611 2305 1683 qui
2324 1629 2427 1685 per
2445 1613 2699 1669 mediam
2717 1613 3012 1669 civitatem
3035 1614 3580 1690 decurrebat,longe

1925 1715 1958 1754 a
1989 1699 2218 1755 civitate
2246 1699 2307 1756 in
2340 1701 2556 1758 multos
2587 1700 2805 1758 rivulos
2827 1702 3153 1759 diviserunt
3172 1706 3230 1759 et
3252 1703 3577 1767 exsiccatus

1924 1792 2014 1842 est
2038 1804 2050 1842 :
2075 1787 2134 1843 in
2157 1793 2388 1845 tantum
2421 1795 2485 1845 ut
2514 1807 2617 1863 per
2645 1791 2874 1847 alveum
2896 1791 3057 1848 illius
3078 1808 3183 1864 per
3203 1808 3379 1864 quem
3402 1797 3577 1850 antea

160 1874 262 1947 qui
324 1878 381 1930 te
438 1874 850 1947 redempturus
906 1878 1018 1945 est,
1045 1898 1073 1925 ‹‹
1106 1845 1172 1931 εί
1208 1845 1491 1931 formator
1548 1879 1686 1930 tuus
1848 1845 1894 1909 Β
1924 1876 2287 1949 decurrebat,
2310 1877 2422 1951 ipsi
2444 1845 3573 1953 civitatem—ingrederenturletdevasta:

160 1969 347 2032 utero,
375 1986 404 2013 »
433 1962 494 2018 id
523 1967 615 2020 est
646 1980 781 2020 cum
813 1981 929 2020 non
959 1980 1120 2021 esses
1145 1981 1191 2019 τα
1217 1966 1334 2038 Ego
1366 1982 1497 2020 sum
1530 1964 1815 2020 Dominus

156 2051 383 2108 faciens
411 2052 631 2109 omnia.
669 2076 691 2101 ι
727 2052 1011 2125 Superius
1036 2051 1270 2109 locutus
1315 2058 1405 2109 est
1452 2054 1523 2109 de
1570 2054 1816 2109 subver-

155 2140 323 2197 sione
353 2140 643 2197 idolorum
671 2145 728 2197 et
757 2141 1156 2214 redemptione
1192 2142 1367 2198 Israel
1402 2159 1415 2197 :
1451 2141 1499 2197 si
1530 2142 1814 2214 pceniten-

157 2231 305 2286 tiam
339 2234 556 2303 ageret.
579 2231 745 2286 Nune
774 2235 972 2286 autem
1005 2231 1075 2286 de
1109 2231 1514 2304 magnitudine
1543 2229 1816 2303 potentia

158 2337 283 2376 sua:
302 2319 591 2392 loquitur,
614 2320 769 2392 quod
796 2319 922 2392 ipse
948 2320 1148 2376 fecerit
1172 2320 1373 2375 omnia
1397 2318 1660 2388 solus,ne
1683 2318 1817 2391 quis

157 2408 394 2465 dubitet
421 2409 493 2464 de
522 2407 841 2464 salvatione
871 2408 1069 2476 Israel,
1102 2412 1333 2465 tantum
1364 2407 1413 2464 si
1435 2408 1506 2463 ad
1529 2424 1662 2463 eum
1687 2425 1819 2463 con-

158 2514 373 2555 versus
403 2497 598 2553 fuerit.
630 2499 773 2553 Cum
807 2502 1004 2553 autem
1035 2498 1179 2553 dicit
1213 2515 1225 2553 ;
1251 2520 1277 2548 ‹‹
1304 2498 1621 2554 extendens
1642 2497 1819 2554 cualos

157 2587 350 2659 solus,
375 2591 433 2643 et
461 2586 767 2643 stabiliens
795 2591 1109 2658 terram,et
1129 2586 1330 2643 nullus
1352 2604 1582 2643 mecum
1610 2604 1621 2643 :
1651 2611 1677 2637 ››
1701 2604 1817 2643 non

156 2676 425 2734 excludit
456 2675 670 2731 Filium
691 2692 726 2731 a
746 2690 1035 2747 se,neque
1064 2675 1347 2748 Spiritum
1380 2676 1819 2747 sanctum,quia

157 2784 354 2823 unum
382 2768 543 2832 sunt,
577 2767 635 2820 et
662 2763 1066 2838 separabiliter
1096 2768 1397 2836 nequeunt
1419 2764 1665 2836 operari,
1699 2765 1818 2819 sic-

156 2859 229 2910 ut
262 2854 395 2927 ipse
428 2851 611 2910 Filius
642 2852 782 2908 dicit
810 2869 825 2907 :
860 2876 889 2904 ‹‹
922 2852 1042 2925 Ego
1071 2856 1131 2908 et
1161 2853 1329 2909 Pater
1375 2870 1561 2908 unum
1610 2869 1819 2908 sumus

152 2945 345 3013 (Joan.
378 2942 458 3015 x).
495 2964 523 2990 ››
557 2941 670 2997 Sed
704 2940 860 2997 sicut
907 2941 1179 3014 superius
1227 2942 1504 3011 diximus,
1538 2958 1641 3013 per
1670 2942 1821 2997 hanc

150 3030 525 3089 sententiam
555 3028 860 3087 excludere
888 3028 1015 3087 vult
1044 3029 1201 3086 idola
1221 3048 1256 3085 a
1286 3031 1631 3087 formatione
1661 3047 1819 3086 crea-

152 3125 465 3176 turarum.

1926 1970 2056 2020 rent
2085 1967 2247 2035 (Dan.
2280 1967 2355 2040 v).
2391 1968 2643 2025 Possunt
2672 1968 2846 2025 etiam
2881 1970 3081 2025 referri
3124 1968 3224 2025 illa
3270 1970 3574 2043 superiora

1926 2054 1997 2108 ad
2031 2054 2346 2111 Ecclesiam
2378 2061 2747 2129 praesentem,
2769 2058 2956 2113 etista
2973 2059 3045 2113 ad
3062 2058 3222 2114 hunc
3254 2060 3568 2115 mundum.

1926 2143 2033 2207 Qui
2062 2143 2190 2198 dico
2222 2144 2580 2200 Hierusalem
2615 2145 2981 2201 Habitaberis
3011 2165 3046 2202 a
3075 2148 3470 2219 credentibus,
3504 2165 3573 2203 ex

1925 2230 2128 2303 gentili
2158 2237 2215 2287 et
2244 2233 2488 2288 Judaico
2520 2235 2830 2307 pepulo.Et
2852 2235 3184 2291 civitatibus
3214 2236 3464 2305 Judze,id
3486 2240 3575 2293 est

1926 2320 2187 2376 ecclesiis
2217 2321 2622 2378 confitentium
2651 2322 2711 2376 in
2734 2327 2852 2379 toto
2874 2324 3011 2378 orbe
3042 2323 3577 2391 constructis,/Edi—

1927 2408 2249 2464 ficabimini
2283 2427 2296 2464 :
2330 2414 2386 2466 et
2417 2427 2544 2483 quae
2575 2415 2748 2466 antea
2776 2412 3009 2468 deserta
3037 2417 3206 2468 erant
3253 2413 3573 2470 suscitabo.

1927 2496 2034 2563 Qui
2067 2497 2195 2554 dico
2227 2500 2541 2571 profundo,
2574 2499 2631 2555 id
2659 2503 2747 2555 est
2776 2499 2913 2556 huic
2965 2501 3208 2568 mundo,
3244 2500 3513 2558 Desolare
3543 2520 3579 2559 a

1927 2586 2252 2642 cultoribus
2286 2588 2404 2643 tuis
2434 2591 2490 2643 et
2521 2587 2905 2644 amatoribus.
2938 2588 3008 2644 Et
3039 2589 3287 2646 flumina
3317 2594 3419 2646 tua
3450 2607 3574 2646 are-

1929 2675 2160 2742 faciam,
2185 2674 2295 2730 hoc
2326 2680 2434 2741 est,
2463 2675 2812 2747 sapientiam
2845 2677 3025 2749 hujus
3055 2678 3262 2733 mundi
3294 2678 3578 2734 annihila-

1927 2764 2021 2819 bo.
2057 2763 2355 2835 Sapientia
2384 2765 2615 2820 Domini
2647 2765 2890 2822 stultam
2921 2766 3055 2821 fecit
3084 2765 3432 2838 sapientiam
3462 2766 3576 2821 hu-

1920 2852 2024 2923 jus
2054 2851 2282 2907 mundi.

2000 2963 2027 2990 «
2063 2941 2169 3007 Qui
2203 2940 2331 2996 dico
2359 2940 2502 3014 Cyro
2538 2958 2551 2997 :
2588 2942 2791 2997 Pastor
2818 2958 2985 2997 meus
3016 2958 3098 3012 es,
3126 2964 3155 2991 ››
3190 2942 3249 2998 in
3271 2942 3420 2999 meis
3443 2942 3581 2999 ﬁde-

1930 3028 2085 3085 libus
2121 3047 2133 3085 :
2165 3053 2193 3079 «
2228 3034 2285 3085 et
2314 3046 2550 3085 omnem
2578 3029 2942 3086 voluntatem
2974 3048 3165 3087 meam
3197 3030 3518 3104 complebis
3550 3054 3579 3081 ››

1930 3118 2279 3176 dimittendo
2310 3118 2704 3191 captivitatem
2732 3119 2932 3193 populi
2965 3119 3101 3175 mei.
3125 3144 3151 3171 «
3179 3121 3288 3187 Qui
3308 3119 3437 3177 dico
3456 3120 3583 3177 Hic-

228 3233 262 3261 κ
297 3209 478 3266 Irrita
512 3208 752 3278 faciens,
789 3230 817 3258 »
842 3206 901 3264 id
932 3211 1021 3264 est
1067 3207 1287 3278 inania,
1317 3231 1345 3259 ‹‹
1379 3208 1710 3264 divinorum
1742 3207 1821 3263 si-
1851 3211 1895 3279 α
1935 3206 2190 3263 rusalem
2223 3225 2236 3263 :
2268 3207 2688 3277 IEdificaberis,
2724 3231 2752 3259 ››
2785 3226 2819 3264 a
2841 3209 2984 3266 Jesu
3024 3210 3323 3266 sacerdote
3367 3226 3583 3283 magno

150 3315 304 3373 gna,
339 3302 404 3354 et
432 3296 690 3354 hariolos
719 3297 779 3353 in
811 3297 1090 3365 furorem,
1127 3319 1154 3346 »
1189 3297 1246 3352 id
1278 3301 1369 3353 est
1398 3298 1457 3353 in
1504 3297 1823 3353 amentiam

148 3411 181 3438 ‹‹
222 3392 492 3444 vertens.
524 3408 555 3436 »
587 3385 803 3442 Harioli
836 3390 977 3443 sunt
1005 3387 1421 3456 incantatores,
1456 3386 1556 3459 qui
1590 3386 1829 3459 quibus-

151 3478 307 3533 dam
342 3474 850 3532 incantationibus
880 3491 1111 3547 semper
1139 3478 1355 3531 cuncta
1401 3479 1601 3548 agunt.
1636 3474 1826 3531 Divini

148 3568 354 3623 iidem
391 3569 533 3621 sunt
561 3564 661 3637 qui
687 3569 746 3621 et
775 3564 1082 3638 pythones,
1114 3563 1173 3619 id
1203 3569 1294 3620 est
1320 3564 1692 3637 ventriloqui,
1723 3565 1830 3621 ha-

150 3656 383 3711 bentes
414 3652 688 3726 spiritum
718 3652 1048 3727 malignum
1076 3652 1137 3708 in
1168 3658 1388 3723 ventre,
1421 3658 1479 3709 et
1506 3653 1834 3728 loquuntur

146 3742 367 3800 multa
382 3742 555 3816 signa
568 3745 626 3798 et
640 3744 928 3815 portenta.
944 3741 1074 3798 Haec
1094 3742 1332 3815 quidem
1357 3746 1491 3799 ante
1515 3744 1829 3799 adventum

148 3831 414 3888 Domini
442 3830 613 3886 multi
643 3830 1085 3903 adimplebant;
1113 3832 1214 3887 sed
1237 3836 1535 3888 crescente
1556 3832 1835 3887 Christia-

146 3937 397 3978 norum
426 3920 563 3991 fide,
594 3936 665 3976 ex
692 3923 855 3992 parte
885 3919 1182 3976 eradicata
1220 3925 1381 3977 sunt.
1415 3945 1442 3972 ι(
1478 3921 1834 3977 Convertens

143 4010 501 4084 sapientes,
529 4030 560 4058 »
591 4009 772 4081 hujus
823 4009 1020 4065 saeculi
1054 4032 1082 4060 α
1116 4014 1460 4076 retrorsum,
1498 4033 1525 4059 ››
1557 4010 1615 4066 id
1656 4013 1746 4065 est
1771 4008 1834 4064 in

135 4097 610 4173 insipientiam,
625 4101 723 4153 «et
738 4097 1045 4154 scientiam
1069 4115 1272 4155 eorum
1297 4098 1539 4155 stultam
1558 4098 1835 4170 faciens,»

139 4189 316 4262 quia
348 4203 484 4259 que
512 4186 696 4242 stulta
724 4190 891 4243 erant
910 4186 1108 4260 elegit,
1126 4192 1185 4244 et
1205 4187 1555 4260 sapientiam
1587 4186 1838 4260 philoso-

138 4280 442 4353 phorum
473 4275 717 4332 stultam
748 4276 904 4332 fecit.

230 4390 268 4418 ι‹
312 4363 631 4423 Suscitans
660 4364 902 4421 verbum
933 4365 1081 4422 servi
1114 4365 1317 4435 sui,'et
1341 4365 1653 4422 consilium
1684 4383 1838 4421 nun-

137 4458 411 4514 tim-um
442 4470 684 4510 suorum
706 4452 1028 4526 complens.
1056 4476 1084 4503 ››
1111 4454 1252 4521 Quis
1273 4459 1362 4510 est
1382 4454 1495 4511 iste
1517 4472 1719 4511 servus
1742 4453 1844 4510 Dci

140 4545 405 4610 Patris,
427 4542 540 4597 nisi
562 4542 659 4599 ille
689 4543 760 4599 de
791 4560 906 4616 quo
932 4543 1204 4616 superius
1234 4544 1490 4600 diximus
1516 4562 1529 4600 :
1559 4545 1702 4601 Ecce
1725 4561 1844 4600 ser-

136 4653 285 4692 vus
324 4648 526 4698 meus,
559 4630 877 4704 suscipiam
909 4648 1066 4687 eum.
1100 4633 1169 4687 Et
1200 4632 1344 4688 illud
1379 4650 1391 4688 :
1427 4633 1637 4688 Parum
1664 4637 1753 4689 est
1782 4632 1848 4689 ti-

136 4725 246 4791 bi,
293 4726 375 4778 ut
407 4719 552 4775 mihi
584 4720 667 4775 sis
698 4720 941 4776 servus?
962 4720 1077 4776 Iste
1107 4725 1196 4776 est
1226 4738 1451 4788 servus,
1479 4722 1578 4792 qui
1602 4726 1659 4777 et
1681 4740 1845 4794 puer.

134 4813 456 4871 Verbum
487 4813 684 4864 autem
714 4808 876 4865 istud
905 4809 1239 4882 evangelica
1270 4810 1535 4866 doctrina
1556 4816 1849 4882 est,quam

129 4905 347 4961 Deus
377 4900 546 4971 pater
574 4913 752 4970 super
781 4897 1123 4954 universum
1154 4899 1354 4954 orbem
1394 4898 1715 4966 suscitavit,
1750 4917 1853 4972 per

130 4988 440 5049 nuntios
473 4984 601 5042 Filii
633 4986 752 5055 sui,
782 4986 894 5043 hoc
919 4990 1008 5042 est
1038 5004 1142 5059 per
1182 4988 1496 5059 apostolos.
1531 4988 1851 5045 Consilium

122 5074 604 5155 apostolorum
636 5074 767 5142 fuit,
800 5079 867 5131 ut
897 5075 1148 5148 dispersi
1200 5094 1301 5148 per
1347 5082 1600 5149 quatuor
1648 5077 1852 5132 mundi

121 5167 439 5227 climata
458 5180 645 5218 unum
665 5162 1045 5237 Evangelium
1066 5164 1657 5237 praedicarent,unam
1678 5166 1855 5220 ﬁdem

118 5254 561 5319 docerent,et
591 5252 1057 5325 omnipotentem
1089 5253 1625 5321 Deum,trinitatem
1649 5254 1707 5308 in
1731 5271 1854 5326 per-

118 5343 386 5409 sonis,
418 5344 478 5397 et
505 5340 793 5398 unitatem
820 5339 879 5395 in
907 5341 1260 5409 substantia,
1295 5341 1507 5397 habere
1538 5343 1856 5397 annuntia-

119 5428 1004 5499 rent.Hocconsi1iumverbo
1028 5430 1292 5485 tenusab
1314 5429 1430 5484 illis
1452 5430 1858 5496 dictum,Deus
1967 5430 2205 5505 gloriosi
2268 5427 2638 5484 habebantur
2700 5422 2761 5478 in
2827 5427 2946 5480 toto
3012 5426 3255 5499 mundo.
3319 5448 3347 5475 «

122 5528 374 5605 pater
405 5518 583 5574 rebus
613 5517 945 5605 complevit.
973 5540 1001 5569 «
1024 5519 1131 5584 Qui
1155 5519 1284 5574 dico
1306 5516 1669 5605 Hierusalem
1692 5518 1863 5574 Habi-

1935 3299 1992 3351 et
2018 3297 2204 3352 Esdra
2231 3296 2572 3369 caaterisque
2604 3297 2991 3370 principibus,
3025 3299 3097 3354 de
3126 3297 3462 3371 captivitate
3494 3315 3585 3355 re-

1936 3385 2274 3457 deuntibus,
2299 3408 2326 3435 «
2360 3389 2417 3442 et
2446 3407 2474 3436 »
2508 3386 2608 3458 qui
2640 3385 2771 3442 dico
2801 3410 2827 3437 ‹‹
2860 3385 3078 3459 templo
3114 3404 3127 3443 :
3163 3386 3587 3444 Fundaberis.»

1939 3475 2096 3530 Idem
2128 3492 2339 3531 sensus
2371 3475 2527 3531 sicut
2556 3473 2618 3531 in
2648 3475 2827 3549 priori
2859 3493 3050 3533 versu.

2544 3617 2779 3673 CAPUT
2818 3617 2981 3672 XLV.

2016 3765 2044 3793 «
2078 3744 2204 3798 Ilaec
2232 3728 2386 3798 dicit
2431 3741 2717 3798 Dominus
2765 3741 2986 3797 christo
3034 3758 3162 3797 meo
3220 3743 3384 3814 Cyro,
3418 3743 3589 3814 cujus

1943 3832 2300 3904 apprehendi
2332 3835 2631 3887 dexteram
2656 3834 2720 3886 ut
2742 3830 3054 3902 subjiciam
3078 3835 3212 3886 ante
3233 3831 3440 3887 faciem
3462 3832 3592 3901 ejus

1942 3924 2168 3995 gentes,
2203 3944 2230 3970 »
2262 3919 2629 3993 Babylonios,
2663 3919 2987 3989 Chaldaeos,
3016 3920 3334 3993 Egyptios,
3369 3920 3591 3990 Medos,

1945 4013 2297 4080 caeterasque
2325 4007 2385 4063 in
2419 4007 2666 4064 circuitu
2698 4025 2827 4077 suo,
2856 4031 2885 4058 ‹‹
2917 4012 2974 4064 et
3004 4009 3181 4064 dorsa
3228 4025 3433 4082 regum
3462 4025 3594 4064 ver-

1946 4103 2067 4154 tam
2102 4120 2131 4146 »
2164 4097 2235 4172 ad
2267 4095 2611 4169 fugiendum
2645 4101 2778 4151 ante
2808 4112 2967 4151 eum.
2999 4094 3169 4151 Multi
3212 4111 3377 4168 reges
3425 4095 3600 4152 dorsa

1946 4190 2246 4245 verterunt
2264 4189 2400 4241 ante
2418 4201 2574 4253 eum,
2595 4184 2842 4242 Domino
2865 4183 2950 4239 illi
2973 4184 3268 4241 tribuente
3291 4183 3598 4241 auxilium.

1950 4277 2102 4346 Haec,
2134 4275 2346 4348 inquit,
2372 4274 2514 4330 dicit
2544 4273 2832 4330 Dominus
2862 4272 3081 4331 christo
3112 4291 3241 4330 meo
3273 4272 3606 4347 Cyro.Chri—

1952 4369 2080 4422 stus
2110 4364 2527 4436 interpretatur
2556 4366 2790 4419 unctus.
2819 4361 3165 4435 Antiquitus
3215 4361 3371 4418 enim
3412 4362 3471 4416 in
3501 4379 3603 4434 po-

1954 4453 2091 4527 pulo
2108 4452 2977 4524 Judzeorum,quemadmodum
2994 4451 3147 4523 apud
3172 4451 3465 4506 Romanos
3486 4449 3607 4505 dia-

1957 4545 2127 4599 dema
2158 4542 2446 4598 faciebant
2471 4546 2529 4596 et
2558 4539 2879 4612 regem.Sic
2900 4538 3217 4594 chrismate
3237 4536 3507 4611 peruncti
3529 4538 3607 4593 ef.

1959 4632 2307 4687 ﬁciebantur
2337 4646 2500 4701 reges
2528 4632 2583 4684 et
2614 4627 3037 4692 sacerdotes,ut
3064 4628 3254 4682 Aaron
3286 4644 3321 4682 a
3349 4626 3529 4693 Mose,
3547 4630 3607 4682 et

1959 4721 2139 4777 David
2172 4738 2205 4775 a
2234 4717 2682 4782 Samuel.Quare
2712 4731 2848 4788 ergo
2879 4713 3206 4787 appellatur
3225 4715 3406 4789 Cyrus
3428 4714 3606 4771 chris-

1958 4815 2219 4877 tus,cum
2251 4824 2365 4862 non
2399 4804 2476 4859 sit
2506 4809 2826 4876 perunctus
2856 4805 2927 4860 de
2969 4804 3095 4860 oleo
3139 4802 3610 4860 benedictionis?

1961 4900 2101 4973 quia
2127 4895 2384 4969 dignitas
2414 4893 2738 4966 imperialis
2766 4912 2868 4967 pro
2894 4894 3212 4950 chrismate
3241 4893 3294 4950 ei
3324 4893 3454 4948 fuit.
3480 4892 3609 4947 Hazc

1961 4986 2104 5042 dicit
2139 4984 2420 5041 Dominus
2450 4981 2669 5038 christo
2701 4999 2960 5054 meo,pro
2990 5000 3056 5038 eo
3088 4982 3242 5055 quod
3272 4986 3361 5037 est
3390 4979 3610 5037 christo

1963 5093 2070 5132 suo
2094 5093 2106 5130 :
2133 5073 2221 5130 vel
2254 5076 2429 5128 uncto
2462 5071 2717 5142 suo,hoc
2749 5076 2857 5139 est,
2891 5071 3008 5143 regi
3043 5088 3151 5126 suo
3177 5088 3188 5126 :
3216 5094 3241 5121 ‹‹
3267 5074 3325 5126 et
3353 5068 3612 5141 aperiam

1965 5182 2161 5221 coram
2194 5179 2260 5219 eo
2283 5163 2525 5235 januas,
2558 5164 2615 5216 et
2645 5164 2824 5232 portze
2870 5159 3122 5215 civitatis
3170 5175 3287 5214 non
3336 5156 3613 5213 clauden-

1962 5258 2077 5310 ων.
2109 5254 2227 5325 Ego
2259 5255 2392 5308 ante
2422 5254 2477 5306 te
2506 5248 2623 5315 ibo,
2659 5270 2686 5297 ››
2719 5265 2751 5302 o
2782 5246 2943 5319 Cyre,
2978 5270 3006 5297 «
3039 5250 3095 5302 et
3123 5246 3409 5320 gloriosos
3448 5250 3615 5301 terra

1968 5341 2319 5408 humiliabo,
2356 5362 2383 5388 »
2416 5339 2525 5394 hoc
2557 5340 2646 5392 est
2693 5334 3039 5408 Babylonios
3076 5341 3134 5391 et
3161 5335 3482 5404 Chaldaeos,
3513 5332 3617 5409 qui

3415 5424 3619 5481 Portas

1969 5536 2147 5575 aareas
2207 5520 2502 5573 conteram
2554 5536 2582 5563 ››
2634 5516 2768 5569 ante
2833 5517 2911 5582 te,
2950 5528 2982 5568 ο
3031 5513 3195 5588 Cyre,
3226 5536 3255 5565 «
3306 5517 3366 5570 et
3426 5516 3619 5583 vectes

123 5599 882 5680 {aberismtcivitatibus
904 5606 1060 5666 Juda
1080 5604 1615 5677 Ediﬁcabimini,et
1633 5607 1864 5668 deserta
1978 5610 2196 5668 ferreos
2241 5604 2627 5681 confringam.
2654 5626 2683 5659 ››
2717 5605 2852 5672 Quae
2901 5602 3103 5663 civitas
3150 5603 3235 5663 illi
3283 5622 3397 5664 non
3431 5599 3625 5682 patuit

1906 5880 2229 6164 ἕ
