4046 6188
557 301 676 367 943
927 298 1334 362 HAYMONIS
1379 295 1918 358 HALBERSTAT.
1963 293 2207 356 EPISC.

555 435 775 508 (inquit
801 435 1008 490 beatus
1039 433 1424 502 Hieronymus
1439 429 1488 498 ‘2)
1514 429 1653 496 Quis
1675 445 1790 484 non
1814 444 2017 501 regum
2043 432 2202 500 terga

557 523 809 596 subjecit
833 521 956 576 illi?
986 519 1090 586 Qui
1126 519 1302 585 muri,
1330 518 1498 590 prius
1547 515 2054 590 inexpugnabiles,
2087 533 2202 572 non

555 611 716 668 illius
759 609 1063 666 obsidione
1111 607 1375 662 subversi
1424 606 1607 662 sunt?
1640 606 1768 678 Hace
1819 605 1920 678 qui
1970 604 2204 677 plenius

555 715 902 773 cognoscere
950 697 1092 764 vult,
1126 697 1280 768 legat
1327 696 1632 751 historiam
1683 695 2081 767 Xenophontis
2133 694 2204 748 de

501 843 512 849 -
555 789 730 858 Cyro,
758 788 1000 858 majore,
1035 792 1093 841 et
1140 786 1394 840 inveniet
1443 804 1511 840 ea
1559 802 1687 841 esse
1734 783 2026 856 completa
2075 801 2202 856 quae

557 876 740 932 Isaias
763 875 934 948 longe
965 880 1101 931 ante
1133 875 1420 946 praedixit,
1454 873 1700 929 Domino
1734 872 2165 928 manifestante.

629 988 657 1016 ‹‹
691 965 762 1021 Et
791 965 941 1021 dabo
965 965 1094 1034 tibi,
1119 987 1146 1013 ››
1170 965 1330 1037 Cyre,
1355 988 1380 1013 «
1407 964 1714 1018 thesauros
1739 985 1764 1010 n
1789 978 1992 1034 regum
2017 984 2042 1010 ‹‹
2070 961 2204 1015 abs-

559 1053 826 1110 conditos
859 1077 886 1103 ››
919 1057 977 1109 et
1007 1053 1370 1110 diversarum
1419 1051 1674 1117 urbium,
1705 1073 1732 1100 «
1767 1053 1826 1104 et
1871 1066 2086 1104 arcana
2114 1064 2204 1103 se-

560 1147 912 1212 cretorum,»
936 1143 991 1197 id
1025 1147 1204 1198 estea
1223 1160 1349 1214 qua:
1375 1158 1537 1212 reges
1558 1145 1614 1194 et
1635 1140 1845 1212 regina:
1867 1138 1924 1192 in
1947 1137 2204 1193 conclavi

561 1251 798 1306 semper
845 1232 1159 1295 habebant,
1201 1229 1308 1285 tibi
1359 1230 1531 1284 dabo.
1565 1229 1635 1283 Et
1683 1245 1863 1300 quare
1906 1227 2059 1282 hoc?
2089 1249 2115 1275 «
2150 1229 2208 1281 et

561 1321 734 1389 scias,
767 1319 906 1392 quia
951 1336 1056 1391 ego
1109 1315 1412 1386 Dominus,
1445 1317 1548 1389 qui
1597 1334 1736 1372 voce
1783 1333 1994 1371 nomen
2037 1319 2206 1369 tuum

561 1410 716 1466 Deus
741 1407 940 1474 Israel,
972 1431 1000 1457 ››
1033 1407 1202 1479 longe
1231 1411 1546 1477 antequam
1578 1404 1858 1461 nascaris.
1881 1404 2044 1460 Sicut
2065 1402 2207 1458 olim

561 1496 758 1554 vocavi
789 1497 950 1552 Isaac
983 1500 1039 1551 et
1061 1496 1260 1562 Jacob,
1291 1499 1348 1550 et
1379 1494 1566 1550 multa
1595 1498 1728 1549 ante
1758 1493 1994 1566 praedixi
2029 1493 2100 1548 de
2128 1497 2204 1559 te,

563 1591 628 1643 ut
657 1587 730 1642 de
755 1586 916 1641 Isaac
945 1589 1002 1640 et
1027 1585 1210 1640 Josia.
1245 1588 1312 1639 Et
1341 1583 1451 1640 hoc
1483 1601 1598 1639 non
1630 1583 1737 1638 feci
1769 1586 2006 1656 propter
2025 1586 2207 1650 te,ne-

561 1691 676 1747 que
705 1691 809 1746 pre
841 1676 939 1729 tuo
971 1673 1200 1739 merito,
1235 1673 1338 1728 sed
1375 1690 1387 1728 :

632 1786 660 1814 ‹‹
692 1761 933 1834 Propter
962 1779 1197 1827 servum
1223 1778 1422 1817 meum
1454 1762 1656 1828 Jaceb,
1679 1765 1736 1816 et
1762 1758 1935 1816 Israel
1956 1758 2208 1814 electum

560 1867 780 1920 meum,
807 1874 836 1900 ››
867 1854 933 1905 ut
963 1850 1228 1905 dimittas
1258 1867 1390 1904 eum
1415 1867 1481 1904 ex
1503 1850 1919 1921 eaptivitatc,et
1940 1865 2210 1919 recogno-

559 1959 690 1996 scas
721 1957 848 2012 quaa
874 1938 978 1994 tibi
1000 1943 1132 1994 ante
1156 1938 1388 2010 przedixi
1417 1955 1594 2010 quam
1619 1937 2036 2003 nascereris,nt
2057 1938 2210 1992 bona

559 2029 742 2085 servis
771 2028 918 2082 meis
953 2028 1290 2100 impendere
1339 2028 1598 2082 studeas.
1635 2051 1660 2076 «
1695 2029 1764 2082 Et
1796 2025 1988 2081 vocavi
2021 2030 2076 2080 te
2107 2041 2207 2080 no-

559 2117 718 2173 mine
748 2121 872 2188 tue,
902 2140 930 2168 »
962 2117 1072 2172 hoc
1105 2122 1214 2182 est,
1248 2121 1313 2171 ut
1345 2117 1528 2189 Cyrus
1557 2113 1883 2170 vecareris:
1917 2137 1943 2164 ι(
1974 2113 2208 2170 assimi-

559 2205 672 2262 lavi
703 2210 756 2261 te
790 2229 818 2255 »
849 2206 908 2260 in
942 2207 1178 2260 nomine
1211 2205 1338 2260 Filii
1387 2205 1520 2271 mei,
1555 2226 1583 2255 ‹‹
1617 2209 1673 2259 et
1721 2221 1835 2259 non
1885 2201 2209 2276 cognovisti

561 2311 676 2349 me.
699 2315 728 2344 »
753 2293 924 2349 Multi
947 2293 1151 2349 velunt
1176 2294 1295 2348 haec
1317 2294 1529 2348 referre
1553 2294 1624 2347 ad
1657 2292 1973 2347 Dominum
2001 2292 2207 2347 Jesum

559 2381 882 2449 Christum,
913 2398 1040 2452 quae
1073 2381 1132 2435 in
1160 2381 1270 2436 hac
1301 2381 1594 2437 sententia
1623 2380 1939 2435 dicuntur:
1964 2379 2067 2435 sed
2092 2395 2206 2434 non

559 2469 885 2543 loquuntur
913 2487 981 2526 ea
1009 2486 1134 2542 qua:
1165 2487 1300 2525 vera
1329 2473 1488 2524 sunt.
1523 2467 1833 2541 Cyrus,qui
1859 2467 2206 2540 interpreta-

559 2563 659 2615 tur
688 2559 892 2628 hzsres,
923 2575 1060 2614 nam
1087 2564 1143 2613 et
1169 2559 1293 2630 ipse
1331 2558 1730 2616 bzereditatem
1777 2556 2080 2612 aveunculi
2114 2555 2207 2612 sui

557 2653 747 2706 Daran
785 2649 1046 2721 suscepit
1081 2665 1093 2704 :
1128 2666 1373 2720 regnum
1418 2647 1684 2706 videlicet
1733 2646 2203 2720 Babyloniorum,

555 2735 984 2804 Chaldaeorum,
1016 2737 1319 2792 Medorum
1351 2740 1406 2791 et
1437 2737 1768 2806 Persarum,
1791 2739 1967 2808 atque
1995 2735 2204 2808 {Egyp-

556 2827 798 2893 tierum,
830 2829 888 2882 et
916 2825 1016 2898 qui
1047 2825 1314 2882 Christus
1341 2825 1519 2880 etiam
1559 2828 1800 2879 vocatur
1845 2825 2082 2897 propter
2113 2823 2204 2878 di-

555 2915 838 2990 gnitatem
873 2913 1139 2988 imperii:
1173 2913 1520 2970 asssimilari
1553 2913 1768 2968 dicitur
1795 2912 2042 2968 Domino
2063 2912 2204 2968 Jesu

554 3003 786 3060 Christo
817 3007 1050 3058 tantum
1081 3001 1142 3057 in
1173 3003 1408 3059 nomine
1439 3001 1538 3073 qui
1571 3001 1970 3056 hazreditatem
1992 3005 2205 3072 apatre

553 3091 816 3165 suscepit
846 3109 860 3146 :
887 3091 1040 3147 sicut
1069 3091 1126 3145 in
1160 3090 1388 3162 psalmo
1419 3090 1702 3146 habetur:
1723 3113 1751 3140 ‹‹
1777 3089 2067 3145 Postulaa
2087 3106 2202 3156 me,

554 3184 612 3235 et
639 3179 791 3235 dabo
821 3179 929 3234 tibi
957 3182 1159 3250 gentes
1199 3178 1598 3234 hzereditatem
1651 3184 1814 3234 tuam
1844 3179 2016 3249 (Psal.
2051 3182 2136 3248 ιι).
2173 3201 2201 3228 ››

555 3265 625 3321 Et
653 3266 754 3338 qui
777 3271 990 3321 unctus
1009 3270 1098 3320 est
1121 3265 1247 3320 oleo
1269 3265 1481 3320 laetitia:
1504 3283 1619 3338 prae
1645 3265 2032 3339 participibus
2054 3267 2200 3323 suis.

553 3353 888 3410 Assimilavi
917 3358 972 3409 te
1003 3353 1234 3426 (inquit)
1269 3354 1327 3408 in
1359 3353 1594 3409 nomine
1627 3353 1772 3410 Filio
1817 3371 1968 3421 meo,
1999 3360 2057 3410 et
2087 3373 2202 3412 non

555 3441 876 3516 cognovisti
903 3458 996 3498 me
1027 3458 1155 3497 esse
1182 3459 1383 3497 verum
1432 3446 1634 3511 Deum,
1669 3441 1768 3514 qui
1803 3446 1858 3498 te
1886 3443 1995 3498 feci
2023 3443 2200 3500 victo-

550 3548 674 3588 rem
729 3531 1054 3588 multarum
1099 3529 1364 3604 gentium
1401 3548 1414 3586 :
1451 3532 1551 3587 sed
1600 3530 1857 3587 adorasti
1887 3531 2043 3587 idola
2072 3549 2199 3604 quae

549 3618 656 3674 tibi
687 3618 770 3675 nil
799 3621 1168 3693 proluerunt.

621 3730 650 3760 «
680 3710 800 3783 Ego
834 3708 1133 3780 Dominus,
1155 3712 1212 3765 et
1233 3727 1349 3766 non
1381 3713 1470 3764 est
1499 3707 1756 3781 amplius
1780 3731 1808 3759 »
1833 3713 1980 3764 Deus
1999 3725 2194 3780 verus,

544 3820 574 3848 «
607 3800 770 3854 extra
798 3815 891 3853 me
923 3815 1040 3853 non
1069 3801 1159 3854 est
1192 3799 1363 3853 Deus.
1401 3819 1430 3847 »
1461 3797 1587 3853 Non
1617 3796 1874 3853 excludit
1920 3795 2129 3853 Filium
2163 3815 2198 3854 a

543 3902 607 3942 se
639 3901 828 3959 neque
859 3885 1145 3960 Spiritum
1194 3889 1488 3952 sanctum,
1522 3903 1656 3941 eum
1707 3885 1848 3940 dicit
1894 3889 2056 3942 extra
2101 3904 2195 3942 me

544 3991 659 4030 non
689 3979 780 4030 est
807 3975 981 4043 Deus,
1012 3975 1149 4048 quia
1182 3973 1350 4030 Pater
1375 3991 1512 4030 cum
1539 3975 1682 4030 Filio
1711 3978 1768 4030 et
1799 3974 2021 4048 Spiritu
2057 3993 2193 4030 san-

543 4067 635 4118 cto
663 4080 818 4118 unus
845 4067 935 4118 est
953 4064 1130 4134 Deus,
1155 4063 1309 4118 sicut
1329 4063 1588 4136 loquitur
1616 4063 1742 4136 ipse
1773 4063 1957 4120 Filius
1981 4081 1994 4120 :
2021 4087 2048 4114 «
2074 4065 2191 4138 Ego

541 4149 601 4204 in
633 4150 799 4206 Patre
827 4153 883 4205 et
913 4150 1082 4205 Pater
1108 4151 1168 4204 in
1221 4167 1312 4206 me
1361 4156 1470 4208 est.
1508 4175 1535 4201 »
1566 4153 1656 4218 Et,
1691 4175 1719 4203 «
1752 4153 1870 4224 Ego
1917 4157 1976 4208 et
2023 4153 2194 4209 Pater

543 4252 730 4292 unum
763 4253 970 4291 sumus
1001 4238 1175 4308 (Joan.
1199 4256 1315 4305 xxv,
1339 4243 1417 4308 Χ).
1445 4262 1466 4290 η
1506 4264 1532 4290 ‹‹
1568 4240 1804 4296 Accinxi
1831 4243 1887 4296 te
1920 4263 1948 4291 »
1977 4241 2192 4298 virtute

540 4328 609 4380 ut
637 4323 968 4398 acquireres
1001 4324 1106 4380 tibi
1138 4342 1336 4398 regna,
1373 4348 1400 4376 ‹‹
1433 4332 1490 4381 ct
1521 4345 1634 4383 non
1665 4329 1986 4401 cognovisti
2017 4347 2132 4398 me,
2158 4353 2188 4382 »

539 4413 711 4470 sicuti
745 4414 1186 4488 cognoscendus
1214 4431 1396 4469 eram.
1433 4415 1682 4487 Ideoque
1731 4415 1952 4472 accinxi
1987 4423 2040 4474 te
2067 4418 2185 4474 vir-

537 4507 660 4560 tute
688 4506 744 4559 et
775 4502 906 4559 dedi
936 4501 1187 4576 gloriam
1219 4519 1551 4576 regnorum.

609 4614 637 4644 «
669 4591 743 4648 Ut
771 4609 874 4666 per
903 4596 959 4648 te
989 4592 1179 4648 sciant
1210 4591 1308 4666 qui
1331 4593 1402 4648 ab
1427 4597 1557 4648 ortu
1581 4592 1722 4649 solis
1745 4597 1966 4663 sunt,ct
1985 4596 2087 4667 quj
2107 4597 2181 4652 ab

532 4680 854 4750 occidente,
885 4681 1166 4754 quoniam
1215 4684 1437 4755 absque
1477 4700 1569 4738 me
1599 4700 1712 4738 non
1745 4688 1833 4739 est
1863 4687 2032 4739 Deus.
2067 4685 2185 4758 Ego

531 4769 838 4836 Dominus,
871 4775 928 4825 et
960 4787 1074 4825 non
1108 4775 1198 4826 est
1242 4771 1406 4826 alter.
1444 4795 1472 4820 »
1505 4772 1745 4845 Legitur
1791 4772 1850 4827 in
1889 4771 2184 4829 volumine

529 4859 664 4916 libri
697 4859 890 4916 Esdrze
924 4858 1231 4932 scripsisse
1262 4859 1473 4931 Cyrum
1507 4861 1578 4915 ad
1611 4877 1816 4916 omnes
1837 4865 2183 4934 gentes,nen

527 4965 657 5006 esse
689 4947 872 5004 alium
905 4948 1087 5003 Deum
1115 4951 1322 5020 praeter
1342 4949 1659 5003 Dominum
1678 4949 1861 5004 Deum
1879 4949 2182 5006 lsrael.Vel

525 5033 706 5091 etiam
738 5033 820 5089 ita
851 5033 1298 5108 intelligendum
1331 5039 1510 5103 est,ut
1540 5053 1609 5091 ex
1639 5037 1998 5108 captivorum
2025 5037 2181 5094 laxa-

525 5123 683 5180 tiene
710 5123 812 5180 Dei
842 5123 1262 5197 omnipotentis
1291 5123 1604 5181 clementia
1634 5124 1824 5180 notior
1863 5127 2092 5182 cunctis
2119 5127 2180 5183 in

526 5211 760 5284 populis
789 5213 941 5270 facta
971 5213 1234 5269 est.Dicit
1262 5215 1556 5287 Josephus
1587 5215 1648 5269 in
1670 5215 1907 5270 Historia
1928 5216 2180 5288 Antiqui-

527 5299 718 5369 latum,
753 5301 969 5358 idcirco
1017 5303 1331 5360 dimissum
1380 5321 1508 5360 esse
1556 5302 1840 5376 populum
1871 5321 1906 5359 a
1945 5303 2177 5360 vinculo

525 5389 898 5460 captivitatis,
932 5391 1072 5464 quia
1101 5391 1244 5465 legit
1274 5392 1370 5450 ille
1413 5393 1493 5466 in.
1525 5393 1675 5450 libro
1726 5392 1888 5449 Isaiae
1933 5409 2003 5449 ea
2047 5409 2174 5464 qum

527 5471 812 5532 Dominus
844 5495 947 5550 per
968 5480 1180 5536 Isaiam
1212 5482 1559 5554 prophetam
1588 5483 1660 5538 de
1686 5480 1786 5538 illo
1805 5482 2169 5554 praedixerat.

597 5583 625 5612 «
660 5561 939 5621 Formans
970 5565 1183 5640 lucem,
1214 5591 1241 5620 ››
1270 5569 1330 5624 id
1361 5573 1448 5627 est
1479 5571 1659 5642 diem,
1687 5593 1715 5621 «
1751 5585 1957 5628 creans
1999 5573 2168 5628 tene-

2256 293 2426 356 OPP.
2474 293 2674 356 PARS
2718 294 2768 354 Ι.
2815 327 2894 374 5—-
2937 293 3326 356 COMMENT.
3366 295 3540 359 BIBL.
3727 306 3810 368 ul

2227 430 2284 496 Α
2309 419 2470 495 bras,
2507 449 2535 478 »
2564 426 2625 482 id
2655 431 2746 483 est
2773 431 3004 482 noctem
3039 444 3053 482 :
3087 450 3114 477 ‹‹
3147 427 3353 484 faciens
3385 445 3579 502 pacem,
3603 437 3650 490 et
3669 451 3812 496 emam

2310 515 2555 584 malum,
2591 538 2620 565 »
2651 514 2710 571 id
2741 517 2832 572 est
2859 513 3100 582 bellum,
3121 513 3207 570 vel
3225 515 3558 574 afﬂictionem
3578 537 3590 574 :
3610 544 3632 570 «ι
3649 525 3814 595 egoDo-

2310 603 2510 660 minus
2540 603 2760 660 faciens
2788 603 2987 659 omnia
3017 603 3155 659 haec.
3179 625 3208 653 ››
3235 604 3357 660 Sive
3382 605 3536 662 etiam
3559 606 3708 666 lucem
3721 630 3814 685 pos-

2307 711 2520 749 sumus
2551 693 2888 766 intelligere.
2904 692 3250 748 laxationem
3273 695 3648 765 captivitatis,et
3670 717 3744 772 per
3760 708 3814 758 ω.

2313 783 2525 838 nebras
2552 781 2972 853 captivitatem,
3000 785 3059 837 et
3089 798 3190 854 per
3217 781 3423 838 malum
3448 782 3692 842 laborem:
3716 790 3816 847 sicut

2313 871 2372 926 in
2403 871 2712 944 Evangelie
2751 889 2764 926 :
2799 894 2826 919 «
2862 870 3111 938 Sufficit,
3155 869 3356 942 inquit,
3402 871 3504 926 diei
3545 873 3720 931 malitia
3748 896 3816 934 sua

2315 959 2518 1032 (Matth.
2551 960 2653 1032 v1,)
2686 981 2713 1009 ι)
2747 959 2803 1014 id
2835 964 2926 1014 est
2954 958 3120 1014 labor
3160 975 3321 1014 suus.
3351 959 3470 1014 Acsi
3512 961 3719 1020 diceret:
3741 967 3816 1040 Ego

2315 1047 2600 1105 Dominus
2631 1049 2732 1121 qui
2763 1066 2866 1104 ves
2898 1046 3051 1104 male
3075 1052 3308 1120 agentes
3331 1053 3386 1104 et
3413 1066 3444 1105 a
3468 1065 3548 1105 me
3584 1053 3818 1110 recedentes

2315 1138 2374 1192 in
2425 1137 2813 1208 captivitatem
2865 1137 3221 1202 transmitte,
3251 1141 3307 1192 et
3341 1137 3530 1193 iterum
3571 1145 3820 1199 revertentes

2315 1226 2386 1282 ad
2420 1243 2513 1281 me
2543 1242 2690 1298 puro
2721 1226 2792 1281 de
2820 1225 3014 1294 corde,
3049 1225 3260 1281 reduco
3301 1225 3360 1280 in
3406 1227 3619 1298 patriam
3655 1230 3821 1300 proprie

2317 1313 2566 1371 telluris.

2390 1423 2418 1453 ‹‹
2450 1403 2679 1469 Itorate,
2711 1402 2862 1470 cceli,
2894 1403 3164 1475 desuper,
3188 1406 3246 1458 et
3273 1401 3450 1458 nubes
3471 1401 3820 1476 pluantjustnm,

2317 1491 2615 1563 aperiatur
2641 1495 2796 1546 terra
2825 1495 2883 1547 et
2909 1490 3203 1564 germinet
3231 1489 3580 1562 Salvatorem,
3603 1496 3648 1548 et
3669 1493 3824 1562 justiti!

2317 1579 2542 1636 oriatur
2561 1579 2762 1635 simul.
2786 1603 2812 1630 υ
2833 1581 3102 1652 Loquens
3123 1579 3392 1652 superius
3413 1595 3582 1636 sermo
3599 1579 3824 1638 divinanda

2317 1667 2460 1739 Cyro
2491 1683 2624 1739 rege
2655 1667 2964 1723 Persarum
2986 1667 3087 1740 qui
3108 1665 3488 1738 captivitatem
3505 1666 3826 1740 relaxavitqut-

2319 1755 2451 1812 liter
2478 1761 2612 1811 ante
2643 1755 2812 1829 longe
2841 1755 3188 1829 praedictum
3217 1755 3294 1812 sit
3321 1771 3354 1812 a
3382 1754 3594 1812 Domino
3617 1773 3630 1813 :
3657 1773 3766 1812 nunc
3783 1758 3826 1814 de

2317 1845 2566 1900 adventu
2598 1845 2830 1900 Domini
2859 1844 3178 1901 Salvatoris
3207 1849 3265 1901 et
3292 1850 3553 1918 conceptu
3570 1843 3692 1900 illius
3704 1845 3824 1916 loqui-

2319 1938 2416 1989 tur
2446 1951 2458 1990 :
2495 1935 2537 1989 0
2567 1933 2718 2000 οωΙί,
2753 1939 2942 1989 rerate
2969 1935 3248 2006 desuper,
3271 1933 3328 1988 id
3347 1937 3434 1990 est
3459 1946 3620 1990 rorem
3642 1933 3824 1988 emittite.

2319 2023 2425 2078 Per
2452 2024 2663 2080 cmlum
2694 2024 2978 2081 debemus
3001 2023 3326 2097 intelligere
3347 2023 3563 2096 angelos
3578 2022 3826 2078 habitatum

2315 2111 2616 2180 caelorum,
2631 2117 2688 2168 et
2708 2113 2932 2185 positus
2953 2116 3043 2168 est
3063 2111 3311 2185 pluralis
3339 2128 3592 2167 numerus
3607 2127 3687 2184 pro
3701 2110 3826 2183 singu-

2317 2199 2445 2256 lari.
2480 2201 2586 2256 Per
2613 2219 2804 2257 rorem
2835 2201 3012 2257 verba
3039 2200 3325 2274 angelica.
3358 2199 3499 2256 Dicit
3523 2201 3688 2256 beatus
3701 2201 3828 2271 Augu-

2317 2289 2511 2345 stinus
2534 2307 2548 2344 :
2573 2289 2780 2346 Veniat
2799 2289 3029 2346 Gabriel
3059 2286 3830 2364 archangelus,etemittatnobis

2317 2394 2530 2444 rorem,
2562 2377 2620 2433 id
2651 2383 2741 2434 est
2769 2377 3078 2434 annuntiet
3105 2377 3466 2435 nativitatem
3495 2375 3683 2432 Domini
3710 2373 3830 2430 salva-

2316 2465 2559 2537 teris,Et
2587 2467 2773 2523 nubes
2804 2466 3014 2540 pluant
3033 2465 3442 2539 justum.Quid
3464 2482 3556 2538 per
3573 2464 3716 2520 nubes
3729 2460 3832 2518 intel-

2315 2554 2494 2627 ligere
2524 2555 2828 2622 debemus,
2861 2555 2976 2611 nisi
3006 2555 3324 2628 prophetas
3351 2555 3448 2626 qui
3477 2554 3622 2611 nobis
3659 2551 3831 2624 pluviam

2315 2643 2636 2699 salutarem
2667 2643 2955 2700 dederunt
2982 2645 3140 2700 unde
3164 2643 3482 2717 irrigantur
3505 2643 3653 2700 corda
3685 2643 3830 2706 nostin,

2313 2732 2717 2788 annuntiande
2749 2732 3111 2789 nativitatem
3130 2733 3388 2801 Domini,
3408 2731 3832 2806 passionem,resm~

2315 2820 2652 2890 rectionem,
2685 2821 3210 2894 ascensionemque
3237 2821 3386 2892 ejus,
3409 2817 3752 2876 beatitudinem
3765 2814 3833 2870 e‘le
3944 2857 3945 2862 η

2313 2913 2541 2966 ctorum
2571 2915 2628 2966 et
2655 2926 2887 2982 pmnam
2921 2909 3349 2982 reproborum?
3377 2909 3456 2966 De
3471 2907 3656 2982 quibus
3673 2908 3834 2975 etsupo-

2314 2998 2439 3054 rius
2466 2997 2670 3070 quinto
2701 3001 2760 3054 et
2785 2997 3032 3071 septimo
3053 2999 3247 3072 capite
3266 2997 3508 3054 dicitur:
3532 2993 3754 3053 Mandabo
3766 3007 3832 3045 nn-
3944 2997 3945 3000 ‘

2314 3085 2508 3154 bibus,
2533 3103 2606 3142 ne
2633 3086 2844 3160 pluant
2863 3103 3042 3160 super
3060 3104 3161 3144 eos
3185 3087 3703 3144 imbrem.Penamus
3719 3093 3834 3136 unum

2232 3165 2276 3232 C
2313 3175 2530 3232 nubem
2560 3192 2630 3232 ex
2660 3173 2866 3232 multis
2898 3174 3109 3232 Isaiam
3141 3177 3502 3248 prophetam,
3529 3179 3580 3230 et
3601 3169 3831 3230 considam-

2313 3281 2450 3321 mus
2479 3265 2621 3337 quid
2654 3264 2824 3322 nobis
2853 3264 3198 3338 protulerit:
3223 3266 3368 3323 Ecce
3389 3262 3604 3337 (inquit)
3619 3260 3836 3332 virgocon-

2309 3353 2486 3427 cipiet
2513 3357 2570 3410 et
2595 3353 2781 3426 pariet
2809 3353 3082 3424 ﬁlium,et
3099 3354 3408 3411 vocabitur
3435 3369 3623 3410 nomen
3639 3350 3735 3420 ejus
3751 3345 3833 3400 Em-
3944 3347 3945 3372 ξ

2310 3441 2644 3498 manuel.Et
2673 3439 2855 3498 illud:
2880 3441 3095 3499 Emitte
3115 3435 3837 3516 agnum,Demine,dominato-

2308 3547 2431 3587 rem
2459 3535 2648 3603 terrae,
2681 3530 2751 3587 de
2781 3531 2948 3588 Petra
2979 3531 3196 3588 deserti
3225 3532 3300 3589 ad
3331 3536 3574 3588 montem
3599 3525 3703 3582 ﬁlia
3733 3521 3834 3579 Sion.

2306 3620 2450 3676 Ecce
2478 3619 2676 3693 pluvia
2705 3619 3003 3693 salutaris,
3035 3637 3154 3693 qua
3184 3620 3502 3696 irrigantur
3524 3617 3674 3675 corda
3706 3613 3838 3696 nosti!

2305 3707 2379 3763 ad
2405 3706 2846 3780 intelligendam
2878 3706 3245 3764 nativitatem
3295 3694 3475 3764 nostri
3520 3694 3836 3771 Redemptofit

2304 3795 2582 3868 Sequitur
2613 3812 2626 3851 :
2658 3795 2970 3868 Aperiatur
2991 3798 3148 3870 terra
3176 3801 3237 3852 et
3265 3795 3544 3870 germinet
3561 3789 3836 3850 Salutarem.

2303 3884 2545 3940 Terram
2562 3883 2818 3956 appellat
2834 3869 3239 3940 beatissimam
3250 3869 3530 3958 virginem
3542 3879 3836 3946 Mariamque

2301 3971 2651 4045 germinavit
2680 3971 2998 4029 Dominum
3027 3971 3414 4030 Salvatorem.
3433 3969 3836 4044 Aperiaturlcm,

2299 4060 2410 4118 hoc
2438 4065 2528 4118 est
2545 4077 2645 4117 cer
2661 4060 2921 4134 Virginis
2942 4061 3014 4117 ad
3037 4061 3565 4118 credendum.Nam
3585 4072 3694 4115 cum
3709 4053 3761 4108 ab
3773 4065 3837 4104 an-

2299 4147 2428 4222 gelo
2459 4149 2724 4206 audisset
2750 4151 2966 4221 (Luc.1)
2993 4165 3006 4204 :
3031 4171 3058 4201 ‹‹
3085 4165 3220 4207 ecce
3249 4149 3538 4222 concipias
3563 4153 3613 4202 et
3637 4141 3780 4218 paries
3795 4135 3836 4190 ﬁ-

2299 4237 2500 4294 liumzn
2525 4237 2708 4296 dixit:
2740 4261 2768 4290 «
2791 4239 3090 4307 Quomodo
3122 4238 3182 4294 in
3216 4256 3315 4297 me
3345 4240 3444 4296 ﬁet
3471 4226 3837 4304 istud,quoninm

2295 4324 2486 4382 virum
2517 4343 2632 4382 non
2663 4327 3020 4400 cognosco?»
3039 4329 3109 4384 Et
3121 4328 3425 4403 angeluszu
3454 4312 3835 4400 Spiritusdnqﬂit

2297 4418 2538 4472 sanctus
2568 4416 2938 4489 superveniet
2963 4416 3024 4472 in
3053 4420 3198 4486 te,et
3217 4419 3406 4476 virtus
3433 4409 3684 4474 Altissimi
3705 4406 3841 4464 obum-

2215 4532 2268 4604 Β
2295 4503 2683 4604 brabittibi‘.»
2708 4506 2834 4604 [hec
2855 4521 2992 4604 cum
3012 4506 3565 4604 audisset,apertum
3581 4504 3658 4602 est

2261 4587 2363 4648 “ad
2386 4593 2830 4664 credendum,et
2849 4595 2932 4652 ait
2953 4611 2967 4650 :
2993 4618 3021 4646 «
3045 4596 3191 4652 Ecce
3211 4595 3428 4654 ancilla
3448 4587 3754 4659 Domini,ﬁat
3769 4587 3838 4636 mt-

2294 4681 2351 4737 hi
2383 4683 2710 4739 secundum
2739 4683 2983 4740 verbum
3013 4687 3246 4740 tuum.»
3273 4685 3347 4740 Et
3373 4681 3639 4758 germinet
3656 4672 3837 4758 Salvam:

2293 4772 2475 4828 rem.J
2481 4789 2618 4828 esus
2634 4771 3052 4845 interpretatur
3070 4751 3430 4830 Salvator.Et
3440 4785 3606 4845 quare

2293 4860 2432 4932 quia
2459 4859 2585 4934 ipse
2615 4861 2842 4917 salvum
2875 4861 3047 4918 faciet
3083 4861 3372 4935 populum
3419 4875 3581 4918 suum
3608 4872 3639 4911 a
3659 4849 3840 4926 ματαίω

2291 4951 2592 5005 eorum.Et
2619 4950 2735 5006 tale
2764 4955 2852 5006 est
2877 4951 3032 5022 quod
3063 4950 3222 5019 dicit,
3237 4949 3526 5024 germinet
3547 4942 3838 5024 Salvatorttll.

2291 5037 2460 5110 quasi
2491 5037 2710 5094 diceret
2735 5020 3064 5095 Jesum.Sic
3095 5020 3431 5097 enim‘dixit
3457 5033 3698 5108 angelos:
3717 5049 3739 5076 α
3764 5020 3838 5075 νου

2289 5126 2520 5182 cabitur
2537 5143 2748 5184 nomen
2771 5129 2899 5202 ejus
2920 5129 3094 5185 Jesus
3115 5127 3424 5202 (Matth.1).»
3446 5117 3722 5196 Etjustitia

2287 5219 2384 5270 tur
2411 5215 2762 5288 simul.Ipse_
2779 5199 2868 5272 est
2887 5199 3260 5290 justus,quia
3289 5219 3583 5290 peccatum
3610 5199 3836 5296 non

2285 5320 2392 5360 nec
2423 5303 2594 5361 dolus
2621 5303 2894 5362 inventus
2925 5311 3014 5362 est
3043 5307 3103 5361 in
3128 5289 3224 5363 ore
3243 5304 3534 5378 ejus.lpse
3550 5303 3630 5357 est
3635 5289 3834 5369 justitia:

2283 5392 2426 5465 (Ιυίθο
2445 5391 2607 5465 ipsej
2617 5393 2873 5450 ustiﬁcat
2890 5395 3191 5452 credentes
3205 5393 3266 5450 in
3285 5399 3450 5451 se.De
3464 5407 3570 5464 quo
3585 5392 3636 5444 et
3649 5379 3832 5440 dicitur:

2283 5504 2312 5532 ‹‹
2333 5481 2540 5538 Justus
2562 5486 2759 5538 autem
2783 5499 2949 5539 meus
2970 5500 3038 5540 ex
3058 5483 3172 5540 ﬁde
3190 5481 3332 5540 vivit
3351 5467 3833 5555 (RomaLwESO'm'

2279 5571 2531 5641 minus,»
2557 5572 2843 5630 subaudis
2873 5573 3061 5645 Pater,
3085 5595 3114 5626 «
3141 5571 3328 5632 creavi
3349 5587 3502 5632 eum.
3526 5590 3552 5620 ι)
3575 5555 3832 5623 Secundum
