4106 6190
253 358 373 423 949

1313 365 1724 431 COMMENT.
1766 367 1849 429 IN
1891 364 2194 434 ISAIAM.
2219 402 2300 416 -—
2328 371 2476 434 LIB.
2522 373 2599 435 Il.

3539 386 3659 449 950

250 496 497 569 Egypto
532 515 561 589 ε(
576 493 829 589 praedixi
862 494 1006 589 ill_ud
1044 518 1075 589 >3
1124 499 1280 571 quod
1329 499 1551 556 idolum
1602 499 1750 556 nihil
1801 500 1897 556 sit.
1927 499 1985 567 Α
2015 518 2128 559 nus
2162 519 2174 558 :
2209 526 2237 553 «
2270 504 2521 562 Videant
2563 523 2739 579 opera
2782 510 2977 565 vestra
3023 508 3196 581 bona,
3230 516 3287 569 et
3330 511 3661 589 gloriﬁcent

252 608 286 636 «
317 582 594 656 Nunquid
627 599 743 639 non
773 600 880 658 ego
906 585 1289 659 Dominus,et
1318 605 1432 644 non
1456 593 1547 645 est
1576 589 1730 645 ultra
1750 590 1906 647 Deus

253 674 479 747 absque
508 673 642 729 me?
674 677 825 729 Deus
847 674 1052 746 justus
1075 679 1133 732 et
1161 677 1395 733 salvans
1426 695 1544 733 non
1575 682 1665 733 est
1695 682 1907 752 praeter

253 779 368 819 me.
404 785 433 812 »
466 763 531 818 In
562 762 729 819 Patre
759 766 849 819 est
878 762 1083 833 Filius,
1118 768 1176 821 et
1204 765 1264 821 in
1298 765 1441 823 Filio
1477 767 1761 823 subaudis
1793 768 1905 823 Pa-

250 856 362 909 ter.

326 962 355 991 ‹‹
381 939 798 997 Convertimini
828 942 902 999 ad
934 960 1046 1013 me,
1071 946 1131 1000 et
1158 943 1303 1000 salvi
1334 944 1518 1014 eritis,
1533 962 1738 1002 omnes
1756 946 1903 1002 ﬁnes

248 1034 440 1087 terrae.
475 1052 504 1082 »
538 1030 954 1087 Convertimini
987 1032 1058 1088 ad
1106 1033 1283 1089 ﬁdem
1328 1051 1519 1090 meam
1552 1035 1624 1090 ab
1656 1034 1904 1091 idolola-

247 1119 384 1187 tria,
417 1136 621 1176 omnes
651 1123 876 1193 gentes,
908 1125 967 1178 et
994 1121 1229 1178 salvabo
1257 1140 1361 1179 vos
1390 1124 1464 1179 ab
1509 1123 1747 1179 interitu
1798 1142 1901 1198 ge-

247 1209 483 1265 hennae.
516 1208 736 1281 Impleo
766 1209 939 1281 illud,
971 1212 1127 1283 quod
1160 1211 1327 1267 Pater
1374 1212 1518 1269 Filio
1569 1214 1904 1285 repromisit

249 1296 454 1354 dicens
485 1314 500 1353 :
536 1320 563 1349 «
596 1298 834 1355 Postula
862 1316 898 1354 a
923 1315 1037 1368 me,
1064 1302 1120 1355 et
1149 1299 1299 1355 dabo
1331 1300 1435 1356 tibi
1468 1305 1670 1374 gentes
1720 1302 1901 1357 haere-

248 1386 500 1443 ditatem
560 1390 747 1453 tuam,
799 1390 858 1443 et
912 1388 1347 1460 possessionem
1402 1394 1567 1446 tuam
1619 1392 1901 1447 terminos

248 1480 420 1532 terrae
450 1477 623 1545 (Psat.
657 1478 743 1545 ιι).
777 1498 806 1528 »
836 1477 1080 1533 Addidit
1110 1478 1182 1533 de
1212 1479 1529 1551 semetipso
1564 1497 1577 1535 :
1740 1480 1769 1498 ⁶

321 1587 351 1615 «ι
378 1563 580 1621 Juravi
610 1586 640 1616 »
672 1581 778 1639 ego
809 1565 965 1622 Deus
1007 1565 1209 1637 Pater,‘
1228 1567 1514 1623 subaudis
1564 1570 1718 1641 quod
1766 1587 1900 1625 sen-

248 1652 436 1710 tentia
460 1652 579 1710 oris
599 1652 713 1709 mei
744 1657 803 1710 et
819 1654 1065 1710 verbum
1096 1656 1252 1728 quod
1279 1656 1457 1711 semel
1476 1658 1692 1729 protuli
1723 1658 1793 1713 de
1816 1676 1903 1714 sa-

246 1741 371 1799 lute
399 1742 686 1816 gentium,
720 1758 1097 1815 nequaquam
1130 1743 1364 1799 irritum
1395 1744 1496 1801 ﬁet
1528 1762 1541 1800 :
1576 1746 1677 1801 sed
1728 1764 1900 1820 Opere

245 1830 610 1936 implebitur.
635 1831 760 1887 Non
787 1831 1075 1936 debemus
1104 1837 1312 1905 putare
1344 1834 1495 1906 quod
1527 1835 1899 1936 omnipotens
1926 1873 1975 1936 Β

245 1920 406 1977 Deus
426 1920 591 1992 juret
619 1936 723 1993 per
752 1919 985 1990 aliquod
1010 1921 1449 1993 juramentum:
1470 1924 1570 1979 sed
1592 1924 1796 1995 jurare
1817 1925 1900 1981 di-

246 2009 577 2082 citur,quia
604 2026 796 2066 sermo
824 2008 988 2066 illius
1016 2010 1397 2066 ﬁrmissimus
1421 2015 1480 2067 et
1508 2012 1899 2072 immutabilis

245 2102 358 2155 est.
391 2122 421 2149 ‹‹
454 2098 799 2171 Egredietur
845 2100 917 2155 de
966 2116 1065 2155 ore
1114 2116 1245 2156 meo
1288 2102 1537 2173 justitiae
1565 2102 1829 2170 verbum,
1866 2126 1895 2154 »

166 2221 175 2226 ν
243 2187 358 2243 hoc
388 2191 479 2257 est
507 2186 690 2244 Filius
717 2204 885 2244 meus
915 2188 1337 2258 incarnabitur,
1373 2190 1474 2263 qui
1520 2194 1610 2247 est
1638 2191 1895 2249 Verbum

245 2274 572 2345 meum,vel
602 2276 779 2332 etiam
809 2277 1100 2333 sententia
1119 2278 1563 2350 justiﬁcationis
1593 2296 1697 2352 per
1716 2298 1896 2353 quam

238 2365 637 2438 justiﬁcandze
685 2368 825 2421 sunt
874 2370 1100 2439 gentes,
1131 2387 1160 2417 «
1190 2370 1247 2423 et
1290 2385 1406 2424 non
1456 2372 1777 2425 revertetur
1821 2371 1894 2427 ad

244 2470 341 2510 me
374 2476 403 2503 ››
436 2452 620 2510 Filius
651 2470 820 2511 meus
851 2471 988 2511 cum
1019 2461 1326 2529 assumpta
1364 2473 1556 2523 carne,
1588 2459 1773 2515 donec
1802 2477 1897 2516 re-

244 2543 436 2600 dimat
452 2560 640 2617 genus
670 2543 1024 2600 humanum.
1036 2544 1141 2601 Vel
1157 2561 1349 2602 sermo
1365 2550 1423 2602 et
1452 2547 1744 2603 sententia
1759 2565 1900 2620 pra:-

244 2632 557 2689 dicationis
590 2649 705 2688 non
728 2636 1048 2689 revertetur
1062 2634 1135 2690 ad
1167 2651 1259 2689 me
1290 2634 1416 2690 sine
1445 2636 1897 2704 fructu.Quare?

319 2720 468 2788 Quia
497 2720 644 2776 mihi
694 2721 1021 2777 curvabunt
1065 2738 1219 2795 genu
1269 2722 1486 2791 omnia,
1527 2746 1556 2775 »
1609 2726 1895 2783 subaudis

243 2827 461 2885 genera
500 2809 832 2875 hominum,
866 2826 994 2882 qua;
1045 2813 1217 2866 antea
1255 2809 1712 2868 incurvabantur
1758 2818 1895 2871 ante

244 2899 405 2956 idola
434 2916 449 2955 :
484 2903 541 2955 et
570 2916 685 2955 non
719 2898 908 2956 solum
940 2915 1134 2973 genua
1161 2900 1441 2973 corporis,
1476 2902 1574 2958 sed
1623 2903 1894 2960 voluntas

244 2988 488 3054 mentis,

314 3077 398 3133 De
428 3077 541 3133 hoc
569 3076 712 3133 dicit
741 3075 1070 3148 apostolus:
1106 3099 1136 3128 «
1168 3077 1231 3133 In
1262 3078 1500 3134 nomine
1521 3079 1752 3136 Domini
1773 3098 1893 3136 om-

246 3183 319 3222 ne
350 3181 508 3239 genu
537 3166 808 3221 ﬂectatur
834 3165 1064 3237 (Philip.
1096 3166 1180 3239 ιι),
1216 3189 1244 3215 ››
1293 3171 1402 3223 etc.
1437 3189 1466 3219 ‹‹
1493 3169 1564 3223 Et
1601 3169 1830 3240 jurabit
1858 3191 1887 3220 ››

2014 590 2243 647 Patrem
2274 597 2554 662 vestrum,
2589 596 2691 667 qui
2736 599 2827 652 est
2854 596 2914 652 in
2967 597 3128 655 ccelis
3180 600 3385 670 (Matth.
3417 603 3496 676 v).
3532 627 3560 655 »
3591 607 3664 663 Et

2014 678 2330 736 Psalmista
2365 699 2378 737 :
2417 683 2735 739 Laetabitur
2758 686 2963 756 justus
2991 685 3051 742 in
3081 687 3328 746 Domino
3376 695 3434 747 et
3462 709 3662 764 spera-

2013 767 2100 823 bit
2130 768 2189 824 in
2215 786 2304 836 eo,
2335 774 2392 826 et
2421 770 2820 828 laudabuntur
2846 791 3049 833 omnes
3094 777 3234 833 recti
3285 778 3457 835 corde
3487 779 3658 854 (Psal.

2014 859 2190 927 LXIII).

2608 985 2842 1042 CAPUT
2872 988 3063 1044 XLVI.

2084 1146 2112 1172 «
2143 1123 2441 1180 Conﬁatus
2474 1127 2852 1197 (confractus)
2881 1133 2970 1184 est
2999 1130 3163 1198 Bel,»
3193 1131 3251 1189 id
3284 1137 3373 1190 est
3404 1135 3463 1192 in
3488 1153 3661 1211 pecu-

2011 1212 2121 1267 nias
2153 1213 2407 1285 pretium
2441 1215 2711 1270 redactus
2741 1219 2848 1272 est.
2865 1240 2893 1266 ‹‹
2908 1218 3207 1276 Contritus
3237 1226 3327 1278 est
3350 1225 3599 1282 Naboth.
3626 1249 3655 1277 ››

2011 1301 2147 1356 Post
2176 1302 2537 1358 vocationem
2567 1304 2857 1375 gentium,
2882 1305 3079 1361 statim
3112 1310 3493 1384 subjungilur
3522 1315 3660 1371 sub-

2008 1388 2197 1445 versio
2228 1389 2538 1446 idolorum.
2564 1390 2659 1447 Bel
2690 1392 2809 1449 sive
2840 1393 3129 1451 Saturnus
3160 1396 3383 1454 idolum
3413 1399 3524 1455 fuit
3552 1403 3659 1458 Ba~

2010 1477 2377 1552 byloniorum
2411 1480 3020 1554 primum.Posteaque
3041 1484 3113 1539 ab
3143 1484 3258 1541 illis
3281 1494 3663 1562 sumpserunt

2010 1572 2067 1622 et
2096 1566 2221 1623 aliae
2265 1572 2490 1640 gentes.
2524 1568 2727 1625 Dictus
2757 1573 2849 1625 est
2877 1575 3076 1626 autem
3108 1574 3227 1642 Bel,
3264 1592 3298 1631 a
3328 1575 3463 1633 Belo
3491 1583 3656 1651 patre

2007 1655 2147 1710 vini.
2181 1656 2469 1729 Tantique
2499 1657 2737 1714 honoris
2771 1662 2829 1714 et
2858 1658 3157 1731 religionis
3197 1663 3308 1718 fuit
3353 1668 3508 1737 apud
3559 1685 3660 1725 ve-

2008 1748 2255 1810 teres,ut
2282 1744 2335 1800 ei
2365 1763 2481 1801 non
2515 1744 2705 1802 solum
2729 1746 3020 1804 humanas
3052 1748 3275 1807 hostias
3294 1754 3656 1825 captivorum

2006 1831 2610 1905 ignobiliumque,sed
2642 1835 2883 1907 insuper
2912 1853 3052 1892 suos
3077 1837 3228 1894 ﬁlios
3258 1839 3653 1900 immolarent.

2006 1920 2235 1976 Naboth
2268 1925 2326 1977 et
2354 1922 2550 1994 ipsum
2581 1922 2805 1978 idolum
2837 1926 3055 1992 est,sed
3073 1943 3186 1981 non
3204 1932 3295 1983 est
3313 1928 3373 1984 in
3393 1929 3505 1987 isto
3526 1931 3653 1989 loco

2007 2010 2265 2080 positum
2294 2028 2399 2083 pro
2421 2011 2704 2081 idolo,sed
2738 2030 2841 2085 pro
2864 2013 3343 2086 interpretatione
3363 2019 3656 2077 suinomi-

2006 2097 2121 2154 nis.
2156 2098 2581 2172 Interpretatur
2607 2101 2764 2156 enim
2793 2103 3079 2173 prophetia
3120 2105 3235 2160 sive
3263 2106 3551 2166 divinatio.
3584 2111 3655 2166 Et

2007 2188 2333 2243 notandum
2363 2188 2505 2261 quia
2533 2205 2667 2244 cum
2700 2189 2846 2245 dixit
2875 2192 3162 2248 conﬂatus
3201 2197 3291 2249 est
3321 2194 3438 2264 Bel,
3470 2198 3653 2270 proti-

2006 2293 2119 2332 nus
2148 2277 2470 2348 subjunxit,
2505 2278 2794 2334 contritus
2819 2283 2907 2335 est
2934 2280 3161 2336 Naboth
3196 2298 3208 2337 :
3235 2299 3270 2337 a
3299 2284 3655 2355 specietran-

2006 2363 2141 2420 sivit
2169 2365 2239 2420 ad
2273 2381 2482 2438 genus,
2509 2365 2852 2439 signiﬁcans
2884 2367 3026 2439 quia
3069 2373 3202 2441 post
3248 2371 3653 2429 ascensionem

2005 2453 2238 2509 Domini
2271 2455 2788 2527 apostolorumque
2817 2457 3313 2527 praedicationem,
3339 2476 3487 2532 pene
3518 2461 3656 2517 uni-

2004 2558 2171 2597 versa
2202 2541 2358 2598 idola
2388 2543 2640 2597 conflata
2668 2548 2807 2598 sunt
2836 2548 2893 2598 et
2922 2545 3157 2600 redacta
3186 2546 3257 2601 ad
3290 2547 3563 2619 nihilum,
3598 2554 3657 2606 et

2005 2630 2199 2686 cultus
2230 2648 2295 2686 ac
2319 2630 2521 2703 religio
2537 2647 2739 2686 eorum
2764 2631 3004 2704 insuper
3015 2634 3208 2689 omnis
3225 2636 3535 2708 prophetia
3547 2638 3656 2693 daa-

2004 2736 2247 2774 monum
2279 2722 2336 2774 et
2366 2718 2647 2775 divinatio
2680 2737 2987 2793 magorum
3020 2720 3330 2778 hominum
3381 2725 3650 2781 cessavit.

2005 2828 2037 2860 ‹‹
2065 2809 2238 2863 Facta
2268 2810 2408 2863 sunt
2438 2806 2754 2863 simulacra
2785 2826 3009 2874 eorum,
3028 2831 3055 2859 »
3079 2811 3363 2867 subaudis
3383 2812 3648 2884 deorum,

2003 2918 2031 2946 ‹‹
2065 2895 2271 2951 bestiis
2301 2899 2360 2951 et
2380 2896 2728 2967 jumentis,»
2760 2896 2817 2951 id
2848 2902 2940 2953 est
2971 2901 3036 2952 ut
3066 2899 3534 2958 adorarenturab
3550 2901 3653 2958 ho-

2001 2982 2453 3049 minibus,more
2469 2984 2792 3040 bestiarum
2810 2988 2866 3040 et
2872 2986 3277 3057 jumentorum
3289 2988 3643 3047 viventibus.

2002 3095 2030 3123 «
2066 3072 2249 3127 Homo
2280 3072 2438 3127 enim
2469 3072 2645 3143 (sicut
2674 3072 2816 3128 dicit
2846 3073 3176 3145 Psalmista)
3199 3092 3335 3131 cum
3350 3074 3410 3132 in
3428 3076 3648 3136 honore

1999 3164 2155 3216 esset
2183 3177 2300 3215 non
2333 3159 2638 3229 intellexit,
2672 3166 3045 3234 comparatus
3075 3167 3165 3220 est
3185 3164 3475 3235 jumentis
3511 3166 3653 3224 insi-

242 3254 460 3327 inquit,
496 3276 525 3303 «
559 3251 751 3310 omnis
801 3252 1023 3327 lingua,
1058 3275 1087 3302 »
1119 3254 1404 3311 subaudis
1446 3239 1616 3311 mihi,
1667 3257 1729 3311 In
1778 3257 1889 3313 hoc
1920 3239 1963 3305 C
2001 3249 2301 3323 pientibus
2330 3251 2502 3318 (Psal.
2535 3268 2710 3307 xnvm
2736 3258 2789 3307 et
2816 3254 3060 3321 cxxxw),
3097 3274 3126 3302 »
3175 3257 3234 3309 et
3279 3254 3524 3328 reliqua.
3580 3258 3653 3314 Et

239 3342 372 3399 loco
398 3342 653 3399 maxime
682 3342 826 3398 ﬁdes
858 3343 1121 3415 gentium
1152 3343 1504 3399 ostenditur.
1518 3344 1645 3400 Non
1675 3344 1890 3402 idcirco

239 3448 439 3488 sermo
469 3431 703 3487 divinus
731 3430 847 3486 ista
873 3430 1155 3503 loquitur,
1188 3432 1346 3504 quod
1371 3433 1572 3504 jurare
1602 3450 1709 3489 nos
1739 3450 1891 3506 pra:-

238 3520 427 3593 cipiat
457 3536 471 3575 :
506 3520 609 3576 sed
639 3518 833 3576 omnis
862 3536 1054 3576 sermo
1083 3520 1546 3576 Christianorum
1570 3523 1778 3579 ﬁrmus
1799 3524 1895 3579 de-

238 3608 344 3664 bet
372 3624 523 3675 esse,
557 3607 726 3680 quasi
758 3608 872 3664 sub
895 3608 1234 3680 juramento
1267 3624 1281 3663 :
1315 3613 1381 3664 ut
1410 3609 1510 3681 qui
1555 3610 1708 3666 ﬁlios
1735 3611 1891 3667 veri-

235 3696 385 3752 tatis
412 3712 477 3751 se
506 3696 859 3752 conﬁtentur
888 3712 1037 3765 esse,
1069 3696 1373 3754 veritatem
1404 3714 1473 3753 ex
1503 3700 1675 3756 corde
1705 3703 1764 3756 et
1793 3717 1892 3756 ore

238 3784 562 3858 proferant.

314 3895 345 3923 ‹‹
377 3872 528 3945 Ergo
577 3871 638 3928 in
677 3872 925 3929 Domino
960 3891 973 3929 :
1008 3872 1155 3929 dixit
1200 3872 1455 3947 populus
1501 3874 1888 3945 Christianus,

240 3985 271 4012 ‹‹
304 3961 447 4017 Meae
478 3965 617 4018 sunt
638 3961 884 4033 justitiaz
915 3984 944 4013 »
977 3961 1124 4035 legis
1154 3966 1213 4018 et
1241 3962 1646 4035 Evangeliizac
1672 3964 1891 4037 baptis-

234 4066 376 4105 mus
404 4053 463 4105 et
492 4049 683 4123 gratia
706 4050 895 4106 sancti
927 4050 1202 4123 Spiritus,
1243 4068 1357 4106 non
1407 4050 1622 4124 populo
1661 4052 1892 4109 Judzeo-

234 4156 398 4207 rum,
434 4159 463 4189 ‹‹
498 4142 556 4193 et
588 4139 925 4211 imperium,
962 4162 989 4187 ››
1022 4139 1310 4195 subaunis
1358 4155 1464 4212 ego
1511 4140 1747 4196 obtineo
1791 4159 1894 4213 per

235 4227 586 4284 universum
617 4228 815 4284 orbem
841 4246 855 4296 ;
895 4251 921 4278 ‹‹
955 4229 1027 4283 ad
1058 4245 1193 4284 eum
1228 4250 1257 4278 »
1288 4228 1347 4283 id
1374 4233 1462 4284 est
1492 4230 1564 4284 ad
1596 4229 1892 4286 Christum

234 4336 267 4365 ‹‹
299 4315 538 4371 venient
569 4331 777 4371 omnes
810 4337 839 4365 »
868 4319 1093 4389 gentes,
1129 4320 1283 4372 recte
1328 4317 1616 4373 credendo
1662 4323 1721 4374 et
1749 4319 1894 4375 bene

231 4402 554 4471 vivendo,«
582 4409 642 4460 et
672 4405 1106 4460 confundentur
1133 4428 1161 4454 η
1193 4405 1254 4460 in
1285 4423 1392 4461 suo
1421 4422 1614 4463 errore
1637 4429 1665 4456 «
1690 4423 1895 4464 omnes

236 4490 344 4564 qui
380 4496 713 4565 repugnant
741 4493 793 4549 ei
829 4514 858 4543 »
887 4496 1230 4565 respuentes
1260 4509 1561 4551 sermones
1590 4495 1893 4566 ejus.Con-

236 4580 569 4636 fundentur
597 4580 931 4653 quidem,id
954 4584 1045 4637 est
1072 4581 1417 4637 erubescant
1446 4583 1517 4638 de
1548 4583 1673 4639 suis
1695 4583 1887 4653 malis,
1922 4602 1973 4669 Β

238 4673 306 4724 ut
336 4686 457 4724 non
489 4673 750 4741 pereant,
787 4669 888 4726 sed
920 4673 988 4725 ut
1034 4669 1354 4742 potentiam
1385 4675 1583 4743 agant,
1617 4671 1772 4727 sicut
1799 4671 1891 4727 di-

235 4757 319 4813 cit
363 4756 731 4829 Apostolus:
784 4781 812 4809 «
865 4760 1049 4824 Quem
1098 4775 1236 4830 ergo
1286 4758 1536 4813 fructum
1597 4759 1891 4816 habuistis

236 4850 383 4901 tunc
434 4847 493 4901 in
529 4846 746 4916 quibus
795 4863 950 4902 nunc
988 4845 1332 4902 erubescitis
1363 4847 1536 4914 (Rom.
1569 4848 1646 4917 v1)
1668 4849 1697 4902 Ἰ
1728 4870 1756 4898 ››
1790 4849 1892 4905 Vel

241 4938 399 4989 certe
430 4934 514 4989 illi
549 4934 649 5007 qui
682 4934 740 4989 in
772 4953 878 4991 suo
917 4952 1111 4991 errore
1160 4936 1608 5006 permanserint,
1642 4937 1889 4991 confun—

243 5023 464 5077 dentur
494 5022 554 5077 in
584 5022 680 5079 die
700 5024 933 5094 judicii,
966 5022 1271 5079 audientes
1314 5040 1351 5079 a
1400 5024 1644 5080 Domino
1676 5042 1690 5080 :
1724 5049 1752 5075 «
1788 5027 1890 5095 Ite,

243 5108 567 5179 maledicti,
601 5110 661 5165 in
692 5111 889 5183 ignem
919 5114 1199 5167 mternum
1230 5110 1441 5180 (Matth.
1472 5115 1626 5181 xxv).
1664 5135 1690 5162 ι»

314 5219 346 5249 ‹‹
377 5198 444 5254 In
477 5198 724 5255 Domino
747 5198 1177 5270 justiﬁcabitur
1209 5220 1238 5249 »
1268 5200 1330 5254 in
1360 5201 1631 5271 praesenti
1662 5218 1764 5273 per
1792 5190 1894 5258 ba-

236 5285 553 5358 ptismum,
571 5289 629 5342 et
657 5303 760 5360 per
789 5286 1260 5359 pcnnitentiam,«
1281 5291 1339 5343 et
1367 5287 1705 5344 laudabitur
1722 5307 1896 5347 omne

235 5392 441 5432 semen
469 5375 671 5445 Israel,
696 5398 722 5425 »
743 5375 852 5432 hoc
881 5380 972 5431 est
1001 5376 1196 5432 omnis
1227 5376 1442 5433 chorus
1472 5378 1892 5449 apostolorum,

232 5462 327 5519 vel
357 5465 463 5536 qui
494 5464 565 5520 de
596 5481 798 5520 eorum
831 5463 1012 5537 stirpe
1063 5463 1522 5535 pullulaverunt,
1554 5471 1612 5521 et
1641 5468 1892 5525 credide-

236 5556 382 5607 runt
410 5551 471 5607 in
502 5552 735 5610 Christo
763 5552 1050 5621 habentes
1073 5554 1373 5626 justitiam
1397 5558 1454 5608 et
1482 5553 1728 5627 gloriam
1746 5573 1895 5613 sem-

238 5640 563 5714 piternam.
590 5642 673 5700 De
700 5642 810 5700 hac
856 5640 1192 5700 laudatione
1220 5646 1280 5699 et
1307 5640 1494 5716 gloria
1522 5641 1662 5701 dicit
1690 5643 1891 5703 Domi-

2001 3362 2030 3390 ‹‹
2065 3337 2288 3394 similes
2320 3337 2437 3394 illis
2457 3339 2601 3394 ﬁant
2631 3340 2729 3411 qui
2748 3340 2968 3396 faciunt
2983 3341 3268 3398 ea.0nera
3282 3347 3474 3400 vestra
3489 3344 3651 3418 gravi

1999 3429 2256 3501 pondere
2304 3444 2493 3500 usque
2538 3428 2610 3483 ad
2660 3427 3073 3486 lassitudinem
3123 3432 3572 3490 contabuerunt.
3617 3456 3646 3486 ››

2000 3518 2190 3573 Onera
2217 3516 2497 3584 vestra,id
2527 3521 2618 3572 est
2649 3516 2966 3574 simulacra
2993 3523 3187 3574 vestra
3215 3520 3374 3593 gravi
3392 3522 3652 3593 pondere

2001 3605 2278 3673 sunt,hoc
2309 3609 2399 3660 est
2426 3622 2643 3678 magna
2672 3607 2932 3677 pondera
2962 3605 3331 3661 metallorum
3363 3607 3423 3662 in
3454 3625 3516 3664 se
3546 3608 3651 3664 ha~

1999 3694 2159 3749 bent.
2185 3692 2289 3748 Vel
2321 3693 2502 3747 etiam
2535 3692 2648 3748 alio
2681 3694 2852 3747 modo
2879 3708 2894 3747 :
2919 3692 3250 3749 Simulacra
3277 3698 3471 3750 vestra
3501 3694 3650 3751 nihil

2000 3784 2141 3836 sunt
2171 3779 2329 3836 aliud
2364 3779 2479 3834 nisi
2512 3796 2690 3834 onera
2720 3781 3088 3835 sacerdotum
3128 3785 3188 3837 et
3235 3782 3594 3853 portantium
3626 3801 3641 3841 :

2001 3866 2392 3942 deprimentia
2422 3884 2610 3939 usque
2641 3868 2713 3923 ad
2744 3867 3177 3924 lassitudinem.
3210 3868 3653 3928 Contabuerunt

2001 3959 2131 4030 ipsa
2161 3954 2499 4022 simulacra,
2534 3955 2591 4009 id
2623 3959 2712 4011 est
2758 3956 3118 4025 defecerunt,
3149 3957 3478 4014 annihilata
3507 3964 3651 4016 sunt

2001 4049 2136 4120 post
2167 4043 2591 4101 ascensionem.
2627 4045 2713 4100 Ita
2744 4042 3007 4116 loquitur
3036 4046 3323 4119 Propheta
3352 4048 3422 4103 de
3454 4048 3649 4106 futuro

2002 4135 2172 4207 quasi
2203 4134 2274 4189 de
2304 4133 2620 4205 praeterito.
2656 4157 2682 4182 ‹‹
2718 4132 2842 4189 Non
2874 4137 3191 4205 potuerunt
3221 4134 3324 4190 illa
3354 4159 3383 4186 »
3415 4136 3653 4195 simula-

2003 4242 2103 4280 cra
2131 4247 2159 4274 ‹‹
2194 4223 2419 4279 salvare
2448 4226 2780 4295 portantem
2814 4246 2843 4271 ››
2876 4240 2937 4279 se
2985 4224 3056 4280 de
3104 4223 3498 4296 tribulatione,
3531 4250 3561 4279 «
3594 4231 3654 4285 et

2003 4313 2203 4370 anima
2230 4328 2456 4377 eorum,
2490 4334 2519 4361 »
2569 4312 2627 4366 id
2676 4315 2767 4367 est
2794 4311 3233 4383 fabricantium,
3266 4315 3651 4387 portantium,

2003 4401 2320 4459 colentium
2353 4424 2381 4451 «
2414 4400 2473 4455 in
2515 4400 2908 4472 captivitatem
2950 4423 2978 4451 ››
3029 4403 3364 4458 daemonum
3398 4424 3428 4454 «
3458 4403 3586 4460 ibit.
3622 4427 3652 4454 »

2003 4492 2130 4548 Non
2161 4494 2250 4548 est
2280 4491 2631 4563 putandum,
2652 4492 2807 4562 quod
2841 4490 3156 4546 simulacra
3180 4494 3346 4547 muta
3372 4495 3433 4547 et
3462 4491 3656 4549 insen-

2005 4580 2201 4637 sibilia
2230 4579 2490 4635 animam
2524 4578 2809 4653 habeant;
2844 4580 2945 4634 sed
2976 4579 3047 4633 de
3089 4578 3288 4634 anima
3333 4578 3651 4638 colentium

2004 4669 2226 4725 dictum
2260 4671 2509 4723 constat.

2071 4780 2099 4807 ‹‹
2130 4756 2340 4811 Audite
2369 4756 2708 4822 me,domus
2737 4755 3003 4824 Jacob,et
3032 4772 3206 4811 omne
3236 4757 3537 4815 residuum
3555 4760 3653 4816 do-

2001 4863 2136 4901 mus
2166 4844 2362 4899 Israel.
2402 4867 2428 4893 ››
2461 4845 2585 4897 Νυη
2619 4843 2765 4899 dixit
2804 4862 2817 4899 :
2858 4845 3056 4901 audite
3104 4864 3220 4915 me,
3252 4847 3401 4903 servi
3433 4849 3568 4914 mei,
3592 4852 3652 4905 et

2000 4934 2167 4990 electi
2198 4933 2335 4996 mei,
2368 4950 2501 4987 cum
2534 4933 2857 5005 adjectione
2887 4934 3149 5003 honoris,
3171 4936 3273 4992 sed
3302 4936 3513 4992 Audite
3533 4939 3648 5004 me,

2002 5024 2215 5079 domus
2243 5022 2445 5089 Jacob,
2466 5021 2524 5076 id
2557 5026 2647 5077 est
2676 5022 2805 5078 duae
2838 5024 3029 5079 tribus
3057 5024 3232 5092 Juda,
3256 5024 3561 5097 Benjamin
3583 5042 3651 5082 ac

2003 5111 2137 5168 Levi
2171 5109 2486 5167 carnaliter
2513 5110 2858 5178 viventes,et
2887 5112 3057 5185 longe
3087 5130 3121 5168 a
3152 5129 3246 5168 me
3266 5113 3599 5170 recedentes
3632 5130 3648 5169 :

2004 5204 2062 5257 et
2086 5216 2259 5255 omne
2290 5198 2594 5255 residuum
2631 5199 2838 5255 domus
2870 5200 3067 5267 Israel,
3099 5200 3208 5256 hoc
3255 5204 3346 5257 est
3391 5200 3650 5274 reliquiae

2005 5291 2207 5345 decem
2236 5288 2520 5356 tribuum,
2559 5305 2684 5359 quae
2717 5288 2990 5344 similiter
3018 5306 3121 5361 per
3152 5289 3490 5345 idololatria
3519 5289 3652 5347 cul-

2003 5382 2195 5433 turam
2229 5396 2264 5432 a
2293 5393 2388 5431 me
2411 5375 3007 5443 recessistis.Quando
3027 5378 3315 5450 Propheta
3328 5377 3444 5435 ista
3456 5378 3655 5452 loque-

2004 5468 2195 5534 batur,
2230 5469 2349 5519 tres
2380 5464 2572 5520 tribus
2603 5464 2795 5520 adhuc
2826 5467 3209 5521 morabantur
3236 5467 3295 5521 in
3325 5468 3652 5535 Judaaa,de-

2004 5574 2129 5614 cem
2178 5571 2312 5609 vero
2354 5554 2481 5624 jam
2532 5554 2717 5608 ductae
2769 5560 2936 5610 erant
2965 5555 3024 5611 in
3055 5554 3325 5628 Assyrios
3356 5574 3370 5613 :
3399 5555 3653 5630 ideoque

2004 5644 2148 5703 dixit
2176 5641 2478 5700 residuum
2528 5642 2739 5698 domus
2794 5642 2993 5700 Israel.
3027 5645 3189 5712 Quod
3239 5649 3437 5704 autem
3488 5646 3655 5704 addit
