4106 6190
439 338 557 423 esi

799 340 1208 402 HAYMONIS
1254 338 1788 417 HALBEss'nAT.
1833 338 2076 417 EPISC.
2343 337 2562 418 Ρᾼιιε.
2610 338 2658 400 ι.
2709 372 2783 382 -
2826 336 3235 400 COMMENT.
3277 337 3476 400 BlBL.

3721 339 3867 409 953:-

440 495 470 523 «
501 470 599 545 qui
633 471 945 546 portamini
977 489 1012 526 a
1041 487 1169 527 meo
1200 473 1387 537 utero,
1410 471 1511 545 qui
1541 472 1855 545 gestamini
1886 490 1921 529 a
1950 489 2082 528 mea
2108 472 2169 553 Αε
2191 474 2250 526 et
2299 471 2372 527 ab
2425 470 2592 527 initio
2627 492 2655 519 ››
2688 473 3089 528 creaturarum
3142 491 3171 519 n
3218 485 3348 541 quae
3389 471 3641 536 necdum
3688 472 3844 535 facta

440 562 671 630 vulva,»
706 578 821 617 non
852 560 1137 617 debemus
1154 564 1365 632 putare
1394 561 1578 617 Deum
1600 562 2080 634 omnipotentem,

438 639 538 724 qui
567 650 811 723 spiritus
839 648 1170 717 est,babere
1193 649 1422 721 vulvam
1453 655 1558 706 aut
1585 655 1815 722 uterum
1837 652 1964 707 :sed
1983 668 2085 724 per

438 740 671 805 vulvam
703 741 761 793 et
808 741 1060 805 uterum,
1091 738 1464 795 clementiam
1512 744 1569 795 et
1616 739 2081 796 misericordiam

435 827 597 883 illius
629 827 911 882 debemus
942 827 1265 901 intelligere
1286 845 1403 900 qua
1424 830 1883 903 protegimur.Et
1902 847 2084 902 quan-

431 922 560 973 tum
590 917 663 971 ad
695 915 951 971 litteram
984 916 1257 988 pertinet,
1290 917 1478 972 instar
1514 934 1829 988 puerorum
1864 935 1929 973 ac
1961 918 2076 974 lac-

430 1004 811 1072 tentium,ille
844 1004 1095 1077 populus
1127 1005 1210 1060 ita
1240 1006 1382 1061 adeo
1407 1005 1575 1078 quasi
1606 1007 1812 1084 matris
1834 1007 1890 1062 in
1916 1012 2079 1063 utero

430 1098 499 1159 et.
518 1094 690 1151 vulva
718 1093 1076 1167 praegnantis
1106 1111 1174 1150 ex
1195 1095 1437 1168 )Egypto
1471 1099 1737 1167 portatus
1767 1101 1857 1152 est
1889 1097 1945 1152 in
1972 1102 2083 1153 ter-

430 1201 557 1261 ram
610 1183 1131 1257 repromissionis:
1169 1187 1458 1256 quantum
1508 1201 1642 1239 vero
1691 1186 1763 1240 ad
1810 1184 2079 1242 altiorem

429 1273 792 1335 intellectum
823 1272 1051 1339 attinet,
1085 1276 1349 1345 portatus
1378 1277 1467 1329 est
1494 1290 1529 1329 a
1549 1272 1649 1328 Dei
1681 1273 2082 1332 misericordia

429 1379 534 1436 per
564 1363 887 1430 desertum,
921 1360 1061 1433 quia
1092 1359 1378 1416 sustinuit
1406 1378 1542 1416 eum
1592 1366 1933 1434 peccantem
1973 1381 2081 1419 no-

429 1449 556 1505 lens
588 1449 787 1505 statim
820 1453 1041 1504 tantem
1070 1447 1515 1505 multitudinem
1553 1449 1764 1506 delere.
1800 1450 2083 1510 Similiter

430 1542 747 1610 postquam
780 1536 1104 1593 introduxit
1134 1554 1268 1593 eum
1309 1538 1369 1594 in
1399 1542 1615 1595 terram
1645 1540 1923 1597 omnibus
1955 1559 2080 1599 me-

427 1625 659 1695 liorem,
691 1631 751 1682 et
781 1625 877 1681 ille
900 1627 974 1681 ab
1022 1642 1089 1681 eo
1121 1642 1274 1699 saepe
1306 1628 1644 1684 recessisset
1674 1628 1913 1685 irritans
1945 1649 2079 1687 eum

431 1717 504 1773 ad
550 1716 917 1774 iracundiam
968 1717 1264 1773 adoranda
1320 1717 1493 1785 idola,
1546 1717 1646 1774 diu
1696 1720 1979 1777 sustinuit
2025 1725 2084 1777 et

2194 563 2357 627 sunt,
2394 582 2422 609 ››
2455 559 2744 616 subaudis
2773 576 2879 632 ego
2908 558 3275 628 annuntiavi.
3305 559 3437 616 Acsi
3463 558 3686 618 diceret
3713 561 3847 625 aliis

2189 647 2383 705 verbis
2418 665 2431 703 :
2466 648 2618 717 Sunt
2647 647 2728 702 dii
2761 646 3105 719 manufacti,
3135 647 3586 721 sed‘noqueunt
3611 667 3843 707 annun-

2191 739 2337 797 tiare
2372 740 2588 794 futura.
2620 739 2695 793 At
2721 755 2853 794 vero
2884 754 2990 811 ego
3017 737 3302 815 annuntio
3350 738 3424 794 ab
3449 740 3684 797 exordio
3736 758 3843 797 no-

2190 828 2524 893 vissimum,
2557 827 2665 882 hoc
2699 830 2790 882 est
2818 827 3135 882 adventum
3169 825 3299 882 Filii
3330 827 3465 895 mei,
3499 827 3841 895 electionem

2190 915 2608 990 apostolorum,
2642 914 3004 973 vocationem
3037 915 3323 988 gentium.
3355 915 3443 971 Ab
3470 918 3708 979 exordio
3738 936 3840 977 an-

2191 1005 2477 1062 nuntiavit
2513 1005 2830 1060 adventum
2850 1003 2978 1059 Filii
2998 1003 3186 1070 Dei,et
3200 1004 3556 1075 vocationem
3572 1006 3843 1079 gentium

2189 1093 2437 1166 loquens
2469 1094 2542 1149 ad
2573 1092 2899 1148 Abraham:
2926 1115 2953 1141 ‹‹
2992 1093 3055 1149 In
3086 1092 3314 1161 semine
3343 1098 3514 1163 tuo,»
3536 1094 3841 1159 hocest—in

2189 1182 2444 1253 Christo,
2477 1206 2504 1233 ‹‹
2540 1181 2960 1238 benedicentur
2987 1197 3198 1253 omnes.
3221 1186 3447 1255 gentes.
3467 1205 3496 1233 ››
3527 1184 3601 1240 Et
3625 1182 3729 1258 per
3745 1187 3840 1241 Ja-

2189 1272 2326 1329 cob:
2346 1296 2374 1322 ‹‹
2410 1273 2536 1328 Νοιι
2567 1271 2799 1327 deficiet
2828 1269 3100 1344 princeps
3130 1286 3201 1328 ex
3228 1270 3401 1341 Iuda,
3433 1271 3846 1335 donec-veniat

2191 1362 2291 1434 qui
2324 1360 2650 1417 mittendus
2681 1364 2790 1426 est,
2823 1364 2881 1415 et
2910 1358 3035 1431 ipse
3062 1359 3174 1417 erit
3195 1360 3557 1433 exspectatio
3572 1363 3845 1435 gentium

2189 1451 2344 1522 (Gen.
2376 1467 2514 1506 χχιιι
2540 1457 2592 1506 et
2620 1451 2794 1519 xux).
2832 1470 2861 1499 »
2892 1447 3174 1519 Similiter
3202 1465 3307 1521 per
3337 1449 3559 1519 Mosen,
3592 1467 3697 1524 per
3724 1452 3839 1517 ιλιι-

2187 1540 2284 1609 vid
2315 1544 2373 1597 et
2402 1556 2505 1613 per
2533 1542 2775 1597 caeteros
2796 1537 3139 1610 prophetas.
3173 1539 3364 1607 Quare
3399 1554 3536 1612 ergo
3563 1539 3711 1601 dixit
3738 1559 3838 1605 no-

2188 1628 2582 1688 vissimum?«
2611 1625 2757 1694 Quia
2784 1642 2921 1683 cum
2950 1625 3256 1698 plenitudo
3278 1627 3563 1699 ternporis
3580 1628 3839 1699 intravit,

2189 1717 2355 1773 misit
2372 1717 2527 1773 Deus
2545 1714 2754 1771 Filium
2777 1731 2953 1771 suum
2977 1714 3196 1783 factum
3218 1731 3287 1783 ex
3309 1714 3556 1786 muliere
3569 1717 3843 1788 (cauom

433 1805 685 1907 portavit
713 1805 1084 1906 iniquitatem
1116 1808 1265 1878 ejus,
1299 1807 1642 1908 priestolans
1671 1826 1805 1866 eum
1855 1811 1927 1866 ad
1960 1828 2078 1883 pce-
2109 1841 2162 1908 Β
2189 1807 2259 1863 Et
2285 1806 2555 1908 Joannes
2577 1804 2648 1860 de
2679 1803 2788 1908 hac
2820 1803 3032 1908 ultima
3072 1808 3251 1908 astate
3385 1804 3596 1907 Filioli,
3628 1806 3839 1881 inquit,

431 1894 740 1952 nitentiam
776 1912 789 1950 :
824 1895 978 1952 sicut
1006 1898 1065 1950 et
1094 1899 1229 1968 post
1269 1896 1603 1969 passionem
1636 1915 1804 1956 suam
1838 1916 1941 1973 per
1972 1918 2081 1956 an-

431 2001 540 2041 nos
568 1983 961 2058 quadraginta
989 1984 1157 2041 duos.

504 2096 533 2124 ‹‹
571 2073 768 2147 Usque
798 2074 872 2129 ad
901 2077 1219 2141 senectam,
1257 2096 1283 2123 ››
1324 2075 1609 2132 subaudis
1655 2081 1931 2145 vestram,
1966 2096 2081 2134 non

430 2179 679 2235 meam,«
701 2180 807 2236 ego
832 2162 1014 2235 ipse,»
1038 2163 1323 2220 subaudis
1345 2164 1607 2237 sum,qui
1624 2166 1895 2221 dixiolim
1911 2167 2077 2223 Mosi:

437 2273 465 2302 ‹‹
501 2253 618 2325 Ego
649 2269 783 2308 sum
814 2251 915 2324 qui
947 2269 1080 2308 sum
1112 2252 1303 2324 (Exod.
1337 2256 1421 2320 ιιι)
1447 2272 1459 2321 ;
1496 2275 1524 2304 »
1555 2254 1642 2310 vel
1683 2255 1861 2311 etiam
1893 2273 2082 2328 usque

427 2341 501 2397 ad
533 2344 830 2397 senectam
857 2344 1114 2396 vestram
1164 2357 1269 2414 ego
1313 2340 1437 2413 ipse
1488 2347 1788 2415 protegam
1836 2363 1937 2402 vos
1970 2370 1996 2395 ‹‹
2026 2351 2083 2403 et

428 2446 616 2501 usque
650 2428 720 2483 ad
749 2444 927 2483 canos
952 2450 979 2477 ››
1010 2431 1232 2483 vestros
1253 2445 1365 2484 non
1400 2432 1645 2498 meos,id
1679 2436 1770 2487 est
1798 2451 1984 2505 usque
2006 2436 2078 2490 ad

427 2517 585 2573 diem
629 2515 842 2587 judicii
874 2538 902 2565 «
937 2532 1043 2589 ego
1093 2517 1357 2589 portabo,
1393 2540 1421 2569 »
1468 2537 1571 2575 vos
1622 2521 1973 2579 sustinebo:
2019 2529 2084 2579 ut

433 2621 568 2663 cum
602 2603 905 2677 plenitudo
953 2605 1218 2679 gentium
1268 2606 1591 2678 intraverit,
1622 2626 1725 2667 vos
1775 2611 2079 2669 salvemini

434 2694 725 2765 credendo
754 2692 815 2750 in
868 2710 982 2751 me.
1017 2718 1045 2745 ‹‹
1079 2696 1197 2768 Ego
1250 2696 1358 2752 feci
1407 2714 1529 2766 vos,
1561 2701 1620 2754 et
1661 2715 1766 2772 ego
1811 2700 2015 2770 feram,
2052 2726 2079 2751 ››

434 2784 493 2841 id
524 2787 633 2854 est,
662 2799 768 2856 ego
799 2785 1144 2857 exspectabo
1173 2802 1275 2841 vos
1299 2786 1372 2842 ad
1404 2787 1803 2858 pcenitentiam
1835 2814 1862 2840 ‹‹
1896 2796 1954 2848 et
1972 2792 2084 2849 sal-

430 2873 578 2931 vabo
613 2895 640 2922 ››
673 2872 723 2929 si
756 2870 816 2927 in
845 2889 939 2928 me
969 2873 1202 2929 credere
1233 2872 1551 2932 volueritis.

507 2984 534 3012 ‹‹
569 2960 695 3029 Cui,
732 2983 761 3010 »
793 2961 1079 3019 subaudis
1128 2961 1236 3017 deo
1286 2964 1646 3033 manufacto,
1678 2987 1706 3015 «
1739 2966 2078 3024 assimilasti

433 3050 580 3106 me?
632 3073 660 3101 »
710 3050 878 3108 Nunc
927 3049 1179 3107 maxime
1225 3056 1428 3108 contra
1474 3051 1608 3109 illos
1658 3052 1938 3126 loquitur,
1979 3056 2079 3129 qui

428 3136 796 3210 temporibus
825 3137 1016 3193 Achaz
1045 3142 1103 3193 et
1133 3138 1387 3195 Ezechiae
1416 3138 1572 3199 idola
1597 3140 1921 3211 coluerunt,
1949 3149 2073 3201 sta-

428 3206 665 3280 tuentes
712 3241 783 3281 ea
829 3225 889 3279 in
938 3225 1215 3282 omnibus
1262 3227 1499 3300 angulis
1545 3206 1980 3300 platearumpet
2012 3233 2073 3292 in
2102 3206 2147 3274 α

400 3347 405 3351 ~
430 3310 640 3383 hortis,
674 3312 1151 3383 nemoribusque,
1183 3317 1240 3369 et
1270 3331 1447 3386 super
1474 3316 1700 3373 domos.

498 3422 527 3449 ‹‹
560 3398 704 3466 Quis
729 3400 1006 3456 confertis
1037 3417 1246 3457 aurum
1278 3403 1349 3457 de
1377 3403 1654 3459 sacculo»
1674 3406 1829 3463 sicut
1858 3411 2077 3482 tempo-

426 3488 598 3544 ribus
625 3490 816 3544 Aaron
848 3488 907 3544 in
941 3489 1192 3557 deserto,
1226 3512 1253 3540 «
1288 3495 1347 3547 et
1389 3496 1701 3565 argentum
1751 3495 1808 3550 in
1859 3500 2076 3555 statera

424 3576 762 3651 ponderatis
797 3600 825 3627 »
854 3576 1113 3633 volentes
1144 3576 1292 3635 scire
1330 3582 1620 3650 quantum
1663 3585 2074 3659 unusquisque

425 3666 632 3735 aﬂ‘erat
662 3666 857 3737 (Exod.
888 3666 1066 3739 χχχιι)
1099 3684 1113 3723 :
1147 3690 1174 3717 ‹‹
1206 3668 1621 3739 conducentes,
1653 3692 1681 3721 ››
1715 3670 1771 3726 id
1817 3677 1911 3730 est
1934 3691 2071 3733 con-

421 3759 696 3815 Vocantes
730 3778 758 3807 ‹‹
780 3755 1140 3825 aurificem,»
1158 3755 1267 3813 hoc
1287 3760 1377 3813 est
1398 3758 1751 3817 statuarium
1769 3783 1797 3811 ‹‹
1819 3766 1884 3818 ut
1899 3763 2074 3821 faciat

422 3845 590 3902 vobis
622 3846 798 3903 deum
834 3862 847 3901 :
879 3850 937 3903 et
966 3845 1275 3917 procidant
1307 3868 1336 3896 n
1367 3850 1501 3901 ante
1534 3846 1701 3905 illum
1732 3866 1938 3909 omnes
1967 3853 2071 3925 qui

423 3950 560 3991 eum
592 3935 995 4007 perspexerint
1025 3957 1053 3985 «
1083 3938 1142 3991 et
1169 3935 1413 3991 adorent
1440 3934 1608 4004 illud,
1641 3941 1699 3993 et
1735 3945 1971 4011 portant
2000 3942 2069 3997 il-

422 4022 525 4089 lud
561 4045 589 4072 ››
620 4022 1002 4080 simulacrum
1026 4024 1356 4080 sacerdotes
1378 4024 1449 4080 de
1468 4022 1593 4081 loco
1615 4027 1686 4082 ad
1709 4026 2072 4103 locum,quia

422 4128 540 4168 non
569 4110 722 4168 valet
744 4111 1006 4184 seipsum
1040 4128 1287 4179 movere,
1321 4134 1349 4163 ‹‹
1383 4116 1445 4168 et
1469 4114 1650 4170 stabit
1692 4115 1752 4171 in
1782 4133 1849 4173 eo
1879 4118 2003 4176 loco
2040 4142 2068 4171 ››

422 4198 523 4265 ubi
553 4198 814 4269 positum
847 4198 1064 4256 {uerita
1082 4216 1148 4257 ac
1177 4200 1248 4259 de
1280 4199 1405 4259 loco
1436 4217 1543 4259 suo
1560 4220 1672 4260 non
1697 4207 2066 4264 movebitur»

421 4302 531 4363 sua
555 4283 788 4343 virtute.
821 4308 848 4337 ‹‹
884 4286 997 4344 Sed
1026 4290 1085 4342 et
1132 4304 1267 4347 cum
1319 4287 1699 4348 clamaverint
1742 4294 1816 4350 ad
1868 4313 2003 4352 eum
2034 4320 2063 4349 ιι

421 4373 755 4435 sacerdotes
782 4378 841 4430 et
871 4374 1125 4431 cultores
1153 4375 1303 4446 ejus,
1337 4398 1365 4425 «
1400 4393 1516 4433 non
1556 4379 1757 4435 audiet
1786 4398 1906 4439 eos.
1941 4384 2063 4441 Me-

419 4466 677 4527 mentote
708 4462 862 4519 istud
891 4485 918 4512 »
936 4461 1335 4531 fabricatores,
1360 4463 1729 4538 cultoresque
1750 4468 2062 4541 idolorum,

2193 1893 2515 1951 novissima
2540 1892 2685 1950 hora
2707 1896 2799 1948 est
2826 1893 2873 1963 (Ι
2899 1893 3057 1963 Ιοαη.
3092 1895 3178 1963 ιι).
3213 1915 3244 1944 υ
3291 1894 3367 1961 Et
3400 1895 3681 1969 egregius.
3701 1914 3844 1969 pras-

2191 1984 2450 2040 dicator:
2475 2005 2504 2034 «
2536 1983 2654 2039 Nos
2683 1998 2917 2055 sumus,
2950 1981 3010 2038 in
3041 1999 3159 2055 quo
3187 1982 3341 2051 ﬁnes
3366 1983 3844 2055 mictumde.

2188 2077 2479 2142 venerunt
2505 2073 2555 2141 (ι
2586 2075 2710 2131 Cor.
2742 2070 2820 2145 χ).
2858 2094 2886 2121 ››
2918 2094 2946 2122 ‹‹
2975 2071 3298 2133 Consilium
3330 2090 3597 2143 meum,»
3626 2075 3843 2141 subau-

2191 2163 2284 2235 dis
2314 2163 2470 2235 quod
2501 2160 2707 2229 statui,
2734 2183 2762 2211 ‹‹
2796 2160 3036 2217 stabit.»
3062 2160 3363 2231 Videlicet,
3398 2167 3479 2229 ut
3490 2180 3593 2236 per
3622 2164 3841 2223 Filium

2191 2267 2388 2323 meum
2422 2250 2709 2306 redimam
2743 2265 2931 2324 genus
2960 2249 3290 2319 humanum
3331 2272 3360 2303 «
3392 2255 3453 2307 et
3496 2252 3705 2323 omnis,
3737 2272 3837 2315 ve-

2188 2339 2387 2407 luntas
2418 2356 2549 2396 mea
2577 2339 2696 2395 fiet.
2735 2360 2761 2387 ››
2792 2337 3080 2415 Voluntas
3108 2338 3211 2395 Dei
3238 2339 3425 2412 patris
3471 2340 3585 2399 fuit.
3628 2359 3696 2401 ac
3744 2347 3835 2400 to-

2188 2428 2307 2488 tius
2336 2426 2660 2497 Trinitatis,
2695 2430 2760 2484 ut
2789 2426 2970 2485 Filius
2998 2426 3101 2483 Dei
3132 2444 3369 2495 carnem
3399 2436 3747 2500 assumeret,
3779 2436 3839 2488 et

2189 2534 2375 2591 genus
2424 2517 2775 2583 humanum,
2809 2517 2964 2590 quod
3011 2516 3307 2591 captivum
3354 2520 3685 2588 tenebatur,
3725 2539 3837 2585 sua

2190 2612 2376 2679 morte
2404 2606 2736 2662 redimeret.

2260 2719 2287 2747 ‹‹
2320 2696 2547 2752 Vovens
2570 2694 2642 2751 ab
2673 2693 2896 2750 oriente
2917 2711 3103 2764 avem,
3138 2699 3203 2759 et
3223 2695 3307 2763 (ιθ,
3320 2700 3481 2763 terra
3508 2696 3835 2773 longinqua

2187 2785 2378 2843 virum
2399 2784 2722 2841 voluntatis
2757 2800 2921 2841 mem.
2955 2806 2985 2834 ››
3031 2783 3255 2843 Hebraei
3296 2786 3558 2851 referunt
3603 2787 3714 2845 hoc
3761 2791 3835 2846 ad

2188 2876 2402 2949 Cyrum
2429 2891 2625 2948 regem
2658 2873 3125 2941 Persarum,sive
3155 2873 3397 2930 Darium
3425 2891 3621 2949 regem
3639 2877 3834 2943 Medo-

2189 2965 2756 3035 rum,comparantes
2786 2978 2887 3017 eos
2916 2961 3026 3030 avi,
3047 2961 3147 3034 qui
3175 2961 3288 3019 cito
3318 2963 3391 3019 ab
3420 2964 3649 3035 oriente
3664 2983 3834 3027 vene-

2188 3059 2346 3124 runt,
2379 3057 2440 3110 et
2462 3050 3085 3121 Domini-voluntatem
3114 3056 3318 3115 contra
3349 3053 3701 3127 Babylonem
3723 3056 3831 3121 in)-

2187 3144 2511 3217 pleverunt.
2544 3142 2661 3197 Nos
2690 3145 2909 3209 autem,
2939 3140 3133 3198 verius
3156 3141 3542 3210 affirmantes,
3564 3144 3833 3209 dicamus

2186 3231 2804 3297 Dominumnostrum
2834 3230 3040 3289 Jesum
3070 3229 3373 3297 Christum
3418 3248 3454 3288 a
3500 3232 3621 3290 Deo
3670 3238 3831 3307 patre

2185 3322 2272 3379 avi
2307 3319 2703 3377 assimilatum
2737 3335 2751 3373 :
2785 3317 2926 3391 quia
2954 3319 3108 3386 sicut
3136 3318 3260 3384 avis
3301 3318 3575 3381 velociter
3601 3322 3678 3381 de
3707 3322 3829 3381 loco

2185 3411 2259 3467 ad
2293 3409 2489 3466 locum
2518 3407 2750 3474 transit,
2781 3406 2866 3463 sic
2897 3406 3492 3480 Dominipradicatio
3521 3425 3631 3482 pen
3656 3427 3829 3483 apos-

2183 3498 2333 3556 tolos
2363 3496 2652 3569 incipiens
2686 3496 2758 3552 ab
2783 3495 3130 3565 Jerusalem,
3152 3495 3266 3562 cito
3296 3497 3634 3559 decuth
3660 3499 3829 3573 longe

2180 3587 2413 3659 lateque
2445 3602 2549 3658 per
2577 3583 2920 3649 universum
2950 3585 3196 3649 orbem:
3242 3583 3303 3643 in
3333 3588 3566 3647 tantum
3598 3591 3671 3643 ut
3695 3593 3829 3651 ante

2179 3676 2455 3735 deficeret
2482 3672 2568 3730 eis
2598 3677 2757 3729 terra
2780 3690 2959 3745 quam
2991 3672 3213 3748 lingua,
3246 3672 3400 3733 sicut
3417 3674 3564 3737 dicit
3578 3675 3827 3739 Psalmis

2180 3769 2305 3822 sta:
2340 3787 2368 3814 «
2403 3764 2467 3820 In
2498 3778 2733 3819 omnem
2764 3766 2980 3818 terram
3012 3762 3186 3818 exivit
3214 3778 3395 3818 sonus
3416 3778 3624 3827 eorum
3655 3766 3821 3834 (μω.

2178 3852 2362 3924 xvm),
2415 3854 2528 3907 etc.
2573 3850 2661 3905 Ab
2710 3847 2931 3907 oriente
2979 3865 3117 3922 ergo
3160 3849 3389 3913 vocavit
3445 3850 3606 3915 Deus
3661 3853 3824 3915 Pater

2180 3957 2367 4009 avem,
2402 3937 2717 3997 Dominum
2748 3937 3023 3995 videlicet
3043 3938 3573 4005 JesumChristum
3613 3958 3721 4014 per
3746 3942 3824 4003 in-

2184 4027 2544 4086 carnalionis
2572 4027 2919 4099 mysterium
2954 4044 2968 4082 :
3002 4027 3143 4099 quia
3167 4028 3827 4100 terrarepromissioaia

2176 4118 2237 4173 in
2267 4135 2387 4191 qua
2413 4114 2700 4181 Dominus
2727 4119 2901 4173 natus
2931 4116 3106 4185 est,in
3136 4115 3404 4188 partibus
3430 4116 3679 4179 orientis
3706 4124 3816 4181 est:

2176 4194 2237 4264 et
2266 4207 2390 4280 ipse
2436 4205 2525 4260 vir
2570 4202 2766 4261 oriens
2813 4203 3162 4277 appellatur,
3208 4205 3437 4273 dicente
3486 4205 3812 4280 Propheta:

2176 4320 2204 4348 ‹‹
2237 4297 2383 4353 Ecce
2411 4295 2499 4351 vir
2528 4292 2725 4350 oriens
2758 4310 2970 4355 nomen
3002 4295 3131 4367 ejus
3160 4294 3341 4363 (Zach.
3357 4298 3461 4365 Vt).
3496 4317 3525 4345 »
3557 4296 3645 4359 De
3671 4301 3817 4356 terra

2175 4384 2354 4441 etiam
2403 4382 2726 4457 longinqua
2777 4382 2968 4439 virum
3023 4381 3345 4447 voluntatis
3395 4400 3518 4443 sua:
3575 4386 3810 4453 vocavit,

2174 4473 2408 4547 quando
2438 4470 2735 4528 Christum
2766 4487 2869 4543 per
2896 4469 3318 4544 assumptionis
3347 4473 3721 4545 mysterium,
3747 4476 3820 4533 de

417 4552 518 4652 qui
552 4554 717 4611 tanta
738 4551 906 4652 .mala
935 4552 1316 4652 perpetrastis
1349 4575 1377 4652 «ξ
1394 4557 1456 4652 et
1494 4555 1982 4652 confundamini»
2005 4561 2064 4617 in
2094 4563 2283 4652 ὓδωρ
2314 4565 2468 4652 terra
2499 4559 3150 4652 peregrinationis,quw
3180 4559 3353 4633 longe
3377 4564 3473 4652 est
3498 4562 3578 4618 ab
3606 4569 3815 4623 aeterm

416 4639 530 4696 {ide
582 4643 820 4713 agentes
872 4640 1297 4712 paenitentiam.
1344 4642 1679 4715 Alloquitur
1737 4647 1909 4704 modo
1964 4666 2066 4707 eos
2094 4639 2556 4716 “beatitudine,
2590 4647 2835 4705 elevavit
2863 4648 2935 4705 ad
2971 4649 3269 4711 dexteram
3313 4649 3646 4721 maiestatis
3675 4670 3805 4711 suae.

414 4726 701 4793 Dominus
732 4731 790 4784 et
820 4734 1096 4802 provocat
1123 4730 1193 4785 ad
1228 4730 1659 4802 poznitentiam:
1685 4734 1889 4791 nolens
1911 4753 2060 4793 mor.-

413 4818 533 4873 tem
576 4833 802 4885 eorum,
835 4819 937 4872 sed
986 4818 1175 4889 magis
1223 4818 1347 4885 vult
1392 4823 1458 4874 ut
1489 4820 1789 4878 salventur
1840 4826 2053 4892 (Ezech.

410 4904 594 4979 xyw),
626 4926 656 4956 «
689 4904 910 4977 Redite,
953 4906 1442 4977 praevaricatores,
1474 4909 1547 4964 ad
1598 4926 1716 4977 cor,
1749 4934 1776 4962 ››
1812 4912 1921 4971 hoc
1969 4921 2060 4973 est

410 4993 483 5050 ad
518 4998 776 5050 mentem
809 4999 1059 5050 vestram
1091 4998 1148 5049 et
1176 4993 1538 5051 intellectum
1563 4997 1830 5067 justitiaa.

479 5104 510 5133 «
545 5082 949 5140 Recordamini
982 5081 1193 5154 prioris
1224 5082 1490 5150 saeculi,»
1524 5084 1582 5139 id
1612 5090 1701 5140 est
1732 5088 1805 5142 ad
1838 5106 2056 5147 memo-

405 5170 845 5243 riamlreducite
888 5173 1086 5228 omnia
1137 5173 1309 5243 bona,
1342 5190 1470 5245 quae
1519 5175 1683 5231 vobis
1732 5178 2052 5237 subminis~

401 5260 551 5319 travi
581 5280 685 5335 per
714 5278 911 5318 servos
942 5277 1103 5317 meos
1134 5260 1447 5333 prophetas
1485 5266 1543 5319 et
1582 5263 1835 5335 judiees,
1869 5283 1903 5322 a
1956 5268 2050 5326 die

401 5364 522 5421 qua
568 5350 741 5409 eduxi
787 5366 891 5405 vos
932 5349 1003 5406 de
1042 5348 1315 5421 squalore
1345 5351 1593 5407 carceris
1624 5352 2046 5425 IEgyptiorum,

401 5455 433 5486 «
464 5436 603 5507 quia
630 5454 736 5511 ego
767 5454 899 5494 sum
930 5438 1085 5493 Deus
1119 5460 1146 5486 »
1178 5454 1348 5494 verus
1379 5438 1480 5509 qui
1511 5439 1674 5496 vobis
1708 5440 1820 5499 ista
1866 5460 2043 5515 prses-

398 5520 489 5579 titi
522 5547 547 5572 ‹‹
586 5542 690 5580 nec
720 5530 811 5582 est
839 5525 1053 5583 similis
1085 5526 1221 5581 mei.
1258 5549 1286 5576 »

2172 4740 2483 4795 «Locutus
2513 4754 2668 4805 sum,
2703 4760 2732 4787 »
2764 4754 2867 4809 per
2904 4736 3220 4810 prophetas
3269 4738 3342 4795 de
3383 4738 3643 4797 adventu
3687 4741 3806 4799 Filii

2167 4826 2371 4893 mei,et
2388 4826 2786 4899 redemptione
2814 4825 3059 4885 humani
3088 4827 3341 4901 generis,
3371 4850 3399 4883 ‹‹
3430 4833 3492 4885 et
3519 4830 3803 4889 adducam

2166 4915 2332 4984 illud,
2365 4938 2394 4967 »
2429 4914 2714 4973 subaudis
2739 4914 3055 4975 consilium
3087 4931 3308 4985 meum,
3331 4934 3437 4991 per
3464 4916 3805 4981 incarnatio-

2165 5004 2258 5059 nis
2304 5005 2668 5078 mysterium,
2720 5004 2932 5061 Filium
2977 5004 3249 5065 videlicet
3292 5023 3520 5081 meum,
3570 5010 3671 5082 qui
3716 5013 3802 5066 est

2163 5093 2361 5165 magni
2393 5092 2623 5150 consilii
2652 5093 2897 5165 angelus
2930 5110 2942 5150 :
2979 5116 3008 5146 α
3037 5098 3097 5151 et
3141 5096 3330 5153 creavi
3365 5118 3393 5145 η
3424 5096 3487 5153 id
3530 5102 3644 5164 est,
3675 5098 3796 5154 dis-

2160 5180 2329 5252 posui
2376 5198 2510 5237 cum
2541 5182 2669 5254 ipso
2698 5186 2756 5241 et
2785 5182 3007 5254 Spiritu
3055 5188 3283 5252 sancto,
3314 5186 3609 5257 quomodo
3657 5186 3795 5241 illud

2160 5268 2494 5341 impleatur,
2527 5293 2555 5319 ‹‹
2588 5274 2647 5327 et
2680 5269 2886 5328 faciam
2917 5270 3063 5328 illud
3098 5293 3128 5323 »
3160 5273 3476 5349 consilium
3498 5275 3673 5346 juxta
3697 5292 3793 5330 vo-

2156 5356 2441 5417 luntatem
2465 5375 2678 5415 meam.

2225 5470 2252 5497 ‹‹
2287 5447 2496 5503 Audite
2527 5464 2621 5504 me
2651 5448 2799 5506 duro
2832 5451 3026 5518 corde,
3047 5450 3150 5522 qui
3180 5451 3351 5525 longe
3377 5452 3523 5510 estis
3560 5471 3597 5509 a
3622 5450 3791 5525 justi-

2152 5535 2252 5591 tia.
2291 5559 2317 5584 υ
2348 5535 2572 5602 Quibus
2600 5554 2780 5608 supra
2809 5537 3034 5595 dixerat
3062 5540 3192 5596 sine
3209 5539 3510 5613 privilegio
3530 5540 3780 5606 honoris,

471 5630 500 5659 κ
530 5610 904 5681 Annuntians
934 5613 1007 5671 ab
1033 5614 1267 5672 exordio
1291 5637 1318 5664 ››
1352 5616 1555 5672 mundi
1589 5640 1618 5666 «
1650 5618 2037 5685 novissimum
2150 5623 2349 5681 audite
2379 5641 2493 5691 me,
2526 5625 2739 5684 domus
2766 5626 3034 5697 Jacob,et
3062 5610 3237 5687 omne
3263 5610 3789 5688 residuumdomns
