4106 6190
287 361 408 422 953

1333 364 1741 427 COMMENT.
1788 365 1864 425 IN
1909 362 2206 425 ISAIAM.
2254 396 2333 406 —
2376 363 2524 424 LIB.
2573 363 2649 424 II.

3573 377 3693 438 954

285 493 484 550 Israel.
520 495 592 551 Et
634 495 778 551 illud
814 513 827 551 :
865 496 1068 553 Redite
1125 498 1596 569 praevaricatores
1652 499 1723 554 ad
1783 515 1882 554 cor
1913 514 1927 551 :
1960 497 2015 564 Α
2045 495 2412 568 imprimunt,
2447 500 2505 551 et
2534 497 2878 554 vestimenta
2937 516 3139 556 earum
3186 508 3351 560 terrai
3399 505 3694 579 pulverem

283 585 358 641 ad
389 585 625 640 eosdem
687 586 858 640 modo
916 585 1176 658 loquitur
1209 605 1220 642 :
1255 587 1462 642 Audite
1496 604 1588 641 me
1618 586 1933 659 (inquiens)

285 675 433 729 duro
455 674 650 740 corde,
671 674 777 730 hoc
799 679 908 742 est,
928 675 1211 730 increduli
1247 676 1343 749 qui
1376 694 1606 748 semper
1636 677 1933 749 prephetis

281 767 340 820 et
369 763 442 818 ad
477 762 750 820 ultimum
806 763 946 820 Filio
1006 782 1133 820 meo
1191 765 1514 831 restitistis,
1546 769 1604 820 et
1632 765 1729 836 qui
1765 766 1933 839 longe

281 851 426 910 estis
449 851 752 924 ajustitia,
773 852 828 907 id
852 858 961 919 est,
985 873 1020 909 a
1040 855 1116 909 Ch
1129 854 1267 910 risto
1290 855 1388 926 qui
1416 855 1708 926 justiﬁcat
1728 871 1933 911 omnes

282 941 343 996 in
377 958 439 1000 se
477 943 799 998 credentes.
833 943 912 998 De
971 943 1100 998 istis
1159 943 1375 999 talibus
1434 949 1492 999 et
1547 947 1935 1016 protomartyr

282 1030 618 1102 Stephanus
651 1030 709 1085 in
739 1049 923 1104 agone
968 1033 1326 1088 constitutus
1356 1033 1535 1088 dixit:
1571 1056 1596 1081 ‹‹
1623 1033 1780 1088 Dura
1809 1051 1930 1089 cer-

279 1120 406 1176 vire
437 1125 495 1176 et
525 1119 920 1176 iucircumcisi
953 1122 1230 1177 cordibus
1255 1126 1312 1178 et
1340 1122 1620 1178 auribus:
1656 1140 1754 1178 vos
1785 1140 1934 1178 sem-

281 1225 388 1282 per
416 1208 662 1281 Spiritui
692 1214 892 1266 sancto
924 1210 1241 1279 restitistis,
1263 1211 1418 1266 sicut
1447 1215 1504 1267 et
1533 1217 1728 1284 patres
1758 1213 1932 1270 vestri

281 1299 418 1367 (Act.
451 1298 573 1370 vn).
610 1320 638 1346 ›)

357 1410 386 1436 ‹‹
419 1388 602 1460 Prope
657 1387 764 1444 feci
811 1389 1107 1459 justitiam
1169 1406 1383 1460 meam,
1415 1407 1528 1445 non
1563 1389 1936 1463 elongabitur

283 1474 448 1534 salus
474 1493 623 1532 mea.
657 1497 686 1528 η
721 1477 902 1549 Prope
954 1477 1082 1545 feci,
1118 1495 1221 1550 pro
1279 1496 1346 1534 eo
1392 1480 1546 1550 quod
1578 1484 1668 1535 est
1699 1479 1930 1535 faciam.

279 1564 530 1622 Justitia.
552 1564 654 1621 Dei
686 1565 873 1622 Patris
921 1565 1103 1622 Filius
1151 1572 1258 1623 est.
1296 1568 1476 1640 Prope
1528 1585 1664 1640 ergo
1723 1568 1932 1624 faciam

281 1653 811 1726 meamjustitiam,
841 1655 900 1710 id
932 1660 1043 1722 est,
1076 1657 1134 1711 in
1169 1657 1431 1728 proximo
1463 1662 1574 1728 est,
1605 1662 1669 1712 ut
1700 1659 1932 1713 mittam

282 1742 498 1800 Filium
527 1759 744 1812 meum,
779 1761 883 1816 per
921 1745 1341 1802 incarnationis
1391 1747 1733 1820 mysterium
1768 1765 1780 1802 :
1818 1765 1932 1802 non

280 1831 672 1904 elongabitur,
707 1832 1012 1900 subaudis,
1046 1835 1187 1905 quia
1244 1835 1300 1889 in
1351 1839 1407 1890 te
1452 1841 1747 1902 nascetur,
1776 1841 1832 1892 et
1860 1837 1933 1892 ad

281 1925 456 1977 tuum
477 1937 624 1994 opus
646 1921 865 1990 veniet;
891 1927 949 1977 et
971 1923 1133 1980 salus
1158 1941 1312 1991 mea,
1334 1923 1392 1978 id
1418 1929 1526 1993 est,
1556 1925 1715 1980 ﬁlius
1747 1943 1934 1994 meus,

280 2011 382 2082 qui
418 2010 666 2067 salvabit
713 2015 1018 2084 sperantes
1065 2011 1123 2066 in
1175 2029 1260 2078 se,
1291 2031 1407 2068 non
1438 2013 1784 2069 morabitur.
1822 2016 1938 2070 Ista

279 2103 373 2155 est
401 2099 557 2154 enim
590 2099 773 2166 salus,
805 2100 876 2155 de
906 2117 1022 2172 qua
1051 2101 1194 2156 dicit
1241 2101 1486 2174 angelus
1535 2103 1606 2157 ad
1639 2103 1883 2157 Mariam
1920 2121 1932 2158 :

280 2187 477 2261 «Ipse
532 2188 759 2245 salvum
817 2189 990 2245 faciet
1046 2189 1328 2262 populum
1386 2207 1563 2246 suum
1613 2209 1647 2247 a
1684 2192 1938 2264 peccatis

279 2293 486 2336 eorum
511 2277 712 2349 (Matth.
747 2278 808 2349 ι).
843 2300 872 2328 »
915 2302 942 2328 «
988 2279 1148 2335 Dabo
1187 2279 1246 2334 in
1287 2279 1425 2337 Sion
1458 2279 1731 2351 salutem,
1768 2304 1794 2330 »
1826 2280 1934 2347 vel,

281 2370 352 2422 ut
383 2366 765 2438 Septuaginta
814 2367 1105 2434 dixerunt,
1138 2368 1480 2424 salutarem.
1511 2391 1537 2418 «
1570 2370 1636 2424 Et
1669 2370 1728 2424 in
1761 2369 1936 2426 Israel

287 2454 536 2528 gloriam
585 2472 798 2524 meam.
837 2479 863 2504 ››
903 2457 1040 2512 Sion
1073 2461 1130 2512 et
1160 2457 1336 2513 Israel
1368 2474 1551 2512 unum
1579 2457 1934 2530 signiﬁcant.

287 2543 449 2600 Dabo
471 2544 711 2615 (inquit)
735 2545 792 2600 in
817 2544 952 2604 Sion
977 2545 1250 2613 salutem,
1267 2546 1352 2602 vel
1387 2546 1729 2613 salutarem,
1749 2547 1935 2606 ﬁlium

286 2650 488 2706 meum
523 2633 593 2690 de
625 2651 740 2706 quo
763 2635 888 2706 jam
943 2634 1216 2708 superius
1271 2634 1526 2691 diximus
1557 2636 1831 2709 angelum
1863 2637 1938 2693 ad

286 2723 538 2786 Mariam
568 2740 702 2782 esse.
727 2723 1012 2782 locutum.
1036 2726 1107 2780 Et
1136 2725 1206 2780 de
1239 2741 1354 2796 quo
1387 2724 1620 2780 Simeon
1658 2743 1670 2780 :
1706 2748 1734 2774 «
1765 2726 1934 2781 Vide-

284 2803 694 2886 runt.(inquit)
723 2811 877 2868 oculi
925 2813 1037 2868 mei
1088 2812 1355 2869 Salutare
1398 2817 1568 2869 tuum
1601 2815 1750 2883 (Luc.
1786 2817 1871 2882 ιι).
1905 2837 1933 2864 ››

282 2899 452 2982 Quod
511 2904 705 2959 autem
767 2900 971 2956 addit:
1007 2905 1075 2956 Et
1119 2900 1178 2956 in
1221 2900 1396 2957 Israel
1441 2901 1688 2973 gloriam
1721 2919 1934 2970 meam,

281 2987 443 3050 idem
474 2993 579 3057 est,
616 2989 753 3061 quia
799 2989 985 3062 gloria
1034 2991 1132 3046 Dei
1187 2990 1374 3046 Patris
1420 2990 1600 3046 Filius
1632 2996 1721 3047 est
1752 3008 1766 3046 :
1801 2991 1939 3063 quia

279 3077 500 3136 omnia.
535 3093 661 3148 qua:
713 3077 848 3133 fecit
887 3079 959 3134 ad
989 3078 1224 3136 laudem
1255 3083 1310 3134 et
1341 3077 1587 3152 gloriam
1618 3079 1719 3136 Dei
1751 3080 1936 3136 Patris

277 3165 424 3240 egit,
475 3165 722 3222 dicens:
757 3190 784 3216 ‹‹
821 3167 988 3223 Pater
1043 3168 1103 3222 in
1164 3185 1257 3224 me
1317 3185 1562 3224 manens
1616 3169 1740 3242 ipse
1801 3169 1938 3225 facit

277 3271 460 3326 opera
519 3257 695 3324 (Joan.
729 3256 865 3328 xlv).
903 3279 930 3305 »
981 3257 1111 3312 Haec
1171 3261 1366 3313 autem
1427 3240 1654 3312 referri'
1686 3262 1933 3329 possunt
1961 3240 2004 3306 C

278 3342 619 3414 specialiter
659 3345 731 3399 ad
783 3345 1146 3400 Hierusalem
1179 3350 1235 3400 et
1262 3347 1516 3412 Judmos,
1550 3347 1607 3402 in
1637 3364 1754 3419 qua
1781 3352 1839 3403 et
1867 3364 1936 3402 ex

277 3431 501 3503 quibus
533 3436 694 3487 ortus
724 3437 832 3487 est.
879 3434 1236 3490 Generaliter
1280 3439 1473 3490 autem
1526 3437 1595 3491 ad
1631 3435 1932 3492 universa-

277 3519 398 3576 lem
441 3520 779 3589 Ecclesium,
815 3539 942 3594 qua:
974 3524 1032 3578 in
1067 3525 1180 3578 ﬁde
1211 3524 1424 3579 Christi
1459 3526 1702 3581 fundata
1733 3531 1841 3593 est,
1876 3530 1933 3582 et

275 3610 342 3664 in
374 3609 612 3682 speculo
642 3611 856 3667 mentis
887 3611 1145 3667 caelestia
1174 3613 1622 3686 contemplatur.

863 3753 1096 3809 CAPUT
1134 3755 1351 3811 XLVII.

355 3899 384 3926 «ι
407 3877 724 3947 Descende,
750 3879 887 3933 sede
907 3878 963 3932 in
987 3877 1242 3951 pulvere,
1261 3879 1424 3952 virgo
1452 3879 1570 3934 ﬁlia
1594 3879 1869 3952 Babylon.
1899 3904 1926 3931 »

273 3967 578 4023 Hactenus
600 3967 669 4024 de
690 3965 908 4022 Judaeis
931 3971 989 4021 et
1007 3967 1257 4022 adventu
1281 3967 1528 4038 Domini,
1553 3985 1708 4022 nunc
1728 3973 1932 4024 contra

271 4053 635 4126 Babylonem
685 4053 946 4126 loquitur
975 4058 1032 4110 et
1061 4054 1382 4126 Chaldaeos,
1416 4057 1524 4112 sub
1556 4073 1804 4128 persona
1835 4074 1928 4114 ca-

268 4127 450 4214 ptivae
483 4140 746 4198 mulieris
778 4159 904 4214 quae
937 4143 1234 4214 quondam
1275 4142 1476 4216 regina
1505 4127 1634 4210 fuit,
1671 4161 1795 4216 quea
1828 4163 1928 4218 po-

268 4227 489 4304 pulum
522 4231 650 4302 ejus
679 4229 970 4285 interfecit
1008 4247 1154 4302 pene
1182 4231 1542 4300 universum,
1576 4237 1634 4288 et
1664 4233 1930 4290 residuos

266 4316 439 4392 gravi
500 4317 832 4392 captivitate
878 4319 1189 4391 Oppressit.
1224 4319 1540 4386 Descende,
1573 4338 1604 4375 0
1648 4321 1928 4395 Babylon,

267 4399 347 4462 de
391 4406 672 4477 superbia
719 4410 840 4471 tua,
872 4411 931 4461 et
959 4407 1029 4461 de
1061 4406 1206 4462 solio
1240 4407 1507 4478 potentia:
1540 4413 1674 4474 tuze,
1707 4411 1841 4466 sede
1868 4411 1927 4466 in

265 4493 515 4567 pulvere
542 4495 694 4552 sicut
723 4494 968 4568 captiva.
1002 4494 1147 4550 Filia
1179 4495 1436 4568 Babylon
1469 4498 1798 4570 appellatur
1829 4499 1929 4554 illa

261 4581 445 4656 plebs
478 4587 534 4636 et
562 4583 836 4658 populus,
864 4583 1008 4654 quia
1033 4583 1090 4637 in
1124 4583 1414 4656 Babylone
1472 4585 1590 4654 nati
1651 4591 1808 4652 sunt,
1840 4587 1926 4642 vel

261 4671 453 4727 etiam
487 4671 626 4742 quia
657 4689 690 4726 a
719 4672 834 4728 Deo
868 4672 1001 4727 facti
1035 4677 1194 4727 sunt.
1245 4673 1420 4746 Virgo
1451 4674 1778 4746 appellatur
1808 4693 1923 4730 non

258 4764 514 4833 prOpter
545 4759 934 4832 integritatem
967 4760 1200 4828 mentis,
1234 4761 1334 4816 sed
1369 4766 1605 4834 propter
1661 4763 1922 4820 infecun-

255 4849 519 4904 ditatem
547 4849 834 4904 bonorum
862 4851 1372 4923 operum.Propter
1401 4852 1554 4922 quod
1587 4851 1800 4916 dicitur
1828 4853 1877 4906 ei
1907 4870 1918 4907 ε

254 4960 288 4988 ‹‹
327 4937 486 4992 Sede
521 4936 578 4991 in
608 4941 762 4993 terra
796 4961 822 4986 ››
854 4942 916 4992 ut
945 4937 1178 5009 ancilla,
1210 4938 1299 4994 vel
1347 4939 1596 4996 humilia
1625 4945 1698 4996 te.
1734 4964 1760 4989 ‹‹
1796 4941 1919 4995 Non

251 5029 355 5082 est
389 5024 607 5080 solium
640 5026 821 5098 regni,
858 5050 885 5075 »
917 5027 1027 5081 hoc
1057 5031 1165 5094 est,
1201 5045 1316 5082 non
1357 5032 1446 5084 est
1480 5029 1605 5100 jam
1665 5029 1921 5101 dignitas

250 5117 321 5169 et
373 5114 639 5185 potentia
696 5115 997 5188 regnandi.
1031 5138 1058 5164 «
1091 5114 1245 5169 Filia:
1303 5115 1728 5185 Chaldaiorum,
1782 5117 1921 5190 quia

247 5200 423 5256 ultra
473 5219 589 5258 non
648 5202 946 5259 vocaberis
1003 5202 1198 5258 mollis
1256 5207 1313 5257 ct
1360 5208 1575 5273 tenera,
1611 5229 1638 5255 »
1675 5206 1782 5261 hoc
1807 5211 1915 5272 est,

246 5289 520 5346 delicata
539 5295 596 5347 et
615 5291 848 5364 deliciis.
871 5291 1158 5348 afﬂuens:
1191 5291 1277 5346 vel
1308 5291 1481 5348 etiam
1523 5297 1587 5348 ut
1616 5294 1754 5351 hinc
1783 5295 1918 5350 inde

244 5381 618 5434 sustentcris
649 5380 864 5436 auxilio
895 5381 1254 5436 diversarum
1283 5377 1564 5452 gentium,
1591 5383 1757 5453 quasi
1792 5401 1914 5438 ma-

2044 602 2159 640 non
2193 589 2458 657 tangant.
2493 585 2742 658 Ideoque
2775 588 2885 642 sub
2917 590 3109 660 specie
3141 593 3373 665 reginae,
3406 595 3494 650 vel
3526 598 3696 653 nobi-

2042 673 2116 729 lis
2147 673 2633 739 mulieris,sermo
2665 675 2900 733 divinus
2933 678 3046 734 ista
3074 678 3337 752 loquitur
3357 684 3428 737 ad
3461 685 3697 758 Babylo-

2044 780 2198 819 DCIII.

2116 893 2143 918 ‹‹
2178 868 2338 924 Tolle
2399 870 2638 937 molam,
2674 876 2729 926 et
2761 873 2912 928 mole
2944 875 3191 932 farinam
3228 901 3254 926 ››
3288 879 3542 938 dominis
3576 884 3696 939 tuis

2044 958 2229 1012 Medis
2262 963 2319 1012 et
2361 959 2551 1014 Persis
2603 961 2816 1035 Magna
2857 962 3114 1036 miseria,
3147 971 3212 1021 ut
3261 968 3459 1042 regina
3508 989 3693 1043 quon-

2042 1047 2176 1101 dam
2238 1046 2417 1102 molat
2475 1049 2720 1104 farinam
2757 1068 2769 1105 :
2805 1053 2958 1122 quod
3000 1059 3090 1108 est
3134 1056 3290 1110 dura:
3341 1059 3694 1131 captivitatis

2041 1141 2387 1192 etextremzn
2420 1137 2718 1193 servitutis
2751 1139 3055 1196 indicium.
3077 1144 3227 1200 Dicit
3254 1146 3459 1203 beatus
3491 1150 3690 1206 Hiero-

2043 1224 2422 1297 nymus,quia
2453 1225 2706 1282 molendi
2731 1228 2989 1284 ofﬁcium
3013 1231 3126 1286 isto
3153 1233 3212 1288 in
3235 1234 3360 1291 loco
3380 1238 3451 1292 ad
3477 1239 3693 1295 coitum

2011 1314 2018 1320 ’
2045 1318 2233 1385 potest
2265 1313 2487 1380 referri,
2523 1319 2587 1368 ut
2618 1316 2693 1370 sit
2725 1333 2934 1371 sensus
2967 1333 2981 1372 :
3016 1319 3176 1375 Tolle
3223 1323 3436 1378 molam
3461 1331 3516 1380 et
3546 1328 3696 1383 mole

2042 1402 2378 1468 farinam,id
2413 1406 2522 1468 est,
2558 1403 2746 1474 praebe
2772 1404 2992 1459 coitum
3025 1407 3342 1465 victoribus
3364 1412 3482 1467 tuis
3513 1415 3698 1471 Medis

2043 1496 2101 1546 et
2149 1489 2360 1560 Persis,
2393 1490 2494 1562 qui
2543 1492 2955 1548 ferventissimi
3004 1501 3145 1551 sunt
3193 1498 3265 1552 ad
3315 1499 3554 1556 coitum.
3598 1503 3697 1558 Se-

2043 1580 2304 1636 cundum
2323 1579 2480 1635 hunc
2505 1597 2745 1635 sensum
2778 1581 2984 1637 dicunt
3014 1584 3236 1640 Hebraei
3271 1587 3418 1644 illud
3449 1592 3604 1661 quod
3638 1592 3698 1648 in

2043 1667 2319 1723 Judicum
2370 1667 2519 1724 libro
2550 1669 2704 1738 (Iud.
2739 1672 2796 1738 x)
2827 1671 2899 1725 de
2941 1671 3189 1728 Samson
3240 1674 3508 1745 habetur,
3543 1682 3698 1751 quod

2050 1755 2364 1811 Philistiim
2440 1773 2574 1812 eum
2657 1757 2875 1813 molere
2932 1759 3215 1830 fecerunt,
3276 1763 3331 1818 id
3393 1770 3502 1832 est,
3562 1784 3696 1824 cum

2045 1844 2393 1904 mulieribus
2455 1863 2695 1901 suarum
2757 1847 3025 1920 gentium
3074 1853 3461 1908 concumbere
3493 1871 3696 1929 coege-

2047 1938 2204 2001 runt,
2239 1938 2305 1988 ut
2333 1951 2401 1990 ex
2445 1933 2544 1990 illo
2594 1934 2962 2007 susciperent
3015 1955 3238 2010 magnae
3298 1944 3534 1999 staturae
3594 1945 3694 2000 ho-

2047 2039 2258 2079 mines.

2120 2155 2145 2180 ‹‹
2190 2121 2432 2185 Denuda
2484 2131 2936 2202 turpitudinem,
2971 2156 2998 2183 »
3034 2133 3090 2188 id
3151 2140 3259 2203 est,
3318 2136 3572 2207 vulvam,
3635 2144 3699 2196 ut

2044 2224 2242 2292 pateat
2273 2218 2502 2274 libidini
2524 2220 2760 2276 victoris
2782 2222 2886 2276 tui.
2918 2245 2944 2272 ‹‹
2967 2223 3300 2298 Discooperi
3325 2227 3696 2298 humerum,»

2047 2313 2110 2362 ut
2141 2325 2427 2380 appareas
2471 2325 2601 2363 esse
2659 2309 2888 2364 mulier.
2926 2333 2952 2359 «
2987 2312 3196 2366 Revela
3216 2297 3398 2370 crura
3419 2320 3540 2381 tua,
3572 2339 3600 2366 η
3633 2322 3700 2372 ut

2046 2397 2420 2468 prostituaris
2471 2413 2504 2450 a
2555 2397 2672 2451 tuis
2732 2398 3251 2470 depraadatoribus.
3302 2403 3405 2459 Vel
3464 2406 3535 2460 ad
3591 2405 3699 2462 hoc

2047 2484 2252 2549 revela,
2289 2508 2314 2534 ‹‹
2351 2490 2416 2540 ut
2462 2489 2727 2540 transeas
2788 2487 3052 2556 ﬁumina,
3091 2511 3117 2536 ››
3149 2489 3372 2562 Tigrin,
3432 2492 3700 2550 videlicet

2045 2578 2103 2629 et
2134 2573 2464 2645 Euphraten
2498 2591 2564 2628 ac
2608 2574 2858 2639 Chobar,
2891 2581 2949 2630 et
2999 2593 3098 2631 eas
3156 2578 3216 2632 in
3273 2580 3691 2652 captivitatem.

2047 2663 2246 2719 Solent
2288 2662 2444 2718 enim
2496 2661 2772 2718 mulieres
2819 2664 3118 2720 denudare
3147 2683 3319 2722 crura
3350 2669 3407 2723 in
3443 2671 3694 2727 transitu

2047 2753 2382 2816 fluminum,
2437 2756 2501 2806 ut
2547 2751 2768 2807 earum‘
2808 2753 3158 2809 vestimenta
3215 2757 3386 2828 aquis
3417 2776 3532 2814 non
3566 2764 3693 2814 tan-

2044 2848 2277 2914 gantur.

2117 2971 2145 2996 ‹‹
2182 2945 2551 3002 llevelabitur
2601 2946 2926 3018 ignominia
2975 2951 3096 3015 tua,
3131 2971 3159 2998 ››
3193 2950 3563 3022 subauditur,
3597 2973 3691 3011 co-

2046 3053 2170 3098 ram
2227 3035 2498 3091 hostibus
2555 3036 2674 3090 tuis
2721 3051 2732 3090 :
2794 3055 2814 3082 ι
2849 3041 2908 3090 et
2964 3036 3256 3094 videbitur
3312 3043 3690 3113 opprobrium

2046 3129 2238 3191 tuum,
2275 3148 2302 3173 ››
2336 3125 2391 3180 id
2425 3131 2532 3191 est,
2594 3125 2854 3192 miseria,
2907 3130 2968 3180 et
3022 3127 3377 3199 captivitatis
3425 3133 3688 3202 malum;

2045 3237 2072 3262 ‹‹
2108 3213 2387 3269 ultionem
2436 3213 2687 3286 capiam,
2723 3236 2750 3261 ››
2783 3215 3088 3281 subaudis,
3121 3233 3188 3272 ex
3229 3221 3306 3287 te,
3340 3219 3397 3274 id
3429 3225 3536 3287 est,
3567 3222 3692 3278 vin-

2044 3302 2250 3358 dicabo
2307 3303 2589 3375 populum
2642 3319 2886 3358 meum:
2931 3326 2958 3353 «
2991 3309 3049 3358 et
3095 3323 3212 3361 non
3265 3309 3499 3364 resistet
3546 3311 3691 3367 mihi

2043 3391 2239 3459 homo,
2266 3414 2292 3440 »
2324 3391 2630 3460 subaudis,
2666 3408 2854 3463 neque
2886 3392 3131 3465 angelus
3179 3395 3280 3466 qui
3323 3404 3532 3468 praeest
3562 3399 3689 3469 tibi,

2043 3497 2232 3551 neque
2291 3480 2573 3552 propheta
2621 3480 2669 3534 si
2718 3497 2810 3535 me
2861 3483 3149 3552 rogaverit
3200 3501 3304 3555 pro
3351 3485 3693 3545 liberatione

2043 3573 2164 3636 tua,
2199 3569 2353 3624 sicut
2382 3569 2572 3624 Moses
2603 3569 2899 3640 quondam
2934 3569 2990 3623 in
3023 3587 3218 3626 eremo
3267 3576 3503 3642 quando
3533 3577 3689 3631 volui

2041 3657 2232 3712 delere
2299 3656 2579 3728 populum
2655 3658 2783 3728 ejus
2842 3657 3032 3725 (Exod.
3091 3660 3323 3728 xxxv").
3384 3663 3453 3716 Et
3509 3680 3691 3734 quare

2038 3747 2230 3801 veniet
2273 3745 2378 3799 tibi
2429 3744 2580 3799 hoc?
2617 3744 2764 3809 Quia
2793 3749 2852 3798 et
2881 3743 2929 3799 si
2962 3746 3205 3818 praecepi
3238 3752 3304 3802 ut
3355 3749 3689 3808 verberares

2039 3838 2098 3889 et
2115 3833 2405 3905 at'ﬁigeres
2436 3831 2717 3906 populum
2740 3849 2958 3900 meum,
2979 3849 3094 3888 non
3119 3834 3393 3906 imperavi
3431 3843 3495 3896 ut
3525 3839 3687 3910 peni.-

2040 3927 2138 3992 tus
2169 3923 2500 3978 destrueres
2533 3925 2590 3975 et
2619 3920 2912 3976 occideres
2939 3939 3124 3994 usque
3153 3925 3225 3982 ad
3257 3924 3471 3982 solum.

2114 4053 2141 4081 (ι
2175 4029 2526 4099 Redemptor
2547 4025 2830 4082 Dominus
2853 4032 3049 4083 noster
3077 4029 3461 4105 exercituum,
3474 4049 3683 4090 nomen

2038 4118 2197 4174 illius
2227 4122 2466 4172 sanctus
2517 4114 2715 4170 Israel.
2751 4137 2778 4165 ››
2811 4115 2933 4171 Vox
2990 4117 3189 4190 populi
3246 4122 3584 4177 revertentis
3615 4122 3687 4178 de

2039 4205 2395 4278 capitivitate
2418 4207 2550 4276 post
2581 4203 2956 4276 septuaginta
2983 4223 3192 4262 annos.
3226 4208 3576 4281 Redemptor
3604 4211 3688 4266 in-

2039 4296 2253 4367 quiunt
2313 4298 2510 4348 noster
2569 4291 2856 4349 Dominus
2908 4296 3267 4352 exercituum
3319 4303 3428 4364 est,
3461 4298 3522 4354 id
3575 4305 3684 4366 est,

2039 4385 2194 4440 Deus
2226 4380 2566 4454 angelorum
2599 4385 2657 4435 et
2685 4381 3017 4449 hominum,
3048 4384 3148 4455 qui
3198 4403 3304 4441 nos
3343 4387 3414 4441 de
3446 4389 3684 4459 captivi-

2039 4477 2158 4528 tate
2214 4469 2535 4526 durissima
2594 4471 2887 4525 redemit:
2926 4494 2947 4520 ι
2984 4472 3204 4527 Nomen
3255 4473 3414 4528 illius
3444 4480 3685 4532 sanctus

2041 4560 2238 4616 Israel.
2259 4584 2285 4607 ››
2310 4558 2409 4614 Ille
2434 4559 2665 4630 preprie
2686 4562 2776 4612 est
2796 4563 3056 4626 sanctus,
3091 4561 3189 4631 qui
3223 4561 3398 4616 dicit:
3435 4582 3456 4608 ι
3484 4564 3680 4620 Sancti

2034 4653 2237 4714 estote,
2291 4647 2430 4718 quia
2477 4653 2536 4700 et
2583 4664 2688 4718 ego
2737 4649 2977 4701 sanctus
3026 4664 3156 4702 sum
3202 4651 3346 4717 (Leu.
3381 4667 3458 4717 χι,
3503 4655 3616 4721 xx).
3652 4677 3680 4702 ››

2033 4738 2104 4793 Et
2133 4736 2257 4807 ipse
2287 4734 2615 4789 sanctiﬁcat
2644 4738 2946 4804 sperantes
2978 4734 3035 4789 in
3069 4753 3151 4791 se.

2111 4862 2133 4888 ε
2168 4840 2335 4904 Sede,
2371 4843 2514 4904 tace,
2549 4842 2608 4892 et
2636 4836 2788 4894 intra
2819 4839 2878 4894 in
2909 4841 3199 4910 tenebras,
3234 4843 3354 4899 ﬁlia
3382 4846 3676 4904 Chaldaio-

2033 4947 2186 4986 rum.
2221 4951 2249 4977 ››
2285 4926 2610 4982 Revertitur
2665 4927 2875 4983 iterum
2925 4930 2996 4984 ad
3048 4931 3420 5004 Babylonem,
3455 4941 3513 4990 et
3543 4936 3679 4992 facit

2033 5017 2477 5077 translationem
2511 5017 2582 5071 de
2609 5017 2835 5072 civitate
2867 5019 2938 5073 ad
2973 5020 3271 5090 mulieres,
3292 5029 3348 5078 et
3378 5025 3446 5080 de
3475 5027 3677 5099 regina

2031 5109 2328 5183 quondam
2388 5106 2459 5160 ad
2522 5105 2793 5162 ancillam
2855 5108 3138 5163 etfectam.
3175 5111 3241 5165 Et
3280 5117 3368 5167 est
3413 5131 3670 5172 sensus:

2028 5200 2200 5265 Sede,
2228 5196 2285 5250 id
2318 5199 2423 5263 est,
2456 5195 2703 5249 humilia
2761 5201 2834 5250 te.
2881 5199 3052 5267 Tace,
3086 5199 3390 5255 considera
3443 5203 3676 5259 calami-

2026 5293 2209 5344 tatem
2243 5291 2426 5350 tuam,
2462 5283 2615 5338 sicut
2673 5283 2862 5339 solent
2920 5285 3186 5341 homines
3236 5289 3428 5345 tristes
3480 5309 3668 5364 agere.

2026 5380 2186 5434 Intra
2218 5375 2274 5429 in
2311 5373 2576 5427 tenebras
2609 5388 2678 5425 ne
2721 5371 2914 5427 videat
2968 5374 3183 5446 aliquis
3243 5378 3668 5450 turpitudinem

243 5466 441 5522 nibus
463 5468 834 5524 ancillarum.
868 5470 1066 5526 Solent
1097 5468 1308 5542 reginae
1339 5473 1396 5523 et
1427 5469 1650 5525 nobiles
1673 5489 1916 5543 quaeque
2023 5472 2208 5522 tuam.
2231 5461 2374 5517 Filia
2403 5459 2803 5514 Chaldaeorum
2835 5461 3066 5529 dicitur,
3087 5463 3224 5534 quia
3250 5466 3499 5532 Chaldaei
3531 5486 3667 5524 con-

239 5554 545 5612 mulieres
575 5556 712 5613 hinc
744 5558 878 5614 inde
909 5557 1223 5613 sustentari
1247 5557 1520 5612 manibus
1542 5558 1912 5627 ancillarum,

2025 5552 2363 5612 struxerunt
2384 5548 2648 5602 eamdem
2672 5548 3062 5606 civitatem.Et
3081 5569 3261 5624 quare
3283 5555 3389 5610 hoc
3409 5557 3437 5611 ?
3468 5580 3493 5606 ‹‹
3521 5559 3668 5624 Quia

235 5643 518 5715 insuper
552 5649 612 5701 et
661 5663 1008 5703 servorum:
1054 5645 1136 5701 ita
1192 5650 1258 5700 ut
1313 5649 1477 5701 terra
1533 5646 1627 5702 vix
1681 5647 1913 5720 plantas
2022 5662 2139 5702 non
2169 5636 2465 5696 vocaberis
2495 5635 2649 5693 ultra
2678 5637 2918 5695 domina
2949 5656 3329 5714 regnorum,»
3355 5647 3661 5717 subaudis,
