  <div class='ocr_page' id='page_1' title='image "/cluster/home/n/w/nwhite01/storage/ocr_20150623/116/hvd.32044054759808/483.png"; bbox 0 0 4106 6190; ppageno 0'>
   <div class='ocr_carea' id='block_1_1' title="bbox 397 335 518 400">
    <p class='ocr_par' dir='ltr' id='par_1_1' title="bbox 397 335 518 400">
     <span class='ocr_line' id='line_1_1' title="bbox 397 335 518 400; baseline -0.017 0"><span class='ocrx_word' id='word_1_1' title='bbox 397 335 518 400; x_wconf 78' lang='grc'><strong>955</strong></span> 
     </span>
    </p>
   </div>
   <div class='ocr_carea' id='block_1_2' title="bbox 806 329 3374 404">
    <p class='ocr_par' dir='ltr' id='par_1_2' title="bbox 806 329 3374 404">
     <span class='ocr_line' id='line_1_2' title="bbox 806 329 3374 404; baseline 0.002 -8"><span class='ocrx_word' id='word_1_2' title='bbox 806 333 1219 396; x_wconf 84' lang='lat' dir='ltr'><strong>HAYMONIS</strong></span> <span class='ocrx_word' id='word_1_3' title='bbox 1263 331 1804 392; x_wconf 83' lang='lat' dir='ltr'><strong>HALBERSTAT.</strong></span> <span class='ocrx_word' id='word_1_4' title='bbox 1835 329 2080 393; x_wconf 83' lang='lat' dir='ltr'><strong>EPISG.</strong></span> <span class='ocrx_word' id='word_1_5' title='bbox 2111 331 2284 393; x_wconf 87' lang='lat' dir='ltr'><strong>OPP.</strong></span> <span class='ocrx_word' id='word_1_6' title='bbox 2315 332 2519 399; x_wconf 83' lang='lat' dir='ltr'><strong>PARS</strong></span> <span class='ocrx_word' id='word_1_7' title='bbox 2549 335 2598 398; x_wconf 90' lang='grc' dir='ltr'><strong>Ι.</strong></span> <span class='ocrx_word' id='word_1_8' title='bbox 2633 371 2711 384; x_wconf 84' lang='lat'><strong>—-</strong></span> <span class='ocrx_word' id='word_1_9' title='bbox 2739 339 3146 402; x_wconf 77' lang='lat' dir='ltr'><strong>COMMENT.</strong></span> <span class='ocrx_word' id='word_1_10' title='bbox 3181 339 3374 404; x_wconf 89' lang='lat' dir='ltr'><strong>BlBL.</strong></span> 
     </span>
    </p>
   </div>
   <div class='ocr_carea' id='block_1_3' title="bbox 3681 342 3800 405">
    <p class='ocr_par' dir='ltr' id='par_1_3' title="bbox 3681 342 3800 405">
     <span class='ocr_line' id='line_1_3' title="bbox 3681 342 3800 405; baseline 0.008 -1"><span class='ocrx_word' id='word_1_11' title='bbox 3681 342 3800 405; x_wconf 82' lang='lat'><strong>956</strong></span> 
     </span>
    </p>
   </div>
   <div class='ocr_carea' id='block_1_4' title="bbox 397 463 3801 546">
    <p class='ocr_par' dir='ltr' id='par_1_4' title="bbox 397 463 3801 546">
     <span class='ocr_line' id='line_1_4' title="bbox 397 463 3801 546; baseline 0.002 -17"><span class='ocrx_word' id='word_1_12' title='bbox 397 469 818 545; x_wconf 67' lang='lat' dir='ltr'><strong>Egyptiorum,</strong></span> <span class='ocrx_word' id='word_1_13' title='bbox 849 466 1240 538; x_wconf 84' lang='lat' dir='ltr'><strong>Assyriorum,</strong></span> <span class='ocrx_word' id='word_1_14' title='bbox 1273 464 1640 537; x_wconf 89' lang='lat' dir='ltr'><strong>aliorumque</strong></span> <span class='ocrx_word' id='word_1_15' title='bbox 1669 463 1990 521; x_wconf 89' lang='lat' dir='ltr'><strong>multorum</strong></span> <span class='ocrx_word' id='word_1_16' title='bbox 2021 481 2036 519; x_wconf 88' lang='lat'><strong>:</strong></span> <span class='ocrx_word' id='word_1_17' title='bbox 2069 465 2126 532; x_wconf 79' lang='grc' dir='ltr'><strong>Α</strong></span> <span class='ocrx_word' id='word_1_18' title='bbox 2153 464 2298 523; x_wconf 90' lang='lat' dir='ltr'><strong>bant</strong></span> <span class='ocrx_word' id='word_1_19' title='bbox 2325 467 2377 524; x_wconf 90' lang='lat' dir='ltr'><strong>ei</strong></span> <span class='ocrx_word' id='word_1_20' title='bbox 2426 468 2706 528; x_wconf 79' lang='lat' dir='ltr'><strong>duritiam</strong></span> <span class='ocrx_word' id='word_1_21' title='bbox 2752 474 2818 528; x_wconf 92' lang='lat' dir='ltr'><strong>ut</strong></span> <span class='ocrx_word' id='word_1_22' title='bbox 2863 472 3010 529; x_wconf 89' lang='lat' dir='ltr'>nulli</span> <span class='ocrx_word' id='word_1_23' title='bbox 3066 477 3346 546; x_wconf 80' lang='lat' dir='ltr'><strong>parceret,</strong></span> <span class='ocrx_word' id='word_1_24' title='bbox 3379 474 3643 532; x_wconf 83' lang='lat' dir='ltr'><strong>dicentes</strong></span> <span class='ocrx_word' id='word_1_25' title='bbox 3669 493 3801 534; x_wconf 86' lang='lat' dir='ltr'><strong>eam</strong></span> 
     </span>
    </p>
   </div>
   <div class='ocr_carea' id='block_1_5' title="bbox 397 555 1196 634">
    <p class='ocr_par' dir='ltr' id='par_1_5' title="bbox 397 555 1196 634">
     <span class='ocr_line' id='line_1_5' title="bbox 397 555 1196 634; baseline -0.011 -16"><span class='ocrx_word' id='word_1_26' title='bbox 397 561 616 634; x_wconf 86' lang='lat' dir='ltr'><strong>quibus</strong></span> <span class='ocrx_word' id='word_1_27' title='bbox 645 563 816 615; x_wconf 89' lang='lat' dir='ltr'><strong>antea</strong></span> <span class='ocrx_word' id='word_1_28' title='bbox 843 555 1196 627; x_wconf 83' lang='lat' dir='ltr'><strong>imperabas.</strong></span> 
     </span>
    </p>
   </div>
   <div class='ocr_carea' id='block_1_6' title="bbox 471 669 2045 742">
    <p class='ocr_par' dir='ltr' id='par_1_6' title="bbox 471 669 2045 742">
     <span class='ocr_line' id='line_1_6' title="bbox 471 669 2045 742; baseline 0 -16"><span class='ocrx_word' id='word_1_29' title='bbox 471 700 498 728; x_wconf 86' lang='grc'><strong><em>‹‹</em></strong></span> <span class='ocrx_word' id='word_1_30' title='bbox 522 677 710 732; x_wconf 89' lang='lat' dir='ltr'><strong>Iratus</strong></span> <span class='ocrx_word' id='word_1_31' title='bbox 741 688 873 729; x_wconf 89' lang='lat' dir='ltr'><strong>sum</strong></span> <span class='ocrx_word' id='word_1_32' title='bbox 904 687 1082 742; x_wconf 84' lang='lat' dir='ltr'><strong>super</strong></span> <span class='ocrx_word' id='word_1_33' title='bbox 1112 669 1394 742; x_wconf 89' lang='lat' dir='ltr'><strong>populum</strong></span> <span class='ocrx_word' id='word_1_34' title='bbox 1429 671 2045 736; x_wconf 88' lang='lat' dir='ltr'><strong>meum,contaminavi</strong></span> 
     </span>
    </p>
   </div>
   <div class='ocr_carea' id='block_1_7' title="bbox 396 759 2044 826">
    <p class='ocr_par' dir='ltr' id='par_1_7' title="bbox 396 759 2044 826">
     <span class='ocr_line' id='line_1_7' title="bbox 396 759 2044 826; baseline -0.003 -5"><span class='ocrx_word' id='word_1_35' title='bbox 396 763 796 822; x_wconf 67' lang='lat' dir='ltr'><strong>hereditatem</strong></span> <span class='ocrx_word' id='word_1_36' title='bbox 819 763 1098 826; x_wconf 90' lang='lat' dir='ltr'><strong>meam,et</strong></span> <span class='ocrx_word' id='word_1_37' title='bbox 1123 759 1255 814; x_wconf 89' lang='lat' dir='ltr'>dedi</span> <span class='ocrx_word' id='word_1_38' title='bbox 1279 775 1379 814; x_wconf 89' lang='lat' dir='ltr'><strong>eos</strong></span> <span class='ocrx_word' id='word_1_39' title='bbox 1399 759 1456 812; x_wconf 92' lang='lat' dir='ltr'><strong>in</strong></span> <span class='ocrx_word' id='word_1_40' title='bbox 1481 775 1658 814; x_wconf 86' lang='lat' dir='ltr'><strong>manu</strong></span> <span class='ocrx_word' id='word_1_41' title='bbox 1682 762 1840 814; x_wconf 81' lang='lat' dir='ltr'><strong>tua.»</strong></span> <span class='ocrx_word' id='word_1_42' title='bbox 1874 761 2044 816; x_wconf 92' lang='lat' dir='ltr'><strong>Modo</strong></span> 
     </span>
    </p>
   </div>
   <div class='ocr_carea' id='block_1_8' title="bbox 395 848 2042 922">
    <p class='ocr_par' dir='ltr' id='par_1_8' title="bbox 395 848 2042 922">
     <span class='ocr_line' id='line_1_8' title="bbox 395 848 2042 922; baseline -0.003 -12"><span class='ocrx_word' id='word_1_43' title='bbox 395 853 585 910; x_wconf 90' lang='lat' dir='ltr'><strong>reddit</strong></span> <span class='ocrx_word' id='word_1_44' title='bbox 605 867 844 908; x_wconf 84' lang='lat' dir='ltr'><strong>causam</strong></span> <span class='ocrx_word' id='word_1_45' title='bbox 859 867 1038 922; x_wconf 89' lang='lat' dir='ltr'><strong>quare</strong></span> <span class='ocrx_word' id='word_1_46' title='bbox 1057 848 1405 904; x_wconf 86' lang='lat' dir='ltr'><strong>irasceretur</strong></span> <span class='ocrx_word' id='word_1_47' title='bbox 1427 849 1496 902; x_wconf 89' lang='lat' dir='ltr'><strong>ad</strong></span> <span class='ocrx_word' id='word_1_48' title='bbox 1506 865 1704 903; x_wconf 85' lang='lat' dir='ltr'><strong>versus</strong></span> <span class='ocrx_word' id='word_1_49' title='bbox 1724 848 2042 918; x_wconf 66' lang='lat' dir='ltr'><strong>Chaldaeos,</strong></span> 
     </span>
    </p>
   </div>
   <div class='ocr_carea' id='block_1_9' title="bbox 395 936 2041 1014">
    <p class='ocr_par' dir='ltr' id='par_1_9' title="bbox 395 936 2041 1014">
     <span class='ocr_line' id='line_1_9' title="bbox 395 936 2041 1014; baseline -0.002 -16"><span class='ocrx_word' id='word_1_50' title='bbox 395 961 466 1000; x_wconf 92' lang='lat' dir='ltr'><strong>ne</strong></span> <span class='ocrx_word' id='word_1_51' title='bbox 492 941 708 1014; x_wconf 87' lang='lat' dir='ltr'>aliquis</span> <span class='ocrx_word' id='word_1_52' title='bbox 736 936 956 996; x_wconf 78' lang='lat' dir='ltr'><strong>diceret</strong></span> <span class='ocrx_word' id='word_1_53' title='bbox 987 938 1141 1011; x_wconf 90' lang='lat' dir='ltr'><strong>quod</strong></span> <span class='ocrx_word' id='word_1_54' title='bbox 1175 937 1302 993; x_wconf 88' lang='lat' dir='ltr'>sine</span> <span class='ocrx_word' id='word_1_55' title='bbox 1333 947 1512 992; x_wconf 84' lang='lat' dir='ltr'><strong>causa</strong></span> <span class='ocrx_word' id='word_1_56' title='bbox 1541 939 1892 1010; x_wconf 82' lang='lat' dir='ltr'><strong>percusserit</strong></span> <span class='ocrx_word' id='word_1_57' title='bbox 1923 956 2041 995; x_wconf 90' lang='lat' dir='ltr'><strong>eos:</strong></span> 
     </span>
    </p>
   </div>
   <div class='ocr_carea' id='block_1_10' title="bbox 391 1025 2044 1103">
    <p class='ocr_par' dir='ltr' id='par_1_10' title="bbox 391 1025 2044 1103">
     <span class='ocr_line' id='line_1_10' title="bbox 391 1025 2044 1103; baseline -0.002 -15"><span class='ocrx_word' id='word_1_58' title='bbox 391 1032 480 1088; x_wconf 87' lang='lat' dir='ltr'><strong>vel</strong></span> <span class='ocrx_word' id='word_1_59' title='bbox 523 1035 590 1086; x_wconf 92' lang='lat' dir='ltr'><strong>ut</strong></span> <span class='ocrx_word' id='word_1_60' title='bbox 630 1032 1049 1103; x_wconf 81' lang='lat' dir='ltr'><strong>cognoscerent</strong></span> <span class='ocrx_word' id='word_1_61' title='bbox 1103 1027 1215 1099; x_wconf 89' lang='lat' dir='ltr'>ipsi</span> <span class='ocrx_word' id='word_1_62' title='bbox 1275 1025 1550 1093; x_wconf 70' lang='lat' dir='ltr'><strong>Chaldaei,</strong></span> <span class='ocrx_word' id='word_1_63' title='bbox 1585 1026 1738 1099; x_wconf 90' lang='lat' dir='ltr'><strong>quod</strong></span> <span class='ocrx_word' id='word_1_64' title='bbox 1797 1027 2044 1084; x_wconf 88' lang='lat' dir='ltr'><strong>Domino</strong></span> 
     </span>
    </p>
   </div>
   <div class='ocr_carea' id='block_1_11' title="bbox 393 1115 2046 1195">
    <p class='ocr_par' dir='ltr' id='par_1_11' title="bbox 393 1115 2046 1195">
     <span class='ocr_line' id='line_1_11' title="bbox 393 1115 2046 1195; baseline -0.003 -18"><span class='ocrx_word' id='word_1_65' title='bbox 393 1119 765 1195; x_wconf 84' lang='lat' dir='ltr'><strong>permittente</strong></span> <span class='ocrx_word' id='word_1_66' title='bbox 823 1116 1229 1190; x_wconf 82' lang='lat' dir='ltr'><strong>superaverint</strong></span> <span class='ocrx_word' id='word_1_67' title='bbox 1271 1132 1390 1170; x_wconf 90' lang='lat' dir='ltr'><strong>cos.</strong></span> <span class='ocrx_word' id='word_1_68' title='bbox 1425 1115 1614 1170; x_wconf 84' lang='lat' dir='ltr'><strong>Iratus</strong></span> <span class='ocrx_word' id='word_1_69' title='bbox 1645 1133 1778 1170; x_wconf 90' lang='lat' dir='ltr'><strong>sum</strong></span> <span class='ocrx_word' id='word_1_70' title='bbox 1809 1116 2046 1188; x_wconf 83' lang='lat' dir='ltr'><strong>(inquit)</strong></span> 
     </span>
    </p>
   </div>
   <div class='ocr_carea' id='block_1_12' title="bbox 394 1202 2042 1284">
    <p class='ocr_par' dir='ltr' id='par_1_12' title="bbox 394 1202 2042 1284">
     <span class='ocr_line' id='line_1_12' title="bbox 394 1202 2042 1284; baseline -0.003 -18"><span class='ocrx_word' id='word_1_71' title='bbox 394 1210 692 1284; x_wconf 89' lang='lat' dir='ltr'><strong>quondam</strong></span> <span class='ocrx_word' id='word_1_72' title='bbox 743 1223 922 1278; x_wconf 87' lang='lat' dir='ltr'><strong>super</strong></span> <span class='ocrx_word' id='word_1_73' title='bbox 975 1203 1256 1276; x_wconf 87' lang='lat' dir='ltr'>populum</span> <span class='ocrx_word' id='word_1_74' title='bbox 1308 1220 1528 1266; x_wconf 88' lang='lat' dir='ltr'><strong>meum,</strong></span> <span class='ocrx_word' id='word_1_75' title='bbox 1557 1202 1802 1276; x_wconf 87' lang='lat' dir='ltr'><strong>ideoque</strong></span> <span class='ocrx_word' id='word_1_76' title='bbox 1830 1206 2042 1261; x_wconf 83' lang='lat' dir='ltr'><strong>tradidi</strong></span> 
     </span>
    </p>
   </div>
   <div class='ocr_carea' id='block_1_13' title="bbox 393 1291 2040 1361">
    <p class='ocr_par' dir='ltr' id='par_1_13' title="bbox 393 1291 2040 1361">
     <span class='ocr_line' id='line_1_13' title="bbox 393 1291 2040 1361; baseline -0.004 -6"><span class='ocrx_word' id='word_1_77' title='bbox 393 1315 530 1355; x_wconf 90' lang='lat' dir='ltr'><strong>eum</strong></span> <span class='ocrx_word' id='word_1_78' title='bbox 562 1297 620 1352; x_wconf 91' lang='lat' dir='ltr'><strong>in</strong></span> <span class='ocrx_word' id='word_1_79' title='bbox 648 1311 826 1351; x_wconf 88' lang='lat' dir='ltr'><strong>manu</strong></span> <span class='ocrx_word' id='word_1_80' title='bbox 848 1291 1376 1348; x_wconf 85' lang='lat' dir='ltr'><strong>tua.Contaminavi</strong></span> <span class='ocrx_word' id='word_1_81' title='bbox 1406 1291 1800 1348; x_wconf 69' lang='lat' dir='ltr'><strong>haereditatem</strong></span> <span class='ocrx_word' id='word_1_82' title='bbox 1826 1311 2040 1361; x_wconf 87' lang='lat' dir='ltr'><strong>meam,</strong></span> 
     </span>
    </p>
   </div>
   <div class='ocr_carea' id='block_1_14' title="bbox 392 1379 2042 1455">
    <p class='ocr_par' dir='ltr' id='par_1_14' title="bbox 392 1379 2042 1455">
     <span class='ocr_line' id='line_1_14' title="bbox 392 1379 2042 1455; baseline -0.004 -9"><span class='ocrx_word' id='word_1_83' title='bbox 392 1389 503 1445; x_wconf 90' lang='lat' dir='ltr'><strong>hoc</strong></span> <span class='ocrx_word' id='word_1_84' title='bbox 535 1381 1038 1455; x_wconf 89' lang='lat' dir='ltr'><strong>est,contaminari</strong></span> <span class='ocrx_word' id='word_1_85' title='bbox 1074 1379 1312 1452; x_wconf 86' lang='lat' dir='ltr'><strong>permisi</strong></span> <span class='ocrx_word' id='word_1_86' title='bbox 1343 1397 1376 1434; x_wconf 91' lang='lat' dir='ltr'><strong>a</strong></span> <span class='ocrx_word' id='word_1_87' title='bbox 1407 1383 1481 1446; x_wconf 92' lang='lat' dir='ltr'><strong>te,</strong></span> <span class='ocrx_word' id='word_1_88' title='bbox 1513 1385 1578 1436; x_wconf 92' lang='lat' dir='ltr'><strong>ut</strong></span> <span class='ocrx_word' id='word_1_89' title='bbox 1609 1382 1940 1438; x_wconf 78' lang='lat' dir='ltr'><strong>auferretur</strong></span> <span class='ocrx_word' id='word_1_90' title='bbox 1969 1385 2042 1440; x_wconf 89' lang='lat' dir='ltr'><strong>ab</strong></span> 
     </span>
    </p>
   </div>
   <div class='ocr_carea' id='block_1_15' title="bbox 393 1471 2042 1546">
    <p class='ocr_par' dir='ltr' id='par_1_15' title="bbox 393 1471 2042 1546">
     <span class='ocr_line' id='line_1_15' title="bbox 393 1471 2042 1546; baseline -0.002 -12"><span class='ocrx_word' id='word_1_91' title='bbox 393 1494 460 1534; x_wconf 91' lang='lat' dir='ltr'><strong>eo</strong></span> <span class='ocrx_word' id='word_1_92' title='bbox 493 1477 565 1532; x_wconf 89' lang='lat' dir='ltr'><strong>ad</strong></span> <span class='ocrx_word' id='word_1_93' title='bbox 595 1479 829 1546; x_wconf 90' lang='lat' dir='ltr'><strong>tempus</strong></span> <span class='ocrx_word' id='word_1_94' title='bbox 859 1471 1166 1528; x_wconf 83' lang='lat' dir='ltr'><strong>sacerdotii</strong></span> <span class='ocrx_word' id='word_1_95' title='bbox 1197 1471 1538 1544; x_wconf 87' lang='lat' dir='ltr'><strong>dignitas,ct_</strong></span> <span class='ocrx_word' id='word_1_96' title='bbox 1562 1475 2042 1531; x_wconf 76' lang='lat' dir='ltr'><strong>caeremoniarum</strong></span> 
     </span>
    </p>
   </div>
   <div class='ocr_carea' id='block_1_16' title="bbox 394 1559 2041 1636">
    <p class='ocr_par' dir='ltr' id='par_1_16' title="bbox 394 1559 2041 1636">
     <span class='ocr_line' id='line_1_16' title="bbox 394 1559 2041 1636; baseline -0.004 -14"><span class='ocrx_word' id='word_1_97' title='bbox 394 1566 543 1622; x_wconf 89' lang='lat' dir='ltr'><strong>ritus</strong></span> <span class='ocrx_word' id='word_1_98' title='bbox 577 1581 590 1620; x_wconf 91' lang='lat'>:</span> <span class='ocrx_word' id='word_1_99' title='bbox 625 1567 682 1620; x_wconf 91' lang='lat' dir='ltr'><strong>et</strong></span> <span class='ocrx_word' id='word_1_100' title='bbox 710 1563 840 1618; x_wconf 91' lang='lat' dir='ltr'><strong>dedi</strong></span> <span class='ocrx_word' id='word_1_101' title='bbox 901 1579 1000 1618; x_wconf 90' lang='lat' dir='ltr'><strong>cos</strong></span> <span class='ocrx_word' id='word_1_102' title='bbox 1058 1559 1118 1616; x_wconf 91' lang='lat' dir='ltr'>in</span> <span class='ocrx_word' id='word_1_103' title='bbox 1178 1578 1356 1616; x_wconf 88' lang='lat' dir='ltr'><strong>manu</strong></span> <span class='ocrx_word' id='word_1_104' title='bbox 1416 1565 1536 1628; x_wconf 91' lang='lat' dir='ltr'><strong>tua,</strong></span> <span class='ocrx_word' id='word_1_105' title='bbox 1569 1561 1679 1618; x_wconf 91' lang='lat' dir='ltr'><strong>hoc</strong></span> <span class='ocrx_word' id='word_1_106' title='bbox 1705 1567 1814 1628; x_wconf 88' lang='lat' dir='ltr'><strong>est,</strong></span> <span class='ocrx_word' id='word_1_107' title='bbox 1847 1562 1905 1617; x_wconf 90' lang='lat' dir='ltr'>in</span> <span class='ocrx_word' id='word_1_108' title='bbox 1941 1581 2041 1636; x_wconf 89' lang='lat' dir='ltr'><strong>po-</strong></span> 
     </span>
    </p>
   </div>
   <div class='ocr_carea' id='block_1_17' title="bbox 391 1645 2040 1724">
    <p class='ocr_par' dir='ltr' id='par_1_17' title="bbox 391 1645 2040 1724">
     <span class='ocr_line' id='line_1_17' title="bbox 391 1645 2040 1724; baseline -0.003 -13"><span class='ocrx_word' id='word_1_109' title='bbox 391 1657 601 1710; x_wconf 86' lang='lat' dir='ltr'><strong>testate</strong></span> <span class='ocrx_word' id='word_1_110' title='bbox 629 1656 751 1718; x_wconf 88' lang='lat' dir='ltr'><strong>tua,</strong></span> <span class='ocrx_word' id='word_1_111' title='bbox 777 1655 841 1707; x_wconf 92' lang='lat' dir='ltr'><strong>ut</strong></span> <span class='ocrx_word' id='word_1_112' title='bbox 871 1669 984 1706; x_wconf 91' lang='lat' dir='ltr'><strong>non</strong></span> <span class='ocrx_word' id='word_1_113' title='bbox 1019 1645 1312 1706; x_wconf 82' lang='lat' dir='ltr'><strong>occideres</strong></span> <span class='ocrx_word' id='word_1_114' title='bbox 1346 1650 1599 1721; x_wconf 86' lang='lat' dir='ltr'><strong>penitus,</strong></span> <span class='ocrx_word' id='word_1_115' title='bbox 1623 1652 1725 1706; x_wconf 89' lang='lat' dir='ltr'><strong>sed</strong></span> <span class='ocrx_word' id='word_1_116' title='bbox 1761 1655 1825 1706; x_wconf 90' lang='lat' dir='ltr'><strong>ut</strong></span> <span class='ocrx_word' id='word_1_117' title='bbox 1846 1653 2040 1724; x_wconf 83' lang='lat' dir='ltr'><strong>flagel-</strong></span> 
     </span>
    </p>
   </div>
   <div class='ocr_carea' id='block_1_18' title="bbox 391 1737 2039 1812">
    <p class='ocr_par' dir='ltr' id='par_1_18' title="bbox 391 1737 2039 1812">
     <span class='ocr_line' id='line_1_18' title="bbox 391 1737 2039 1812; baseline 0 -14"><span class='ocrx_word' id='word_1_118' title='bbox 391 1743 564 1798; x_wconf 87' lang='lat' dir='ltr'><strong>lares.</strong></span> <span class='ocrx_word' id='word_1_119' title='bbox 597 1764 625 1791; x_wconf 85' lang='lat'><strong><em>«</em></strong></span> <span class='ocrx_word' id='word_1_120' title='bbox 659 1741 784 1796; x_wconf 89' lang='lat' dir='ltr'><strong>Non</strong></span> <span class='ocrx_word' id='word_1_121' title='bbox 843 1739 1090 1812; x_wconf 87' lang='lat' dir='ltr'><strong>posuisti</strong></span> <span class='ocrx_word' id='word_1_122' title='bbox 1149 1738 1234 1794; x_wconf 91' lang='lat' dir='ltr'><strong>eis</strong></span> <span class='ocrx_word' id='word_1_123' title='bbox 1292 1737 1743 1808; x_wconf 87' lang='lat' dir='ltr'><strong>misericordias,</strong></span> <span class='ocrx_word' id='word_1_124' title='bbox 1781 1763 1808 1789; x_wconf 83' lang='lat'>»</span> <span class='ocrx_word' id='word_1_125' title='bbox 1839 1739 1896 1796; x_wconf 92' lang='lat' dir='ltr'><strong>id</strong></span> <span class='ocrx_word' id='word_1_126' title='bbox 1930 1746 2039 1808; x_wconf 84' lang='lat' dir='ltr'><strong>est,</strong></span> 
     </span>
    </p>
   </div>
   <div class='ocr_carea' id='block_1_19' title="bbox 2153 563 2812 632">
    <p class='ocr_par' dir='ltr' id='par_1_19' title="bbox 2153 563 2812 632">
     <span class='ocr_line' id='line_1_19' title="bbox 2153 563 2812 632; baseline 0.011 -22"><span class='ocrx_word' id='word_1_127' title='bbox 2153 571 2386 629; x_wconf 89' lang='lat' dir='ltr'><strong>semper</strong></span> <span class='ocrx_word' id='word_1_128' title='bbox 2413 563 2812 632; x_wconf 87' lang='lat' dir='ltr'><strong>regnaturam.</strong></span> 
     </span>
    </p>
   </div>
   <div class='ocr_carea' id='block_1_20' title="bbox 2225 664 3802 744">
    <p class='ocr_par' dir='ltr' id='par_1_20' title="bbox 2225 664 3802 744">
     <span class='ocr_line' id='line_1_20' title="bbox 2225 664 3802 744; baseline 0.007 -27"><span class='ocrx_word' id='word_1_129' title='bbox 2225 686 2252 712; x_wconf 86' lang='grc'><strong>‹‹</strong></span> <span class='ocrx_word' id='word_1_130' title='bbox 2288 664 2358 718; x_wconf 89' lang='lat' dir='ltr'><strong>Et</strong></span> <span class='ocrx_word' id='word_1_131' title='bbox 2388 665 2684 736; x_wconf 88' lang='lat' dir='ltr'><strong>ﬁduciam,</strong></span> <span class='ocrx_word' id='word_1_132' title='bbox 2706 690 2734 719; x_wconf 89' lang='grc'><strong>››</strong></span> <span class='ocrx_word' id='word_1_133' title='bbox 2767 669 3052 726; x_wconf 86' lang='lat' dir='ltr'><strong>subaudis</strong></span> <span class='ocrx_word' id='word_1_134' title='bbox 3083 671 3388 744; x_wconf 87' lang='lat' dir='ltr'><strong>regnandi,</strong></span> <span class='ocrx_word' id='word_1_135' title='bbox 3412 695 3441 722; x_wconf 82' lang='lat'><strong><em>«</em></strong></span> <span class='ocrx_word' id='word_1_136' title='bbox 3465 671 3724 729; x_wconf 88' lang='lat' dir='ltr'><strong>habuisti</strong></span> <span class='ocrx_word' id='word_1_137' title='bbox 3743 672 3802 728; x_wconf 90' lang='lat' dir='ltr'><strong>in</strong></span> 
     </span>
    </p>
   </div>
   <div class='ocr_carea' id='block_1_21' title="bbox 2153 751 3802 836">
    <p class='ocr_par' dir='ltr' id='par_1_21' title="bbox 2153 751 3802 836">
     <span class='ocr_line' id='line_1_21' title="bbox 2153 751 3802 836; baseline 0.007 -29"><span class='ocrx_word' id='word_1_138' title='bbox 2153 751 2382 808; x_wconf 89' lang='lat' dir='ltr'><strong>malitia</strong></span> <span class='ocrx_word' id='word_1_139' title='bbox 2411 759 2571 826; x_wconf 81' lang='lat' dir='ltr'><strong>tua,»</strong></span> <span class='ocrx_word' id='word_1_140' title='bbox 2602 756 2710 812; x_wconf 90' lang='lat' dir='ltr'><strong>hoc</strong></span> <span class='ocrx_word' id='word_1_141' title='bbox 2741 761 2849 826; x_wconf 88' lang='lat' dir='ltr'><strong>est,</strong></span> <span class='ocrx_word' id='word_1_142' title='bbox 2874 757 2934 812; x_wconf 90' lang='lat' dir='ltr'><strong>in</strong></span> <span class='ocrx_word' id='word_1_143' title='bbox 2965 758 3464 816; x_wconf 87' lang='lat' dir='ltr'><strong>incantationibus</strong></span> <span class='ocrx_word' id='word_1_144' title='bbox 3494 777 3802 836; x_wconf 84' lang='lat' dir='ltr'><strong>magorum</strong></span> 
     </span>
    </p>
   </div>
   <div class='ocr_carea' id='block_1_22' title="bbox 2154 845 3804 920">
    <p class='ocr_par' dir='ltr' id='par_1_22' title="bbox 2154 845 3804 920">
     <span class='ocr_line' id='line_1_22' title="bbox 2154 845 3804 920; baseline 0.006 -24"><span class='ocrx_word' id='word_1_145' title='bbox 2154 845 2417 911; x_wconf 91' lang='lat' dir='ltr'><strong>tuorum,</strong></span> <span class='ocrx_word' id='word_1_146' title='bbox 2444 866 2466 894; x_wconf 73' lang='grc' dir='ltr'><strong>σι</strong></span> <span class='ocrx_word' id='word_1_147' title='bbox 2491 848 2549 900; x_wconf 90' lang='lat' dir='ltr'><strong>et</strong></span> <span class='ocrx_word' id='word_1_148' title='bbox 2570 845 2766 901; x_wconf 86' lang='lat' dir='ltr'><strong>dixisti</strong></span> <span class='ocrx_word' id='word_1_149' title='bbox 2793 864 2807 902; x_wconf 90' lang='lat'><strong>:</strong></span> <span class='ocrx_word' id='word_1_150' title='bbox 2833 848 2957 903; x_wconf 89' lang='lat' dir='ltr'><strong>Non</strong></span> <span class='ocrx_word' id='word_1_151' title='bbox 2989 851 3080 904; x_wconf 89' lang='lat' dir='ltr'><strong>est</strong></span> <span class='ocrx_word' id='word_1_152' title='bbox 3108 847 3208 920; x_wconf 87' lang='lat' dir='ltr'><strong>qui</strong></span> <span class='ocrx_word' id='word_1_153' title='bbox 3240 848 3434 905; x_wconf 87' lang='lat' dir='ltr'><strong>videat</strong></span> <span class='ocrx_word' id='word_1_154' title='bbox 3451 866 3604 919; x_wconf 79' lang='lat' dir='ltr'><strong>me,»</strong></span> <span class='ocrx_word' id='word_1_155' title='bbox 3626 851 3688 906; x_wconf 93' lang='lat' dir='ltr'><strong>id</strong></span> <span class='ocrx_word' id='word_1_156' title='bbox 3714 855 3804 907; x_wconf 87' lang='lat' dir='ltr'><strong>est</strong></span> 
     </span>
    </p>
   </div>
   <div class='ocr_carea' id='block_1_23' title="bbox 2153 931 3804 1010">
    <p class='ocr_par' dir='ltr' id='par_1_23' title="bbox 2153 931 3804 1010">
     <span class='ocr_line' id='line_1_23' title="bbox 2153 931 3804 1010; baseline 0.006 -25"><span class='ocrx_word' id='word_1_157' title='bbox 2153 931 2249 1002; x_wconf 90' lang='lat' dir='ltr'><strong>qui</strong></span> <span class='ocrx_word' id='word_1_158' title='bbox 2275 932 2581 1004; x_wconf 90' lang='lat' dir='ltr'><strong>prohibeat</strong></span> <span class='ocrx_word' id='word_1_159' title='bbox 2605 952 2697 991; x_wconf 90' lang='lat' dir='ltr'><strong>me</strong></span> <span class='ocrx_word' id='word_1_160' title='bbox 2719 952 2754 990; x_wconf 92' lang='lat' dir='ltr'><strong>a</strong></span> <span class='ocrx_word' id='word_1_161' title='bbox 2773 935 2926 992; x_wconf 88' lang='lat' dir='ltr'><strong>malo</strong></span> <span class='ocrx_word' id='word_1_162' title='bbox 2950 953 3100 992; x_wconf 91' lang='lat' dir='ltr'><strong>meo.</strong></span> <span class='ocrx_word' id='word_1_163' title='bbox 3130 959 3160 986; x_wconf 84' lang='lat'><strong>«</strong></span> <span class='ocrx_word' id='word_1_164' title='bbox 3184 937 3483 1010; x_wconf 87' lang='lat' dir='ltr'><strong>Sapientia</strong></span> <span class='ocrx_word' id='word_1_165' title='bbox 3509 942 3668 1008; x_wconf 81' lang='lat' dir='ltr'><strong>tua,»</strong></span> <span class='ocrx_word' id='word_1_166' title='bbox 3693 939 3804 995; x_wconf 90' lang='lat' dir='ltr'><strong>hoc</strong></span> 
     </span>
    </p>
   </div>
   <div class='ocr_carea' id='block_1_24' title="bbox 2153 1021 3807 1097">
    <p class='ocr_par' dir='ltr' id='par_1_24' title="bbox 2153 1021 3807 1097">
     <span class='ocr_line' id='line_1_24' title="bbox 2153 1021 3807 1097; baseline 0.006 -23"><span class='ocrx_word' id='word_1_167' title='bbox 2153 1025 2263 1088; x_wconf 91' lang='lat' dir='ltr'><strong>est,</strong></span> <span class='ocrx_word' id='word_1_168' title='bbox 2320 1021 2506 1088; x_wconf 89' lang='lat' dir='ltr'><strong>arioli,</strong></span> <span class='ocrx_word' id='word_1_169' title='bbox 2557 1023 2737 1095; x_wconf 87' lang='lat' dir='ltr'><strong>magi,</strong></span> <span class='ocrx_word' id='word_1_170' title='bbox 2786 1028 2845 1080; x_wconf 90' lang='lat' dir='ltr'><strong>et</strong></span> <span class='ocrx_word' id='word_1_171' title='bbox 2901 1025 3224 1097; x_wconf 83' lang='lat' dir='ltr'><strong>aruspices,</strong></span> <span class='ocrx_word' id='word_1_172' title='bbox 3269 1025 3376 1092; x_wconf 92' lang='lat' dir='ltr'><strong>tui,</strong></span> <span class='ocrx_word' id='word_1_173' title='bbox 3410 1048 3439 1075; x_wconf 85' lang='lat'><strong><em>«</em></strong></span> <span class='ocrx_word' id='word_1_174' title='bbox 3471 1031 3531 1082; x_wconf 91' lang='lat' dir='ltr'><strong>et</strong></span> <span class='ocrx_word' id='word_1_175' title='bbox 3557 1026 3807 1084; x_wconf 85' lang='lat' dir='ltr'><strong>scientia</strong></span> 
     </span>
    </p>
   </div>
   <div class='ocr_carea' id='block_1_25' title="bbox 2154 1110 3802 1186">
    <p class='ocr_par' dir='ltr' id='par_1_25' title="bbox 2154 1110 3802 1186">
     <span class='ocr_line' id='line_1_25' title="bbox 2154 1110 3802 1186; baseline 0.006 -23"><span class='ocrx_word' id='word_1_176' title='bbox 2154 1112 2274 1175; x_wconf 91' lang='lat' dir='ltr'><strong>tua,</strong></span> <span class='ocrx_word' id='word_1_177' title='bbox 2311 1132 2339 1158; x_wconf 83' lang='grc'><strong>››</strong></span> <span class='ocrx_word' id='word_1_178' title='bbox 2375 1110 2430 1164; x_wconf 91' lang='lat' dir='ltr'><strong>id</strong></span> <span class='ocrx_word' id='word_1_179' title='bbox 2464 1114 2553 1166; x_wconf 89' lang='lat' dir='ltr'><strong>est</strong></span> <span class='ocrx_word' id='word_1_180' title='bbox 2582 1111 2864 1168; x_wconf 83' lang='lat' dir='ltr'><strong>divinatio</strong></span> <span class='ocrx_word' id='word_1_181' title='bbox 2895 1117 2953 1170; x_wconf 88' lang='lat' dir='ltr'><strong>et</strong></span> <span class='ocrx_word' id='word_1_182' title='bbox 2984 1114 3244 1186; x_wconf 91' lang='lat' dir='ltr'><strong>aspectio</strong></span> <span class='ocrx_word' id='word_1_183' title='bbox 3275 1119 3592 1170; x_wconf 91' lang='lat' dir='ltr'><strong>astrorum.</strong></span> <span class='ocrx_word' id='word_1_184' title='bbox 3623 1115 3802 1173; x_wconf 66' lang='lat' dir='ltr'><strong>«Haec</strong></span> 
     </span>
    </p>
   </div>
   <div class='ocr_carea' id='block_1_26' title="bbox 2154 1198 3803 1275">
    <p class='ocr_par' dir='ltr' id='par_1_26' title="bbox 2154 1198 3803 1275">
     <span class='ocr_line' id='line_1_26' title="bbox 2154 1198 3803 1275; baseline 0.006 -24"><span class='ocrx_word' id='word_1_185' title='bbox 2154 1198 2382 1269; x_wconf 78' lang='lat' dir='ltr'><strong>decepit</strong></span> <span class='ocrx_word' id='word_1_186' title='bbox 2399 1199 2552 1254; x_wconf 87' lang='lat' dir='ltr'><strong>te.Et</strong></span> <span class='ocrx_word' id='word_1_187' title='bbox 2582 1199 2778 1255; x_wconf 77' lang='lat' dir='ltr'><strong>dixisti</strong></span> <span class='ocrx_word' id='word_1_188' title='bbox 2806 1217 2818 1254; x_wconf 92' lang='lat'>:</span> <span class='ocrx_word' id='word_1_189' title='bbox 2851 1202 2970 1275; x_wconf 86' lang='lat' dir='ltr'><strong>Ego</strong></span> <span class='ocrx_word' id='word_1_190' title='bbox 2991 1219 3146 1269; x_wconf 89' lang='lat' dir='ltr'><strong>sum,</strong></span> <span class='ocrx_word' id='word_1_191' title='bbox 3183 1225 3210 1252; x_wconf 81' lang='grc' dir='ltr'><strong>›ι</strong></span> <span class='ocrx_word' id='word_1_192' title='bbox 3245 1203 3533 1260; x_wconf 89' lang='lat' dir='ltr'><strong>subaudis</strong></span> <span class='ocrx_word' id='word_1_193' title='bbox 3561 1203 3803 1261; x_wconf 86' lang='lat' dir='ltr'><strong>domina</strong></span> 
     </span>
    </p>
   </div>
   <div class='ocr_carea' id='block_1_27' title="bbox 2153 1285 3800 1360">
    <p class='ocr_par' dir='ltr' id='par_1_27' title="bbox 2153 1285 3800 1360">
     <span class='ocr_line' id='line_1_27' title="bbox 2153 1285 3800 1360; baseline 0.007 -21"><span class='ocrx_word' id='word_1_194' title='bbox 2153 1285 2211 1339; x_wconf 91' lang='lat' dir='ltr'><strong>in</strong></span> <span class='ocrx_word' id='word_1_195' title='bbox 2245 1289 2364 1341; x_wconf 90' lang='lat' dir='ltr'><strong>toto</strong></span> <span class='ocrx_word' id='word_1_196' title='bbox 2414 1287 2574 1353; x_wconf 88' lang='lat' dir='ltr'><strong>orbe,</strong></span> <span class='ocrx_word' id='word_1_197' title='bbox 2609 1311 2635 1337; x_wconf 86' lang='grc'><strong><em>‹‹</em></strong></span> <span class='ocrx_word' id='word_1_198' title='bbox 2671 1292 2727 1344; x_wconf 91' lang='lat' dir='ltr'><strong>ct</strong></span> <span class='ocrx_word' id='word_1_199' title='bbox 2771 1295 2980 1360; x_wconf 65' lang='lat' dir='ltr'><strong>praeter</strong></span> <span class='ocrx_word' id='word_1_200' title='bbox 3010 1307 3103 1346; x_wconf 88' lang='lat' dir='ltr'><strong>me</strong></span> <span class='ocrx_word' id='word_1_201' title='bbox 3135 1307 3247 1346; x_wconf 90' lang='lat' dir='ltr'><strong>non</strong></span> <span class='ocrx_word' id='word_1_202' title='bbox 3279 1295 3370 1346; x_wconf 90' lang='lat' dir='ltr'><strong>est</strong></span> <span class='ocrx_word' id='word_1_203' title='bbox 3401 1291 3604 1358; x_wconf 89' lang='lat' dir='ltr'><strong>altera,</strong></span> <span class='ocrx_word' id='word_1_204' title='bbox 3639 1315 3668 1342; x_wconf 83' lang='lat'><strong>»</strong></span> <span class='ocrx_word' id='word_1_205' title='bbox 3701 1311 3800 1350; x_wconf 86' lang='lat' dir='ltr'><strong>su-</strong></span> 
     </span>
    </p>
   </div>
   <div class='ocr_carea' id='block_1_28' title="bbox 2153 1375 3802 1452">
    <p class='ocr_par' dir='ltr' id='par_1_28' title="bbox 2153 1375 3802 1452">
     <span class='ocr_line' id='line_1_28' title="bbox 2153 1375 3802 1452; baseline 0.005 -22"><span class='ocrx_word' id='word_1_206' title='bbox 2153 1375 2365 1430; x_wconf 85' lang='lat' dir='ltr'><strong>baudis</strong></span> <span class='ocrx_word' id='word_1_207' title='bbox 2393 1376 2624 1448; x_wconf 83' lang='lat' dir='ltr'><strong>regina;</strong></span> <span class='ocrx_word' id='word_1_208' title='bbox 2649 1399 2677 1426; x_wconf 87' lang='lat'><strong><em>«</em></strong></span> <span class='ocrx_word' id='word_1_209' title='bbox 2701 1379 2892 1434; x_wconf 87' lang='lat' dir='ltr'><strong>veniet</strong></span> <span class='ocrx_word' id='word_1_210' title='bbox 2921 1397 3098 1452; x_wconf 89' lang='lat' dir='ltr'><strong>super</strong></span> <span class='ocrx_word' id='word_1_211' title='bbox 3121 1385 3178 1436; x_wconf 87' lang='lat' dir='ltr'><strong>te</strong></span> <span class='ocrx_word' id='word_1_212' title='bbox 3210 1379 3493 1452; x_wconf 86' lang='lat' dir='ltr'><strong>malum,»</strong></span> <span class='ocrx_word' id='word_1_213' title='bbox 3515 1381 3802 1439; x_wconf 87' lang='lat' dir='ltr'><strong>subaudis</strong></span> 
     </span>
    </p>
   </div>
   <div class='ocr_carea' id='block_1_29' title="bbox 2153 1463 3803 1543">
    <p class='ocr_par' dir='ltr' id='par_1_29' title="bbox 2153 1463 3803 1543">
     <span class='ocr_line' id='line_1_29' title="bbox 2153 1463 3803 1543; baseline 0.006 -26"><span class='ocrx_word' id='word_1_214' title='bbox 2153 1463 2508 1534; x_wconf 83' lang='lat' dir='ltr'><strong>captivitatis</strong></span> <span class='ocrx_word' id='word_1_215' title='bbox 2558 1470 2617 1520; x_wconf 91' lang='lat' dir='ltr'><strong>et</strong></span> <span class='ocrx_word' id='word_1_216' title='bbox 2675 1465 2944 1534; x_wconf 68' lang='lat' dir='ltr'><strong>miseriae,</strong></span> <span class='ocrx_word' id='word_1_217' title='bbox 2978 1467 3133 1540; x_wconf 91' lang='lat' dir='ltr'><strong>quod</strong></span> <span class='ocrx_word' id='word_1_218' title='bbox 3192 1468 3468 1524; x_wconf 91' lang='lat' dir='ltr'><strong>omnibus</strong></span> <span class='ocrx_word' id='word_1_219' title='bbox 3525 1470 3803 1543; x_wconf 81' lang='lat' dir='ltr'><strong>gentibus</strong></span> 
     </span>
    </p>
   </div>
   <div class='ocr_carea' id='block_1_30' title="bbox 2152 1551 3805 1628">
    <p class='ocr_par' dir='ltr' id='par_1_30' title="bbox 2152 1551 3805 1628">
     <span class='ocr_line' id='line_1_30' title="bbox 2152 1551 3805 1628; baseline 0.006 -22"><span class='ocrx_word' id='word_1_220' title='bbox 2152 1551 2437 1608; x_wconf 85' lang='lat' dir='ltr'><strong>hactenus</strong></span> <span class='ocrx_word' id='word_1_221' title='bbox 2459 1555 2675 1624; x_wconf 89' lang='lat' dir='ltr'><strong>parasti</strong></span> <span class='ocrx_word' id='word_1_222' title='bbox 2703 1571 2717 1608; x_wconf 87' lang='lat'><strong>:</strong></span> <span class='ocrx_word' id='word_1_223' title='bbox 2744 1578 2771 1604; x_wconf 88' lang='lat'><strong><em>«</em></strong></span> <span class='ocrx_word' id='word_1_224' title='bbox 2795 1559 2855 1611; x_wconf 91' lang='lat' dir='ltr'><strong>et</strong></span> <span class='ocrx_word' id='word_1_225' title='bbox 2885 1555 3110 1612; x_wconf 89' lang='lat' dir='ltr'><strong>nescies</strong></span> <span class='ocrx_word' id='word_1_226' title='bbox 3140 1560 3334 1612; x_wconf 88' lang='lat' dir='ltr'><strong>ortum</strong></span> <span class='ocrx_word' id='word_1_227' title='bbox 3364 1557 3550 1628; x_wconf 79' lang='lat' dir='ltr'><strong>ejus,»</strong></span> <span class='ocrx_word' id='word_1_228' title='bbox 3585 1558 3697 1615; x_wconf 90' lang='lat' dir='ltr'><strong>hoc</strong></span> <span class='ocrx_word' id='word_1_229' title='bbox 3716 1564 3805 1616; x_wconf 88' lang='lat' dir='ltr'><strong>est</strong></span> 
     </span>
    </p>
   </div>
   <div class='ocr_carea' id='block_1_31' title="bbox 2152 1640 3804 1715">
    <p class='ocr_par' dir='ltr' id='par_1_31' title="bbox 2152 1640 3804 1715">
     <span class='ocr_line' id='line_1_31' title="bbox 2152 1640 3804 1715; baseline 0.005 -21"><span class='ocrx_word' id='word_1_230' title='bbox 2152 1640 2623 1698; x_wconf 88' lang='lat' dir='ltr'><strong>initium.Subito</strong></span> <span class='ocrx_word' id='word_1_231' title='bbox 2643 1642 2828 1715; x_wconf 90' lang='lat' dir='ltr'><strong>Cyrus</strong></span> <span class='ocrx_word' id='word_1_232' title='bbox 2849 1648 2908 1700; x_wconf 90' lang='lat' dir='ltr'><strong>et</strong></span> <span class='ocrx_word' id='word_1_233' title='bbox 2927 1644 3138 1700; x_wconf 92' lang='lat' dir='ltr'><strong>Darius</strong></span> <span class='ocrx_word' id='word_1_234' title='bbox 3164 1661 3298 1701; x_wconf 91' lang='lat' dir='ltr'><strong>cum</strong></span> <span class='ocrx_word' id='word_1_235' title='bbox 3319 1645 3506 1703; x_wconf 85' lang='lat' dir='ltr'><strong>Medis</strong></span> <span class='ocrx_word' id='word_1_236' title='bbox 3524 1651 3584 1702; x_wconf 90' lang='lat' dir='ltr'><strong>et</strong></span> <span class='ocrx_word' id='word_1_237' title='bbox 3613 1647 3804 1704; x_wconf 89' lang='lat' dir='ltr'><strong>Persis</strong></span> 
     </span>
    </p>
   </div>
   <div class='ocr_carea' id='block_1_32' title="bbox 2151 1729 3804 1808">
    <p class='ocr_par' dir='ltr' id='par_1_32' title="bbox 2151 1729 3804 1808">
     <span class='ocr_line' id='line_1_32' title="bbox 2151 1729 3804 1808; baseline 0.004 -23"><span class='ocrx_word' id='word_1_238' title='bbox 2151 1729 2446 1785; x_wconf 88' lang='lat' dir='ltr'><strong>civitatem</strong></span> <span class='ocrx_word' id='word_1_239' title='bbox 2475 1730 2852 1800; x_wconf 86' lang='lat' dir='ltr'><strong>obsederunt,</strong></span> <span class='ocrx_word' id='word_1_240' title='bbox 2885 1736 2942 1788; x_wconf 89' lang='lat' dir='ltr'><strong>et</strong></span> <span class='ocrx_word' id='word_1_241' title='bbox 2971 1733 3268 1806; x_wconf 90' lang='lat' dir='ltr'><strong>insperate</strong></span> <span class='ocrx_word' id='word_1_242' title='bbox 3307 1750 3522 1808; x_wconf 90' lang='lat' dir='ltr'><strong>.regem</strong></span> <span class='ocrx_word' id='word_1_243' title='bbox 3578 1734 3804 1792; x_wconf 83' lang='lat' dir='ltr'><strong>interﬁ-</strong></span> 
     </span>
    </p>
   </div>
   <div class='ocr_carea' id='block_1_33' title="bbox 391 1817 3803 1902">
    <p class='ocr_par' dir='ltr' id='par_1_33' title="bbox 391 1817 3803 1902">
     <span class='ocr_line' id='line_1_33' title="bbox 391 1817 3803 1902; baseline -0.002 -15"><span class='ocrx_word' id='word_1_244' title='bbox 391 1831 614 1887; x_wconf 88' lang='lat' dir='ltr'><strong>nullius</strong></span> <span class='ocrx_word' id='word_1_245' title='bbox 666 1829 944 1886; x_wconf 88' lang='lat' dir='ltr'><strong>miserata</strong></span> <span class='ocrx_word' id='word_1_246' title='bbox 991 1845 1074 1894; x_wconf 90' lang='lat' dir='ltr'><strong>es,</strong></span> <span class='ocrx_word' id='word_1_247' title='bbox 1109 1844 1296 1900; x_wconf 91' lang='lat' dir='ltr'><strong>neque</strong></span> <span class='ocrx_word' id='word_1_248' title='bbox 1353 1828 1530 1897; x_wconf 89' lang='lat' dir='ltr'><strong>senis,</strong></span> <span class='ocrx_word' id='word_1_249' title='bbox 1583 1846 1771 1901; x_wconf 86' lang='lat' dir='ltr'><strong>neque</strong></span> <span class='ocrx_word' id='word_1_250' title='bbox 1823 1831 1989 1902; x_wconf 72' lang='lat' dir='ltr'><strong>pueri</strong></span> <span class='ocrx_word' id='word_1_251' title='bbox 2024 1847 2036 1884; x_wconf 72' lang='grc' dir='ltr'><strong>ε</strong></span> <span class='ocrx_word' id='word_1_252' title='bbox 2070 1837 2118 1901; x_wconf 82' lang='grc' dir='ltr'><strong>Β</strong></span> <span class='ocrx_word' id='word_1_253' title='bbox 2154 1817 2395 1886; x_wconf 88' lang='lat' dir='ltr'><strong>cientes,</strong></span> <span class='ocrx_word' id='word_1_254' title='bbox 2426 1823 2806 1875; x_wconf 88' lang='lat' dir='ltr'><strong>vastaverunt</strong></span> <span class='ocrx_word' id='word_1_255' title='bbox 2863 1821 3063 1877; x_wconf 88' lang='lat' dir='ltr'><strong>omnia</strong></span> <span class='ocrx_word' id='word_1_256' title='bbox 3119 1839 3246 1894; x_wconf 70' lang='lat' dir='ltr'><strong>quae</strong></span> <span class='ocrx_word' id='word_1_257' title='bbox 3273 1822 3333 1877; x_wconf 92' lang='lat' dir='ltr'>in</span> <span class='ocrx_word' id='word_1_258' title='bbox 3359 1839 3426 1880; x_wconf 89' lang='lat' dir='ltr'><strong>ea</strong></span> <span class='ocrx_word' id='word_1_259' title='bbox 3453 1827 3643 1879; x_wconf 86' lang='lat' dir='ltr'><strong>erant.</strong></span> <span class='ocrx_word' id='word_1_260' title='bbox 3676 1825 3803 1881; x_wconf 88' lang='lat' dir='ltr'><strong>Non</strong></span> 
     </span>
    </p>
   </div>
   <div class='ocr_carea' id='block_1_34' title="bbox 389 1915 2041 1993">
    <p class='ocr_par' dir='ltr' id='par_1_34' title="bbox 389 1915 2041 1993">
     <span class='ocr_line' id='line_1_34' title="bbox 389 1915 2041 1993; baseline 0 -17"><span class='ocrx_word' id='word_1_261' title='bbox 389 1937 641 1993; x_wconf 88' lang='lat' dir='ltr'><strong>quorum</strong></span> <span class='ocrx_word' id='word_1_262' title='bbox 673 1923 816 1974; x_wconf 75' lang='lat' dir='ltr'><strong>mtas</strong></span> <span class='ocrx_word' id='word_1_263' title='bbox 849 1917 1002 1972; x_wconf 89' lang='lat' dir='ltr'><strong>inter</strong></span> <span class='ocrx_word' id='word_1_264' title='bbox 1029 1917 1230 1972; x_wconf 85' lang='lat' dir='ltr'><strong>hostes</strong></span> <span class='ocrx_word' id='word_1_265' title='bbox 1285 1915 1463 1972; x_wconf 89' lang='lat' dir='ltr'><strong>etiam</strong></span> <span class='ocrx_word' id='word_1_266' title='bbox 1522 1919 1876 1975; x_wconf 88' lang='lat' dir='ltr'><strong>venerabilis</strong></span> <span class='ocrx_word' id='word_1_267' title='bbox 1931 1925 2041 1977; x_wconf 90' lang='lat' dir='ltr'><strong>est.</strong></span> 
     </span>
    </p>
   </div>
   <div class='ocr_carea' id='block_1_35' title="bbox 390 2007 2042 2082">
    <p class='ocr_par' dir='ltr' id='par_1_35' title="bbox 390 2007 2042 2082">
     <span class='ocr_line' id='line_1_35' title="bbox 390 2007 2042 2082; baseline -0.001 -22"><span class='ocrx_word' id='word_1_268' title='bbox 390 2033 419 2060; x_wconf 89' lang='grc'><strong>‹‹</strong></span> <span class='ocrx_word' id='word_1_269' title='bbox 440 2011 628 2082; x_wconf 91' lang='lat' dir='ltr'><strong>Super</strong></span> <span class='ocrx_word' id='word_1_270' title='bbox 657 2024 856 2064; x_wconf 90' lang='lat' dir='ltr'><strong>semen</strong></span> <span class='ocrx_word' id='word_1_271' title='bbox 886 2010 1155 2062; x_wconf 89' lang='lat' dir='ltr'><strong>sanctum</strong></span> <span class='ocrx_word' id='word_1_272' title='bbox 1189 2007 1515 2078; x_wconf 87' lang='lat' dir='ltr'><strong>aggravasti</strong></span> <span class='ocrx_word' id='word_1_273' title='bbox 1548 2024 1789 2063; x_wconf 88' lang='lat' dir='ltr'><strong>manum</strong></span> <span class='ocrx_word' id='word_1_274' title='bbox 1821 2012 2042 2065; x_wconf 82' lang='lat' dir='ltr'><strong>tuam.»</strong></span> 
     </span>
    </p>
   </div>
   <div class='ocr_carea' id='block_1_36' title="bbox 388 2093 1826 2170">
    <p class='ocr_par' dir='ltr' id='par_1_36' title="bbox 388 2093 1826 2170">
     <span class='ocr_line' id='line_1_36' title="bbox 388 2093 1826 2170; baseline -0.001 -16"><span class='ocrx_word' id='word_1_275' title='bbox 388 2099 546 2154; x_wconf 87' lang='lat' dir='ltr'><strong>Idem</strong></span> <span class='ocrx_word' id='word_1_276' title='bbox 580 2097 850 2170; x_wconf 88' lang='lat' dir='ltr'><strong>estquod</strong></span> <span class='ocrx_word' id='word_1_277' title='bbox 883 2094 1162 2163; x_wconf 83' lang='lat' dir='ltr'><strong>diximus,</strong></span> <span class='ocrx_word' id='word_1_278' title='bbox 1197 2093 1335 2166; x_wconf 88' lang='lat' dir='ltr'><strong>quia</strong></span> <span class='ocrx_word' id='word_1_279' title='bbox 1367 2094 1511 2150; x_wconf 92' lang='lat' dir='ltr'>nulli</span> <span class='ocrx_word' id='word_1_280' title='bbox 1548 2097 1826 2169; x_wconf 90' lang='lat' dir='ltr'><strong>pepercit.</strong></span> 
     </span>
    </p>
   </div>
   <div class='ocr_carea' id='block_1_37' title="bbox 465 2199 2041 2274">
    <p class='ocr_par' dir='ltr' id='par_1_37' title="bbox 465 2199 2041 2274">
     <span class='ocr_line' id='line_1_37' title="bbox 465 2199 2041 2274; baseline 0.001 -18"><span class='ocrx_word' id='word_1_281' title='bbox 465 2226 494 2256; x_wconf 86' lang='grc'><strong>‹‹</strong></span> <span class='ocrx_word' id='word_1_282' title='bbox 523 2204 588 2259; x_wconf 91' lang='lat' dir='ltr'><strong>In</strong></span> <span class='ocrx_word' id='word_1_283' title='bbox 621 2201 1048 2274; x_wconf 90' lang='lat' dir='ltr'><strong>sempiternum</strong></span> <span class='ocrx_word' id='word_1_284' title='bbox 1097 2217 1194 2256; x_wconf 90' lang='lat' dir='ltr'><strong>ero</strong></span> <span class='ocrx_word' id='word_1_285' title='bbox 1247 2199 1508 2266; x_wconf 88' lang='lat' dir='ltr'><strong>domina,</strong></span> <span class='ocrx_word' id='word_1_286' title='bbox 1547 2223 1572 2249; x_wconf 84' lang='lat'>»</span> <span class='ocrx_word' id='word_1_287' title='bbox 1606 2201 1715 2258; x_wconf 89' lang='lat' dir='ltr'><strong>hoc</strong></span> <span class='ocrx_word' id='word_1_288' title='bbox 1745 2208 1854 2273; x_wconf 91' lang='lat' dir='ltr'><strong>est,</strong></span> <span class='ocrx_word' id='word_1_289' title='bbox 1888 2221 2041 2260; x_wconf 88' lang='lat' dir='ltr'><strong>sem-</strong></span> 
     </span>
    </p>
   </div>
   <div class='ocr_carea' id='block_1_38' title="bbox 391 2288 2037 2364">
    <p class='ocr_par' dir='ltr' id='par_1_38' title="bbox 391 2288 2037 2364">
     <span class='ocr_line' id='line_1_38' title="bbox 391 2288 2037 2364; baseline -0.004 -16"><span class='ocrx_word' id='word_1_290' title='bbox 391 2311 495 2364; x_wconf 90' lang='lat' dir='ltr'><strong>per</strong></span> <span class='ocrx_word' id='word_1_291' title='bbox 515 2291 790 2364; x_wconf 86' lang='lat' dir='ltr'><strong>regnabo.</strong></span> <span class='ocrx_word' id='word_1_292' title='bbox 815 2313 842 2340; x_wconf 77' lang='grc' dir='ltr'>α</span> <span class='ocrx_word' id='word_1_293' title='bbox 868 2290 993 2344; x_wconf 90' lang='lat' dir='ltr'><strong>Non</strong></span> <span class='ocrx_word' id='word_1_294' title='bbox 1023 2288 1271 2360; x_wconf 88' lang='lat' dir='ltr'><strong>posuisti</strong></span> <span class='ocrx_word' id='word_1_295' title='bbox 1302 2289 1424 2342; x_wconf 66' lang='lat' dir='ltr'><strong>haec</strong></span> <span class='ocrx_word' id='word_1_296' title='bbox 1455 2306 1632 2361; x_wconf 84' lang='lat' dir='ltr'><strong>super</strong></span> <span class='ocrx_word' id='word_1_297' title='bbox 1659 2307 1758 2346; x_wconf 91' lang='lat' dir='ltr'><strong>cor</strong></span> <span class='ocrx_word' id='word_1_298' title='bbox 1787 2295 1977 2358; x_wconf 87' lang='lat' dir='ltr'><strong>tuum,</strong></span> <span class='ocrx_word' id='word_1_299' title='bbox 2011 2314 2037 2342; x_wconf 82' lang='grc'><strong>››</strong></span> 
     </span>
    </p>
   </div>
   <div class='ocr_carea' id='block_1_39' title="bbox 389 2375 2040 2450">
    <p class='ocr_par' dir='ltr' id='par_1_39' title="bbox 389 2375 2040 2450">
     <span class='ocr_line' id='line_1_39' title="bbox 389 2375 2040 2450; baseline -0.001 -12"><span class='ocrx_word' id='word_1_300' title='bbox 389 2383 449 2438; x_wconf 90' lang='lat' dir='ltr'><strong>id</strong></span> <span class='ocrx_word' id='word_1_301' title='bbox 481 2383 572 2436; x_wconf 91' lang='lat' dir='ltr'><strong>est</strong></span> <span class='ocrx_word' id='word_1_302' title='bbox 601 2395 718 2434; x_wconf 92' lang='lat' dir='ltr'><strong>non</strong></span> <span class='ocrx_word' id='word_1_303' title='bbox 749 2377 1064 2450; x_wconf 71' lang='lat' dir='ltr'><strong>praevidisti</strong></span> <span class='ocrx_word' id='word_1_304' title='bbox 1096 2393 1201 2432; x_wconf 91' lang='lat' dir='ltr'><strong>nec</strong></span> <span class='ocrx_word' id='word_1_305' title='bbox 1231 2375 1615 2433; x_wconf 87' lang='lat' dir='ltr'><strong>considerasti</strong></span> <span class='ocrx_word' id='word_1_306' title='bbox 1647 2379 2040 2436; x_wconf 88' lang='lat' dir='ltr'><strong>calamitatem</strong></span> 
     </span>
    </p>
   </div>
   <div class='ocr_carea' id='block_1_40' title="bbox 390 2464 2038 2544">
    <p class='ocr_par' dir='ltr' id='par_1_40' title="bbox 390 2464 2038 2544">
     <span class='ocr_line' id='line_1_40' title="bbox 390 2464 2038 2544; baseline 0 -18"><span class='ocrx_word' id='word_1_307' title='bbox 390 2467 694 2544; x_wconf 63' lang='lat' dir='ltr'><strong>praesentis</strong></span> <span class='ocrx_word' id='word_1_308' title='bbox 726 2464 996 2534; x_wconf 64' lang='lat' dir='ltr'><strong>miseriae,</strong></span> <span class='ocrx_word' id='word_1_309' title='bbox 1035 2488 1064 2516; x_wconf 86' lang='lat'><strong>«</strong></span> <span class='ocrx_word' id='word_1_310' title='bbox 1095 2483 1281 2538; x_wconf 90' lang='lat' dir='ltr'><strong>neque</strong></span> <span class='ocrx_word' id='word_1_311' title='bbox 1313 2467 1613 2522; x_wconf 88' lang='lat' dir='ltr'><strong>recordata</strong></span> <span class='ocrx_word' id='word_1_312' title='bbox 1643 2485 1705 2524; x_wconf 91' lang='lat' dir='ltr'><strong>es</strong></span> <span class='ocrx_word' id='word_1_313' title='bbox 1737 2469 2038 2526; x_wconf 87' lang='lat' dir='ltr'><strong>novissimi</strong></span> 
     </span>
    </p>
   </div>
   <div class='ocr_carea' id='block_1_41' title="bbox 389 2554 2040 2630">
    <p class='ocr_par' dir='ltr' id='par_1_41' title="bbox 389 2554 2040 2630">
     <span class='ocr_line' id='line_1_41' title="bbox 389 2554 2040 2630; baseline -0.001 -14"><span class='ocrx_word' id='word_1_314' title='bbox 389 2558 497 2627; x_wconf 89' lang='lat' dir='ltr'><strong>tui,</strong></span> <span class='ocrx_word' id='word_1_315' title='bbox 523 2581 552 2611; x_wconf 82' lang='lat'><strong>»</strong></span> <span class='ocrx_word' id='word_1_316' title='bbox 588 2555 873 2614; x_wconf 87' lang='lat' dir='ltr'><strong>subaudis</strong></span> <span class='ocrx_word' id='word_1_317' title='bbox 903 2554 1146 2628; x_wconf 88' lang='lat' dir='ltr'><strong>periculi</strong></span> <span class='ocrx_word' id='word_1_318' title='bbox 1174 2555 1263 2610; x_wconf 91' lang='lat' dir='ltr'><strong>vel</strong></span> <span class='ocrx_word' id='word_1_319' title='bbox 1296 2555 1435 2612; x_wconf 88' lang='lat' dir='ltr'><strong>mali</strong></span> <span class='ocrx_word' id='word_1_320' title='bbox 1461 2574 1474 2623; x_wconf 92' lang='lat'><strong>;</strong></span> <span class='ocrx_word' id='word_1_321' title='bbox 1511 2555 1618 2611; x_wconf 90' lang='lat' dir='ltr'><strong>hoc</strong></span> <span class='ocrx_word' id='word_1_322' title='bbox 1649 2563 1757 2624; x_wconf 88' lang='lat' dir='ltr'><strong>est,</strong></span> <span class='ocrx_word' id='word_1_323' title='bbox 1785 2575 1899 2613; x_wconf 91' lang='lat' dir='ltr'><strong>non</strong></span> <span class='ocrx_word' id='word_1_324' title='bbox 1933 2577 2040 2630; x_wconf 86' lang='lat' dir='ltr'><strong>pu-</strong></span> 
     </span>
    </p>
   </div>
   <div class='ocr_carea' id='block_1_42' title="bbox 391 2644 2039 2719">
    <p class='ocr_par' dir='ltr' id='par_1_42' title="bbox 391 2644 2039 2719">
     <span class='ocr_line' id='line_1_42' title="bbox 391 2644 2039 2719; baseline -0.001 -15"><span class='ocrx_word' id='word_1_325' title='bbox 391 2647 532 2704; x_wconf 90' lang='lat' dir='ltr'><strong>tasti</strong></span> <span class='ocrx_word' id='word_1_326' title='bbox 590 2646 746 2719; x_wconf 90' lang='lat' dir='ltr'><strong>quod</strong></span> <span class='ocrx_word' id='word_1_327' title='bbox 796 2644 1112 2719; x_wconf 88' lang='lat' dir='ltr'><strong>aliquando</strong></span> <span class='ocrx_word' id='word_1_328' title='bbox 1170 2661 1374 2716; x_wconf 86' lang='lat' dir='ltr'><strong>posses</strong></span> <span class='ocrx_word' id='word_1_329' title='bbox 1432 2644 1750 2702; x_wconf 91' lang='lat' dir='ltr'><strong>humiliari.</strong></span> <span class='ocrx_word' id='word_1_330' title='bbox 1781 2645 1950 2702; x_wconf 90' lang='lat' dir='ltr'><strong>Multi</strong></span> <span class='ocrx_word' id='word_1_331' title='bbox 1979 2647 2039 2704; x_wconf 91' lang='lat' dir='ltr'>in</span> 
     </span>
    </p>
   </div>
   <div class='ocr_carea' id='block_1_43' title="bbox 392 2733 2040 2806">
    <p class='ocr_par' dir='ltr' id='par_1_43' title="bbox 392 2733 2040 2806">
     <span class='ocr_line' id='line_1_43' title="bbox 392 2733 2040 2806; baseline 0.001 -13"><span class='ocrx_word' id='word_1_332' title='bbox 392 2736 668 2794; x_wconf 80' lang='lat' dir='ltr'><strong>felicitate</strong></span> <span class='ocrx_word' id='word_1_333' title='bbox 700 2739 759 2792; x_wconf 91' lang='lat' dir='ltr'><strong>et</strong></span> <span class='ocrx_word' id='word_1_334' title='bbox 785 2735 1004 2791; x_wconf 90' lang='lat' dir='ltr'><strong>honore</strong></span> <span class='ocrx_word' id='word_1_335' title='bbox 1047 2733 1355 2806; x_wconf 88' lang='lat' dir='ltr'><strong>temporali</strong></span> <span class='ocrx_word' id='word_1_336' title='bbox 1406 2733 1601 2806; x_wconf 91' lang='lat' dir='ltr'><strong>positi,</strong></span> <span class='ocrx_word' id='word_1_337' title='bbox 1637 2753 1753 2792; x_wconf 91' lang='lat' dir='ltr'><strong>non</strong></span> <span class='ocrx_word' id='word_1_338' title='bbox 1797 2738 2040 2794; x_wconf 87' lang='lat' dir='ltr'><strong>credunt</strong></span> 
     </span>
    </p>
   </div>
   <div class='ocr_carea' id='block_1_44' title="bbox 389 2822 2038 2899">
    <p class='ocr_par' dir='ltr' id='par_1_44' title="bbox 389 2822 2038 2899">
     <span class='ocr_line' id='line_1_44' title="bbox 389 2822 2038 2899; baseline -0.001 -16"><span class='ocrx_word' id='word_1_339' title='bbox 389 2842 653 2899; x_wconf 89' lang='lat' dir='ltr'><strong>unquam</strong></span> <span class='ocrx_word' id='word_1_340' title='bbox 685 2824 971 2892; x_wconf 88' lang='lat' dir='ltr'><strong>decidere,</strong></span> <span class='ocrx_word' id='word_1_341' title='bbox 1005 2823 1104 2879; x_wconf 88' lang='lat' dir='ltr'><strong>sed</strong></span> <span class='ocrx_word' id='word_1_342' title='bbox 1139 2822 1400 2896; x_wconf 89' lang='lat' dir='ltr'><strong>quotidie</strong></span> <span class='ocrx_word' id='word_1_343' title='bbox 1433 2824 1503 2880; x_wconf 88' lang='lat' dir='ltr'><strong>ad</strong></span> <span class='ocrx_word' id='word_1_344' title='bbox 1556 2826 1892 2898; x_wconf 90' lang='lat' dir='ltr'><strong>superbiam</strong></span> <span class='ocrx_word' id='word_1_345' title='bbox 1923 2827 2038 2883; x_wconf 92' lang='lat' dir='ltr'><strong>ele-</strong></span> 
     </span>
    </p>
   </div>
   <div class='ocr_carea' id='block_1_45' title="bbox 384 2919 618 2972">
    <p class='ocr_par' dir='ltr' id='par_1_45' title="bbox 384 2919 618 2972">
     <span class='ocr_line' id='line_1_45' title="bbox 384 2919 618 2972; baseline -0.004 -1"><span class='ocrx_word' id='word_1_346' title='bbox 384 2919 618 2972; x_wconf 91' lang='lat' dir='ltr'><strong>vantur.</strong></span> 
     </span>
    </p>
   </div>
   <div class='ocr_carea' id='block_1_46' title="bbox 461 3027 2038 3102">
    <p class='ocr_par' dir='ltr' id='par_1_46' title="bbox 461 3027 2038 3102">
     <span class='ocr_line' id='line_1_46' title="bbox 461 3027 2038 3102; baseline 0.003 -20"><span class='ocrx_word' id='word_1_347' title='bbox 461 3055 490 3082; x_wconf 81' lang='grc'><strong>‹‹</strong></span> <span class='ocrx_word' id='word_1_348' title='bbox 511 3033 584 3088; x_wconf 89' lang='lat' dir='ltr'><strong>Et</strong></span> <span class='ocrx_word' id='word_1_349' title='bbox 603 3046 760 3087; x_wconf 90' lang='lat' dir='ltr'><strong>nunc</strong></span> <span class='ocrx_word' id='word_1_350' title='bbox 781 3027 919 3085; x_wconf 90' lang='lat' dir='ltr'><strong>audi</strong></span> <span class='ocrx_word' id='word_1_351' title='bbox 943 3027 1398 3098; x_wconf 75' lang='lat' dir='ltr'><strong>hazc,delicata,»</strong></span> <span class='ocrx_word' id='word_1_352' title='bbox 1425 3045 1552 3100; x_wconf 64' lang='lat' dir='ltr'><strong>quae</strong></span> <span class='ocrx_word' id='word_1_353' title='bbox 1566 3028 1862 3085; x_wconf 87' lang='lat' dir='ltr'><strong>dicturum</strong></span> <span class='ocrx_word' id='word_1_354' title='bbox 1881 3048 2038 3102; x_wconf 88' lang='lat' dir='ltr'><strong>sum,</strong></span> 
     </span>
    </p>
   </div>
   <div class='ocr_carea' id='block_1_47' title="bbox 392 3118 2038 3186">
    <p class='ocr_par' dir='ltr' id='par_1_47' title="bbox 392 3118 2038 3186">
     <span class='ocr_line' id='line_1_47' title="bbox 392 3118 2038 3186; baseline -0.001 -8"><span class='ocrx_word' id='word_1_355' title='bbox 392 3121 451 3178; x_wconf 92' lang='lat' dir='ltr'><strong>id</strong></span> <span class='ocrx_word' id='word_1_356' title='bbox 472 3124 562 3177; x_wconf 89' lang='lat' dir='ltr'><strong>est</strong></span> <span class='ocrx_word' id='word_1_357' title='bbox 587 3119 814 3176; x_wconf 91' lang='lat' dir='ltr'><strong>deliciis</strong></span> <span class='ocrx_word' id='word_1_358' title='bbox 853 3118 1036 3174; x_wconf 84' lang='lat' dir='ltr'><strong>ditata</strong></span> <span class='ocrx_word' id='word_1_359' title='bbox 1054 3121 1113 3174; x_wconf 91' lang='lat' dir='ltr'><strong>et</strong></span> <span class='ocrx_word' id='word_1_360' title='bbox 1133 3119 1402 3186; x_wconf 82' lang='lat' dir='ltr'><strong>afﬂuens,</strong></span> <span class='ocrx_word' id='word_1_361' title='bbox 1427 3141 1454 3168; x_wconf 87' lang='lat'><strong>«</strong></span> <span class='ocrx_word' id='word_1_362' title='bbox 1479 3123 1537 3173; x_wconf 92' lang='lat' dir='ltr'><strong>et</strong></span> <span class='ocrx_word' id='word_1_363' title='bbox 1555 3118 1828 3176; x_wconf 83' lang='lat' dir='ltr'><strong>habitans</strong></span> <span class='ocrx_word' id='word_1_364' title='bbox 1859 3123 2038 3176; x_wconf 86' lang='lat' dir='ltr'><strong>conﬁ-</strong></span> 
     </span>
    </p>
   </div>
   <div class='ocr_carea' id='block_1_48' title="bbox 2153 1908 3802 1986">
    <p class='ocr_par' dir='ltr' id='par_1_48' title="bbox 2153 1908 3802 1986">
     <span class='ocr_line' id='line_1_48' title="bbox 2153 1908 3802 1986; baseline 0.004 -24"><span class='ocrx_word' id='word_1_365' title='bbox 2153 1911 2473 1979; x_wconf 89' lang='lat' dir='ltr'><strong>potuerunt</strong></span> <span class='ocrx_word' id='word_1_366' title='bbox 2518 1908 2676 1964; x_wconf 89' lang='lat' dir='ltr'><strong>enim</strong></span> <span class='ocrx_word' id='word_1_367' title='bbox 2728 1909 2884 1982; x_wconf 86' lang='lat' dir='ltr'><strong>magi</strong></span> <span class='ocrx_word' id='word_1_368' title='bbox 2933 1915 2990 1967; x_wconf 88' lang='lat' dir='ltr'><strong>et</strong></span> <span class='ocrx_word' id='word_1_369' title='bbox 3035 1911 3285 1968; x_wconf 87' lang='lat' dir='ltr'><strong>maleﬁci</strong></span> <span class='ocrx_word' id='word_1_370' title='bbox 3326 1911 3563 1968; x_wconf 90' lang='lat' dir='ltr'><strong>illorum</strong></span> <span class='ocrx_word' id='word_1_371' title='bbox 3595 1914 3802 1986; x_wconf 67' lang='lat' dir='ltr'><strong>praevi-</strong></span> 
     </span>
    </p>
   </div>
   <div class='ocr_carea' id='block_1_49' title="bbox 2153 1997 3808 2074">
    <p class='ocr_par' dir='ltr' id='par_1_49' title="bbox 2153 1997 3808 2074">
     <span class='ocr_line' id='line_1_49' title="bbox 2153 1997 3808 2074; baseline 0.004 -22"><span class='ocrx_word' id='word_1_372' title='bbox 2153 1997 2470 2070; x_wconf 88' lang='lat' dir='ltr'><strong>dere,quod</strong></span> <span class='ocrx_word' id='word_1_373' title='bbox 2496 2015 2530 2054; x_wconf 90' lang='lat' dir='ltr'><strong>a</strong></span> <span class='ocrx_word' id='word_1_374' title='bbox 2551 1999 2824 2070; x_wconf 89' lang='lat' dir='ltr'><strong>despecto</strong></span> <span class='ocrx_word' id='word_1_375' title='bbox 2855 2002 2912 2055; x_wconf 90' lang='lat' dir='ltr'><strong>et</strong></span> <span class='ocrx_word' id='word_1_376' title='bbox 2941 1999 3204 2072; x_wconf 89' lang='lat' dir='ltr'><strong>subjecto</strong></span> <span class='ocrx_word' id='word_1_377' title='bbox 3229 1999 3342 2057; x_wconf 90' lang='lat' dir='ltr'><strong>sibi</strong></span> <span class='ocrx_word' id='word_1_378' title='bbox 3365 2001 3580 2074; x_wconf 92' lang='lat' dir='ltr'><strong>populo</strong></span> <span class='ocrx_word' id='word_1_379' title='bbox 3612 2001 3808 2058; x_wconf 88' lang='lat' dir='ltr'><strong>humi-</strong></span> 
     </span>
    </p>
   </div>
   <div class='ocr_carea' id='block_1_50' title="bbox 2151 2084 2551 2142">
    <p class='ocr_par' dir='ltr' id='par_1_50' title="bbox 2151 2084 2551 2142">
     <span class='ocr_line' id='line_1_50' title="bbox 2151 2084 2551 2142; baseline 0.003 -3"><span class='ocrx_word' id='word_1_380' title='bbox 2151 2084 2349 2141; x_wconf 87' lang='lat' dir='ltr'><strong>lianda</strong></span> <span class='ocrx_word' id='word_1_381' title='bbox 2376 2089 2551 2142; x_wconf 87' lang='lat' dir='ltr'><strong>esset.</strong></span> 
     </span>
    </p>
   </div>
   <div class='ocr_carea' id='block_1_51' title="bbox 2222 2193 3804 2270">
    <p class='ocr_par' dir='ltr' id='par_1_51' title="bbox 2222 2193 3804 2270">
     <span class='ocr_line' id='line_1_51' title="bbox 2222 2193 3804 2270; baseline 0.006 -26"><span class='ocrx_word' id='word_1_382' title='bbox 2222 2217 2250 2242; x_wconf 87' lang='grc'><strong>‹‹</strong></span> <span class='ocrx_word' id='word_1_383' title='bbox 2287 2193 2474 2249; x_wconf 91' lang='lat' dir='ltr'><strong>Irruet</strong></span> <span class='ocrx_word' id='word_1_384' title='bbox 2523 2211 2700 2266; x_wconf 88' lang='lat' dir='ltr'><strong>super</strong></span> <span class='ocrx_word' id='word_1_385' title='bbox 2727 2198 2784 2252; x_wconf 89' lang='lat' dir='ltr'><strong>te</strong></span> <span class='ocrx_word' id='word_1_386' title='bbox 2816 2195 3122 2252; x_wconf 84' lang='lat' dir='ltr'><strong>calamitas</strong></span> <span class='ocrx_word' id='word_1_387' title='bbox 3149 2195 3440 2252; x_wconf 88' lang='lat' dir='ltr'><strong>vastitatis</strong></span> <span class='ocrx_word' id='word_1_388' title='bbox 3469 2199 3528 2253; x_wconf 89' lang='lat' dir='ltr'><strong>et</strong></span> <span class='ocrx_word' id='word_1_389' title='bbox 3555 2197 3804 2270; x_wconf 88' lang='lat' dir='ltr'><strong>captivi-</strong></span> 
     </span>
    </p>
   </div>
   <div class='ocr_carea' id='block_1_52' title="bbox 2151 2283 3804 2358">
    <p class='ocr_par' dir='ltr' id='par_1_52' title="bbox 2151 2283 3804 2358">
     <span class='ocr_line' id='line_1_52' title="bbox 2151 2283 3804 2358; baseline 0.004 -20"><span class='ocrx_word' id='word_1_390' title='bbox 2151 2283 2310 2348; x_wconf 87' lang='lat' dir='ltr'><strong>tatis,</strong></span> <span class='ocrx_word' id='word_1_391' title='bbox 2343 2300 2458 2338; x_wconf 89' lang='lat' dir='ltr'><strong>non</strong></span> <span class='ocrx_word' id='word_1_392' title='bbox 2491 2283 2707 2356; x_wconf 88' lang='lat' dir='ltr'><strong>poteris</strong></span> <span class='ocrx_word' id='word_1_393' title='bbox 2750 2284 3002 2356; x_wconf 81' lang='lat' dir='ltr'><strong>expiare,</strong></span> <span class='ocrx_word' id='word_1_394' title='bbox 3038 2307 3066 2336; x_wconf 86' lang='grc'><strong>››</strong></span> <span class='ocrx_word' id='word_1_395' title='bbox 3095 2284 3203 2340; x_wconf 92' lang='lat' dir='ltr'><strong>hoc</strong></span> <span class='ocrx_word' id='word_1_396' title='bbox 3235 2289 3346 2352; x_wconf 87' lang='lat' dir='ltr'><strong>est,</strong></span> <span class='ocrx_word' id='word_1_397' title='bbox 3382 2303 3418 2341; x_wconf 91' lang='lat' dir='ltr'><strong>a</strong></span> <span class='ocrx_word' id='word_1_398' title='bbox 3440 2290 3496 2342; x_wconf 91' lang='lat' dir='ltr'><strong>te</strong></span> <span class='ocrx_word' id='word_1_399' title='bbox 3522 2286 3804 2358; x_wconf 88' lang='lat' dir='ltr'><strong>prohibe-</strong></span> 
     </span>
    </p>
   </div>
   <div class='ocr_carea' id='block_1_53' title="bbox 2149 2371 3805 2446">
    <p class='ocr_par' dir='ltr' id='par_1_53' title="bbox 2149 2371 3805 2446">
     <span class='ocr_line' id='line_1_53' title="bbox 2149 2371 3805 2446; baseline 0.004 -21"><span class='ocrx_word' id='word_1_400' title='bbox 2149 2388 2230 2426; x_wconf 90' lang='lat' dir='ltr'><strong>re.</strong></span> <span class='ocrx_word' id='word_1_401' title='bbox 2268 2394 2294 2421; x_wconf 88' lang='grc'><strong>‹‹</strong></span> <span class='ocrx_word' id='word_1_402' title='bbox 2320 2371 2527 2427; x_wconf 90' lang='lat' dir='ltr'><strong>Veniet</strong></span> <span class='ocrx_word' id='word_1_403' title='bbox 2557 2389 2734 2444; x_wconf 91' lang='lat' dir='ltr'><strong>super</strong></span> <span class='ocrx_word' id='word_1_404' title='bbox 2763 2375 2818 2428; x_wconf 92' lang='lat' dir='ltr'><strong>te</strong></span> <span class='ocrx_word' id='word_1_405' title='bbox 2850 2377 3088 2446; x_wconf 89' lang='lat' dir='ltr'><strong>repente</strong></span> <span class='ocrx_word' id='word_1_406' title='bbox 3120 2372 3358 2430; x_wconf 89' lang='lat' dir='ltr'><strong>miseria</strong></span> <span class='ocrx_word' id='word_1_407' title='bbox 3385 2395 3415 2425; x_wconf 82' lang='lat'><strong><em>»</em></strong></span> <span class='ocrx_word' id='word_1_408' title='bbox 3449 2375 3805 2432; x_wconf 82' lang='lat' dir='ltr'><strong>interfectio-</strong></span> 
     </span>
    </p>
   </div>
   <div class='ocr_carea' id='block_1_54' title="bbox 2149 2459 3491 2532">
    <p class='ocr_par' dir='ltr' id='par_1_54' title="bbox 2149 2459 3491 2532">
     <span class='ocr_line' id='line_1_54' title="bbox 2149 2459 3491 2532; baseline 0.003 -18"><span class='ocrx_word' id='word_1_409' title='bbox 2149 2459 2262 2528; x_wconf 91' lang='lat' dir='ltr'><strong>nis,</strong></span> <span class='ocrx_word' id='word_1_410' title='bbox 2299 2483 2328 2511; x_wconf 89' lang='grc'><strong>‹‹</strong></span> <span class='ocrx_word' id='word_1_411' title='bbox 2360 2477 2538 2532; x_wconf 87' lang='lat' dir='ltr'><strong>quam</strong></span> <span class='ocrx_word' id='word_1_412' title='bbox 2569 2460 2794 2517; x_wconf 89' lang='lat' dir='ltr'><strong>nescies</strong></span> <span class='ocrx_word' id='word_1_413' title='bbox 2829 2484 2858 2512; x_wconf 84' lang='lat'>»</span> <span class='ocrx_word' id='word_1_414' title='bbox 2891 2461 3264 2531; x_wconf 87' lang='lat' dir='ltr'><strong>subauditur,</strong></span> <span class='ocrx_word' id='word_1_415' title='bbox 3295 2463 3491 2518; x_wconf 92' lang='lat' dir='ltr'><strong>modo.</strong></span> 
     </span>
    </p>
   </div>
   <div class='ocr_carea' id='block_1_55' title="bbox 2221 2564 3798 2637">
    <p class='ocr_par' dir='ltr' id='par_1_55' title="bbox 2221 2564 3798 2637">
     <span class='ocr_line' id='line_1_55' title="bbox 2221 2564 3798 2637; baseline 0.003 -15"><span class='ocrx_word' id='word_1_416' title='bbox 2221 2589 2249 2617; x_wconf 86' lang='grc'><strong>‹‹</strong></span> <span class='ocrx_word' id='word_1_417' title='bbox 2283 2564 2385 2622; x_wconf 76' lang='lat' dir='ltr'><strong>St&#39;a</strong></span> <span class='ocrx_word' id='word_1_418' title='bbox 2413 2583 2549 2622; x_wconf 92' lang='lat' dir='ltr'><strong>cum</strong></span> <span class='ocrx_word' id='word_1_419' title='bbox 2596 2567 3062 2626; x_wconf 87' lang='lat' dir='ltr'><strong>incantatoribus</strong></span> <span class='ocrx_word' id='word_1_420' title='bbox 3087 2569 3229 2637; x_wconf 87' lang='lat' dir='ltr'><strong>tuis,</strong></span> <span class='ocrx_word' id='word_1_421' title='bbox 3267 2591 3287 2618; x_wconf 79' lang='grc' dir='ltr'>ι</span> <span class='ocrx_word' id='word_1_422' title='bbox 3322 2573 3528 2626; x_wconf 89' lang='lat' dir='ltr'><strong>contra</strong></span> <span class='ocrx_word' id='word_1_423' title='bbox 3555 2569 3798 2626; x_wconf 89' lang='lat' dir='ltr'><strong>Darium</strong></span> 
     </span>
    </p>
   </div>
   <div class='ocr_carea' id='block_1_56' title="bbox 2147 2655 3803 2731">
    <p class='ocr_par' dir='ltr' id='par_1_56' title="bbox 2147 2655 3803 2731">
     <span class='ocr_line' id='line_1_56' title="bbox 2147 2655 3803 2731; baseline 0.003 -20"><span class='ocrx_word' id='word_1_424' title='bbox 2147 2659 2206 2711; x_wconf 90' lang='lat' dir='ltr'><strong>et</strong></span> <span class='ocrx_word' id='word_1_425' title='bbox 2227 2655 2464 2728; x_wconf 82' lang='lat' dir='ltr'><strong>Cyrum,</strong></span> <span class='ocrx_word' id='word_1_426' title='bbox 2482 2659 2539 2712; x_wconf 91' lang='lat' dir='ltr'><strong>et</strong></span> <span class='ocrx_word' id='word_1_427' title='bbox 2567 2655 2816 2730; x_wconf 92' lang='lat' dir='ltr'><strong>populos</strong></span> <span class='ocrx_word' id='word_1_428' title='bbox 2846 2675 3072 2726; x_wconf 90' lang='lat' dir='ltr'><strong>eorum,</strong></span> <span class='ocrx_word' id='word_1_429' title='bbox 3094 2659 3142 2714; x_wconf 91' lang='lat' dir='ltr'><strong>si</strong></span> <span class='ocrx_word' id='word_1_430' title='bbox 3174 2659 3320 2714; x_wconf 81' lang='lat' dir='ltr'><strong>forte</strong></span> <span class='ocrx_word' id='word_1_431' title='bbox 3350 2657 3566 2731; x_wconf 87' lang='lat' dir='ltr'><strong>poteris</strong></span> <span class='ocrx_word' id='word_1_432' title='bbox 3594 2659 3680 2715; x_wconf 90' lang='lat' dir='ltr'><strong>eis</strong></span> <span class='ocrx_word' id='word_1_433' title='bbox 3711 2675 3803 2716; x_wconf 84' lang='lat' dir='ltr'><strong>re-</strong></span> 
     </span>
    </p>
   </div>
   <div class='ocr_carea' id='block_1_57' title="bbox 2147 2745 3800 2814">
    <p class='ocr_par' dir='ltr' id='par_1_57' title="bbox 2147 2745 3800 2814">
     <span class='ocr_line' id='line_1_57' title="bbox 2147 2745 3800 2814; baseline 0.002 -14"><span class='ocrx_word' id='word_1_434' title='bbox 2147 2745 2374 2814; x_wconf 87' lang='lat' dir='ltr'><strong>sistere,</strong></span> <span class='ocrx_word' id='word_1_435' title='bbox 2399 2767 2426 2795; x_wconf 86' lang='lat'>«</span> <span class='ocrx_word' id='word_1_436' title='bbox 2450 2749 2660 2800; x_wconf 87' lang='lat' dir='ltr'><strong>etcum</strong></span> <span class='ocrx_word' id='word_1_437' title='bbox 2683 2745 3064 2802; x_wconf 89' lang='lat' dir='ltr'><strong>multitudine</strong></span> <span class='ocrx_word' id='word_1_438' title='bbox 3093 2746 3518 2803; x_wconf 85' lang='lat' dir='ltr'><strong>maleﬁciorum</strong></span> <span class='ocrx_word' id='word_1_439' title='bbox 3539 2751 3800 2814; x_wconf 89' lang='lat' dir='ltr'><strong>tuorum,</strong></span> 
     </span>
    </p>
   </div>
   <div class='ocr_carea' id='block_1_58' title="bbox 2148 2831 3800 2905">
    <p class='ocr_par' dir='ltr' id='par_1_58' title="bbox 2148 2831 3800 2905">
     <span class='ocr_line' id='line_1_58' title="bbox 2148 2831 3800 2905; baseline 0.003 -18"><span class='ocrx_word' id='word_1_440' title='bbox 2148 2832 2206 2887; x_wconf 91' lang='lat' dir='ltr'><strong>in</strong></span> <span class='ocrx_word' id='word_1_441' title='bbox 2235 2832 2450 2905; x_wconf 90' lang='lat' dir='ltr'><strong>quibus</strong></span> <span class='ocrx_word' id='word_1_442' title='bbox 2473 2831 2752 2890; x_wconf 90' lang='lat' dir='ltr'><strong>laborasti</strong></span> <span class='ocrx_word' id='word_1_443' title='bbox 2772 2835 2844 2890; x_wconf 87' lang='lat' dir='ltr'><strong>ab</strong></span> <span class='ocrx_word' id='word_1_444' title='bbox 2867 2834 3263 2892; x_wconf 86' lang='lat' dir='ltr'><strong>adolescentia</strong></span> <span class='ocrx_word' id='word_1_445' title='bbox 3281 2839 3441 2903; x_wconf 83' lang='lat' dir='ltr'><strong>tua,»</strong></span> <span class='ocrx_word' id='word_1_446' title='bbox 3473 2835 3585 2892; x_wconf 88' lang='lat' dir='ltr'><strong>hoc</strong></span> <span class='ocrx_word' id='word_1_447' title='bbox 3608 2836 3800 2905; x_wconf 87' lang='lat' dir='ltr'><strong>est,ab</strong></span> 
     </span>
    </p>
   </div>
   <div class='ocr_carea' id='block_1_59' title="bbox 2147 2920 3800 2998">
    <p class='ocr_par' dir='ltr' id='par_1_59' title="bbox 2147 2920 3800 2998">
     <span class='ocr_line' id='line_1_59' title="bbox 2147 2920 3800 2998; baseline 0.001 -20"><span class='ocrx_word' id='word_1_448' title='bbox 2147 2921 2380 2978; x_wconf 85' lang='lat' dir='ltr'><strong>exordio</strong></span> <span class='ocrx_word' id='word_1_449' title='bbox 2406 2920 2637 2994; x_wconf 90' lang='lat' dir='ltr'><strong>imperii</strong></span> <span class='ocrx_word' id='word_1_450' title='bbox 2673 2923 2785 2978; x_wconf 89' lang='lat' dir='ltr'><strong>tui.</strong></span> <span class='ocrx_word' id='word_1_451' title='bbox 2839 2923 3094 2980; x_wconf 88' lang='lat' dir='ltr'><strong>Ironicos</strong></span> <span class='ocrx_word' id='word_1_452' title='bbox 3123 2923 3402 2996; x_wconf 88' lang='lat' dir='ltr'><strong>loquitur.</strong></span> <span class='ocrx_word' id='word_1_453' title='bbox 3437 2923 3695 2998; x_wconf 79' lang='lat' dir='ltr'><strong>Babylon</strong></span> <span class='ocrx_word' id='word_1_454' title='bbox 3725 2925 3800 2980; x_wconf 88' lang='lat' dir='ltr'><strong>ab</strong></span> 
     </span>
    </p>
   </div>
   <div class='ocr_carea' id='block_1_60' title="bbox 2147 3009 3802 3086">
    <p class='ocr_par' dir='ltr' id='par_1_60' title="bbox 2147 3009 3802 3086">
     <span class='ocr_line' id='line_1_60' title="bbox 2147 3009 3802 3086; baseline 0.001 -20"><span class='ocrx_word' id='word_1_455' title='bbox 2147 3010 2384 3066; x_wconf 85' lang='lat' dir='ltr'><strong>exordio</strong></span> <span class='ocrx_word' id='word_1_456' title='bbox 2415 3027 2530 3083; x_wconf 93' lang='lat' dir='ltr'><strong>quo</strong></span> <span class='ocrx_word' id='word_1_457' title='bbox 2562 3009 2736 3083; x_wconf 77' lang='lat' dir='ltr'><strong>ccepit</strong></span> <span class='ocrx_word' id='word_1_458' title='bbox 2765 3011 2928 3086; x_wconf 90' lang='lat' dir='ltr'><strong>regni</strong></span> <span class='ocrx_word' id='word_1_459' title='bbox 2962 3012 3276 3085; x_wconf 91' lang='lat' dir='ltr'><strong>imperium</strong></span> <span class='ocrx_word' id='word_1_460' title='bbox 3317 3016 3538 3085; x_wconf 89' lang='lat' dir='ltr'><strong>tenere,</strong></span> <span class='ocrx_word' id='word_1_461' title='bbox 3569 3029 3802 3085; x_wconf 89' lang='lat' dir='ltr'><strong>semper</strong></span> 
     </span>
    </p>
   </div>
   <div class='ocr_carea' id='block_1_61' title="bbox 2146 3099 3801 3174">
    <p class='ocr_par' dir='ltr' id='par_1_61' title="bbox 2146 3099 3801 3174">
     <span class='ocr_line' id='line_1_61' title="bbox 2146 3099 3801 3174; baseline 0.001 -20"><span class='ocrx_word' id='word_1_462' title='bbox 2146 3099 2355 3155; x_wconf 90' lang='lat' dir='ltr'><strong>habuit</strong></span> <span class='ocrx_word' id='word_1_463' title='bbox 2384 3115 2588 3172; x_wconf 88' lang='lat' dir='ltr'><strong>magos</strong></span> <span class='ocrx_word' id='word_1_464' title='bbox 2617 3104 2676 3155; x_wconf 90' lang='lat' dir='ltr'><strong>et</strong></span> <span class='ocrx_word' id='word_1_465' title='bbox 2703 3099 2916 3156; x_wconf 92' lang='lat' dir='ltr'><strong>ariolos</strong></span> <span class='ocrx_word' id='word_1_466' title='bbox 2948 3100 3008 3156; x_wconf 91' lang='lat' dir='ltr'><strong>in</strong></span> <span class='ocrx_word' id='word_1_467' title='bbox 3041 3099 3257 3174; x_wconf 91' lang='lat' dir='ltr'><strong>quibus</strong></span> <span class='ocrx_word' id='word_1_468' title='bbox 3287 3100 3590 3165; x_wconf 86' lang='lat' dir='ltr'><strong>laborabat</strong></span> <span class='ocrx_word' id='word_1_469' title='bbox 3622 3119 3636 3156; x_wconf 94' lang='lat'>:</span> <span class='ocrx_word' id='word_1_470' title='bbox 3663 3101 3801 3174; x_wconf 83' lang='lat' dir='ltr'><strong>quia</strong></span> 
     </span>
    </p>
   </div>
   <div class='ocr_carea' id='block_1_62' title="bbox 388 3187 3803 3284">
    <p class='ocr_par' dir='ltr' id='par_1_62' title="bbox 388 3187 3803 3284">
     <span class='ocr_line' id='line_1_62' title="bbox 388 3187 3803 3284; baseline -0.001 -19"><span class='ocrx_word' id='word_1_471' title='bbox 388 3210 614 3277; x_wconf 88' lang='lat' dir='ltr'><strong>denter,</strong></span> <span class='ocrx_word' id='word_1_472' title='bbox 653 3231 680 3257; x_wconf 88' lang='grc'><strong>››</strong></span> <span class='ocrx_word' id='word_1_473' title='bbox 711 3207 999 3263; x_wconf 90' lang='lat' dir='ltr'><strong>subaudis</strong></span> <span class='ocrx_word' id='word_1_474' title='bbox 1048 3206 1278 3261; x_wconf 88' lang='lat' dir='ltr'><strong>nullum</strong></span> <span class='ocrx_word' id='word_1_475' title='bbox 1329 3207 1559 3263; x_wconf 89' lang='lat' dir='ltr'><strong>hostem</strong></span> <span class='ocrx_word' id='word_1_476' title='bbox 1589 3208 1826 3264; x_wconf 89' lang='lat' dir='ltr'><strong>timens.</strong></span> <span class='ocrx_word' id='word_1_477' title='bbox 1859 3233 1886 3260; x_wconf 84' lang='grc'><em>‹‹</em></span> <span class='ocrx_word' id='word_1_478' title='bbox 1917 3211 2035 3284; x_wconf 88' lang='lat' dir='ltr'><strong>Ego</strong></span> <span class='ocrx_word' id='word_1_479' title='bbox 2066 3205 2109 3270; x_wconf 87' lang='lat' dir='ltr'><strong>C</strong></span> <span class='ocrx_word' id='word_1_480' title='bbox 2147 3187 2346 3284; x_wconf 60' lang='grc' dir='ltr'><strong>οξηξξίθε</strong></span> <span class='ocrx_word' id='word_1_481' title='bbox 2378 3187 2788 3284; x_wconf 31' lang='grc' dir='ltr'><strong>οιξωιεοηδϋίο</strong></span> <span class='ocrx_word' id='word_1_482' title='bbox 2818 3187 3056 3284; x_wconf 41' lang='grc' dir='ltr'><strong>ῘῙῈῼῙἫΨ</strong></span> <span class='ocrx_word' id='word_1_483' title='bbox 3089 3188 3478 3284; x_wconf 48' lang='grc' dir='ltr'><strong>ειεεῢδῐνεὶοεξ</strong></span> <span class='ocrx_word' id='word_1_484' title='bbox 3502 3188 3680 3246; x_wconf 59' lang='grc' dir='ltr'><strong>Ῑθοιίο</strong></span> <span class='ocrx_word' id='word_1_485' title='bbox 3701 3191 3803 3246; x_wconf 65' lang='lat' dir='ltr'><strong>Da‘</strong></span> 
     </span>
    </p>
   </div>
   <div class='ocr_carea' id='block_1_63' title="bbox 387 3295 2038 3370">
    <p class='ocr_par' dir='ltr' id='par_1_63' title="bbox 387 3295 2038 3370">
     <span class='ocr_line' id='line_1_63' title="bbox 387 3295 2038 3370; baseline 0.001 -17"><span class='ocrx_word' id='word_1_486' title='bbox 387 3313 581 3364; x_wconf 86' lang='lat' dir='ltr'><strong>sum,»</strong></span> <span class='ocrx_word' id='word_1_487' title='bbox 605 3295 961 3352; x_wconf 90' lang='lat' dir='ltr'><strong>subauditur</strong></span> <span class='ocrx_word' id='word_1_488' title='bbox 981 3295 1220 3350; x_wconf 90' lang='lat' dir='ltr'><strong>domina</strong></span> <span class='ocrx_word' id='word_1_489' title='bbox 1240 3297 1422 3351; x_wconf 90' lang='lat' dir='ltr'><strong>totius</strong></span> <span class='ocrx_word' id='word_1_490' title='bbox 1445 3296 1604 3351; x_wconf 88' lang='lat' dir='ltr'><strong>orbis</strong></span> <span class='ocrx_word' id='word_1_491' title='bbox 1627 3301 1684 3352; x_wconf 89' lang='lat' dir='ltr'><strong>et</strong></span> <span class='ocrx_word' id='word_1_492' title='bbox 1704 3297 1958 3370; x_wconf 80' lang='lat' dir='ltr'><strong>regina,«</strong></span> <span class='ocrx_word' id='word_1_493' title='bbox 1981 3302 2038 3354; x_wconf 90' lang='lat' dir='ltr'><strong>et</strong></span> 
     </span>
    </p>
   </div>
   <div class='ocr_carea' id='block_1_64' title="bbox 387 3382 2034 3458">
    <p class='ocr_par' dir='ltr' id='par_1_64' title="bbox 387 3382 2034 3458">
     <span class='ocr_line' id='line_1_64' title="bbox 387 3382 2034 3458; baseline 0.002 -19"><span class='ocrx_word' id='word_1_494' title='bbox 387 3401 505 3440; x_wconf 90' lang='lat' dir='ltr'><strong>non</strong></span> <span class='ocrx_word' id='word_1_495' title='bbox 527 3387 617 3439; x_wconf 87' lang='lat' dir='ltr'><strong>est</strong></span> <span class='ocrx_word' id='word_1_496' title='bbox 637 3385 846 3455; x_wconf 86' lang='lat' dir='ltr'><strong>praeter</strong></span> <span class='ocrx_word' id='word_1_497' title='bbox 875 3398 970 3437; x_wconf 92' lang='lat' dir='ltr'><strong>me</strong></span> <span class='ocrx_word' id='word_1_498' title='bbox 995 3382 1271 3454; x_wconf 89' lang='lat' dir='ltr'><strong>amplius,</strong></span> <span class='ocrx_word' id='word_1_499' title='bbox 1308 3405 1336 3431; x_wconf 87' lang='lat'><strong>»</strong></span> <span class='ocrx_word' id='word_1_500' title='bbox 1369 3383 1654 3439; x_wconf 89' lang='lat' dir='ltr'><strong>subaudis</strong></span> <span class='ocrx_word' id='word_1_501' title='bbox 1685 3387 1786 3456; x_wconf 92' lang='lat' dir='ltr'><strong>qui</strong></span> <span class='ocrx_word' id='word_1_502' title='bbox 1813 3391 2034 3458; x_wconf 88' lang='lat' dir='ltr'><strong>regnet.</strong></span> 
     </span>
    </p>
   </div>
   <div class='ocr_carea' id='block_1_65' title="bbox 387 3468 2038 3546">
    <p class='ocr_par' dir='ltr' id='par_1_65' title="bbox 387 3468 2038 3546">
     <span class='ocr_line' id='line_1_65' title="bbox 387 3468 2038 3546; baseline 0.004 -22"><span class='ocrx_word' id='word_1_503' title='bbox 387 3496 416 3525; x_wconf 88' lang='grc'><strong>‹‹</strong></span> <span class='ocrx_word' id='word_1_504' title='bbox 439 3476 566 3528; x_wconf 84' lang='lat' dir='ltr'><strong>Non</strong></span> <span class='ocrx_word' id='word_1_505' title='bbox 590 3471 802 3528; x_wconf 90' lang='lat' dir='ltr'><strong>sedebo</strong></span> <span class='ocrx_word' id='word_1_506' title='bbox 818 3469 1049 3539; x_wconf 83' lang='lat' dir='ltr'><strong>vidua,»</strong></span> <span class='ocrx_word' id='word_1_507' title='bbox 1075 3468 1130 3524; x_wconf 90' lang='lat' dir='ltr'><strong>id</strong></span> <span class='ocrx_word' id='word_1_508' title='bbox 1157 3474 1245 3525; x_wconf 86' lang='lat' dir='ltr'><strong>est</strong></span> <span class='ocrx_word' id='word_1_509' title='bbox 1266 3487 1498 3541; x_wconf 88' lang='lat' dir='ltr'><strong>semper</strong></span> <span class='ocrx_word' id='word_1_510' title='bbox 1521 3471 1744 3528; x_wconf 91' lang='lat' dir='ltr'><strong>habebo</strong></span> <span class='ocrx_word' id='word_1_511' title='bbox 1768 3491 1958 3546; x_wconf 87' lang='lat' dir='ltr'><strong>regem</strong></span> <span class='ocrx_word' id='word_1_512' title='bbox 1979 3479 2038 3530; x_wconf 87' lang='lat' dir='ltr'><strong>et</strong></span> 
     </span>
    </p>
   </div>
   <div class='ocr_carea' id='block_1_66' title="bbox 385 3557 2037 3635">
    <p class='ocr_par' dir='ltr' id='par_1_66' title="bbox 385 3557 2037 3635">
     <span class='ocr_line' id='line_1_66' title="bbox 385 3557 2037 3635; baseline 0.002 -21"><span class='ocrx_word' id='word_1_513' title='bbox 385 3560 716 3635; x_wconf 87' lang='lat' dir='ltr'><strong>«ignorabo</strong></span> <span class='ocrx_word' id='word_1_514' title='bbox 747 3557 1179 3624; x_wconf 89' lang='lat' dir='ltr'><strong>sterilitatem,»</strong></span> <span class='ocrx_word' id='word_1_515' title='bbox 1212 3557 1496 3614; x_wconf 90' lang='lat' dir='ltr'><strong>subaudis</strong></span> <span class='ocrx_word' id='word_1_516' title='bbox 1519 3559 1658 3630; x_wconf 87' lang='lat' dir='ltr'><strong>quia</strong></span> <span class='ocrx_word' id='word_1_517' title='bbox 1679 3577 1912 3632; x_wconf 90' lang='lat' dir='ltr'><strong>semper</strong></span> <span class='ocrx_word' id='word_1_518' title='bbox 1925 3562 2037 3617; x_wconf 89' lang='lat' dir='ltr'><strong>erit</strong></span> 
     </span>
    </p>
   </div>
   <div class='ocr_carea' id='block_1_67' title="bbox 386 3646 2035 3724">
    <p class='ocr_par' dir='ltr' id='par_1_67' title="bbox 386 3646 2035 3724">
     <span class='ocr_line' id='line_1_67' title="bbox 386 3646 2035 3724; baseline -0.002 -16"><span class='ocrx_word' id='word_1_519' title='bbox 386 3650 486 3724; x_wconf 90' lang='lat' dir='ltr'><strong>qui</strong></span> <span class='ocrx_word' id='word_1_520' title='bbox 509 3652 714 3722; x_wconf 88' lang='lat' dir='ltr'><strong>regnet</strong></span> <span class='ocrx_word' id='word_1_521' title='bbox 731 3665 802 3705; x_wconf 81' lang='lat' dir='ltr'><strong>ex</strong></span> <span class='ocrx_word' id='word_1_522' title='bbox 822 3665 936 3704; x_wconf 90' lang='lat' dir='ltr'><strong>me.</strong></span> <span class='ocrx_word' id='word_1_523' title='bbox 961 3646 1057 3703; x_wconf 90' lang='lat' dir='ltr'><strong>Sic</strong></span> <span class='ocrx_word' id='word_1_524' title='bbox 1087 3647 1318 3703; x_wconf 89' lang='lat' dir='ltr'><strong>dicebat</strong></span> <span class='ocrx_word' id='word_1_525' title='bbox 1341 3646 1462 3703; x_wconf 89' lang='lat' dir='ltr'><strong>illa.</strong></span> <span class='ocrx_word' id='word_1_526' title='bbox 1494 3647 1598 3703; x_wconf 90' lang='lat' dir='ltr'><strong>Vir</strong></span> <span class='ocrx_word' id='word_1_527' title='bbox 1627 3647 1798 3704; x_wconf 89' lang='lat' dir='ltr'><strong>istius</strong></span> <span class='ocrx_word' id='word_1_528' title='bbox 1828 3649 2035 3706; x_wconf 90' lang='lat' dir='ltr'><strong>mulie-</strong></span> 
     </span>
    </p>
   </div>
   <div class='ocr_carea' id='block_1_68' title="bbox 382 3735 1606 3809">
    <p class='ocr_par' dir='ltr' id='par_1_68' title="bbox 382 3735 1606 3809">
     <span class='ocr_line' id='line_1_68' title="bbox 382 3735 1606 3809; baseline -0.004 -12"><span class='ocrx_word' id='word_1_529' title='bbox 382 3739 465 3797; x_wconf 90' lang='lat' dir='ltr'><strong>ris</strong></span> <span class='ocrx_word' id='word_1_530' title='bbox 497 3739 609 3796; x_wconf 84' lang='lat' dir='ltr'><strong>fuit</strong></span> <span class='ocrx_word' id='word_1_531' title='bbox 637 3737 1178 3794; x_wconf 90' lang='lat' dir='ltr'><strong>Nabuchodonosor</strong></span> <span class='ocrx_word' id='word_1_532' title='bbox 1205 3735 1428 3809; x_wconf 87' lang='lat' dir='ltr'><strong>ﬁliique</strong></span> <span class='ocrx_word' id='word_1_533' title='bbox 1455 3737 1606 3808; x_wconf 86' lang='lat' dir='ltr'><strong>ejus.</strong></span> 
     </span>
    </p>
   </div>
   <div class='ocr_carea' id='block_1_69' title="bbox 456 3820 2036 3916">
    <p class='ocr_par' dir='ltr' id='par_1_69' title="bbox 456 3820 2036 3916">
     <span class='ocr_line' id='line_1_69' title="bbox 456 3820 2036 3916; baseline 0.002 -19"><span class='ocrx_word' id='word_1_534' title='bbox 456 3820 484 3898; x_wconf 54' lang='grc' dir='ltr'><strong>(ξ</strong></span> <span class='ocrx_word' id='word_1_535' title='bbox 507 3846 757 3903; x_wconf 84' lang='lat' dir='ltr'><strong>Venient</strong></span> <span class='ocrx_word' id='word_1_536' title='bbox 775 3843 940 3913; x_wconf 80' lang='lat' dir='ltr'><strong>tibi,»</strong></span> <span class='ocrx_word' id='word_1_537' title='bbox 967 3861 999 3900; x_wconf 93' lang='grc' dir='ltr'>ο</span> <span class='ocrx_word' id='word_1_538' title='bbox 1021 3843 1298 3916; x_wconf 78' lang='lat' dir='ltr'><strong>Babylon,</strong></span> <span class='ocrx_word' id='word_1_539' title='bbox 1315 3867 1344 3894; x_wconf 88' lang='lat'><strong>«</strong></span> <span class='ocrx_word' id='word_1_540' title='bbox 1359 3844 1476 3900; x_wconf 93' lang='lat' dir='ltr'><strong>duo</strong></span> <span class='ocrx_word' id='word_1_541' title='bbox 1497 3843 1619 3900; x_wconf 76' lang='lat' dir='ltr'><strong>haec</strong></span> <span class='ocrx_word' id='word_1_542' title='bbox 1640 3843 1874 3899; x_wconf 86' lang='lat' dir='ltr'><strong>subito»</strong></span> <span class='ocrx_word' id='word_1_543' title='bbox 1891 3845 2036 3900; x_wconf 93' lang='lat' dir='ltr'><strong>dum</strong></span> 
     </span>
    </p>
   </div>
   <div class='ocr_carea' id='block_1_70' title="bbox 384 3930 2033 4008">
    <p class='ocr_par' dir='ltr' id='par_1_70' title="bbox 384 3930 2033 4008">
     <span class='ocr_line' id='line_1_70' title="bbox 384 3930 2033 4008; baseline -0.002 -16"><span class='ocrx_word' id='word_1_544' title='bbox 384 3953 499 3993; x_wconf 92' lang='lat' dir='ltr'><strong>non</strong></span> <span class='ocrx_word' id='word_1_545' title='bbox 519 3933 812 4008; x_wconf 89' lang='lat' dir='ltr'><strong>sperabis,</strong></span> <span class='ocrx_word' id='word_1_546' title='bbox 837 3933 940 3988; x_wconf 88' lang='lat' dir='ltr'><strong>«in</strong></span> <span class='ocrx_word' id='word_1_547' title='bbox 963 3933 1056 3988; x_wconf 90' lang='lat' dir='ltr'><strong>die</strong></span> <span class='ocrx_word' id='word_1_548' title='bbox 1078 3949 1253 4002; x_wconf 87' lang='lat' dir='ltr'><strong>una,»</strong></span> <span class='ocrx_word' id='word_1_549' title='bbox 1275 3932 1385 3988; x_wconf 89' lang='lat' dir='ltr'><strong>hoc</strong></span> <span class='ocrx_word' id='word_1_550' title='bbox 1406 3930 1580 3998; x_wconf 90' lang='lat' dir='ltr'><strong>est,in</strong></span> <span class='ocrx_word' id='word_1_551' title='bbox 1604 3936 1864 4004; x_wconf 89' lang='lat' dir='ltr'><strong>tempore</strong></span> <span class='ocrx_word' id='word_1_552' title='bbox 1895 3949 2033 3999; x_wconf 90' lang='lat' dir='ltr'><strong>uno,</strong></span> 
     </span>
    </p>
   </div>
   <div class='ocr_carea' id='block_1_71' title="bbox 382 4019 2036 4094">
    <p class='ocr_par' dir='ltr' id='par_1_71' title="bbox 382 4019 2036 4094">
     <span class='ocr_line' id='line_1_71' title="bbox 382 4019 2036 4094; baseline -0.002 -14"><span class='ocrx_word' id='word_1_553' title='bbox 382 4041 519 4080; x_wconf 89' lang='lat' dir='ltr'><strong>cum</strong></span> <span class='ocrx_word' id='word_1_554' title='bbox 566 4021 792 4079; x_wconf 87' lang='lat' dir='ltr'><strong>venerit</strong></span> <span class='ocrx_word' id='word_1_555' title='bbox 837 4022 1020 4094; x_wconf 83' lang='lat' dir='ltr'><strong>Cyrus</strong></span> <span class='ocrx_word' id='word_1_556' title='bbox 1049 4025 1107 4075; x_wconf 92' lang='lat' dir='ltr'><strong>et</strong></span> <span class='ocrx_word' id='word_1_557' title='bbox 1135 4020 1369 4088; x_wconf 91' lang='lat' dir='ltr'><strong>Darius,</strong></span> <span class='ocrx_word' id='word_1_558' title='bbox 1403 4043 1430 4070; x_wconf 94' lang='grc'><em>‹‹</em></span> <span class='ocrx_word' id='word_1_559' title='bbox 1459 4019 1734 4076; x_wconf 88' lang='lat' dir='ltr'><strong>sterilitas</strong></span> <span class='ocrx_word' id='word_1_560' title='bbox 1764 4025 1821 4076; x_wconf 91' lang='lat' dir='ltr'><strong>et</strong></span> <span class='ocrx_word' id='word_1_561' title='bbox 1847 4020 2036 4076; x_wconf 92' lang='lat' dir='ltr'><strong>vidui-</strong></span> 
     </span>
    </p>
   </div>
   <div class='ocr_carea' id='block_1_72' title="bbox 383 4107 2033 4181">
    <p class='ocr_par' dir='ltr' id='par_1_72' title="bbox 383 4107 2033 4181">
     <span class='ocr_line' id='line_1_72' title="bbox 383 4107 2033 4181; baseline -0.002 -13"><span class='ocrx_word' id='word_1_562' title='bbox 383 4117 496 4168; x_wconf 87' lang='lat' dir='ltr'><strong>tas.</strong></span> <span class='ocrx_word' id='word_1_563' title='bbox 533 4135 561 4162; x_wconf 89' lang='grc'><strong>››</strong></span> <span class='ocrx_word' id='word_1_564' title='bbox 592 4109 904 4176; x_wconf 90' lang='lat' dir='ltr'><strong>Sterilitas,</strong></span> <span class='ocrx_word' id='word_1_565' title='bbox 937 4113 1004 4164; x_wconf 91' lang='lat' dir='ltr'><strong>ut</strong></span> <span class='ocrx_word' id='word_1_566' title='bbox 1034 4108 1272 4164; x_wconf 78' lang='lat' dir='ltr'><strong>amittas</strong></span> <span class='ocrx_word' id='word_1_567' title='bbox 1304 4108 1552 4180; x_wconf 90' lang='lat' dir='ltr'><strong>populos</strong></span> <span class='ocrx_word' id='word_1_568' title='bbox 1581 4107 1688 4163; x_wconf 88' lang='lat' dir='ltr'><strong>tibi</strong></span> <span class='ocrx_word' id='word_1_569' title='bbox 1717 4109 2033 4181; x_wconf 87' lang='lat' dir='ltr'><strong>subjectos.</strong></span> 
     </span>
    </p>
   </div>
   <div class='ocr_carea' id='block_1_73' title="bbox 380 4197 2034 4268">
    <p class='ocr_par' dir='ltr' id='par_1_73' title="bbox 380 4197 2034 4268">
     <span class='ocr_line' id='line_1_73' title="bbox 380 4197 2034 4268; baseline -0.001 -14"><span class='ocrx_word' id='word_1_570' title='bbox 380 4199 676 4264; x_wconf 85' lang='lat' dir='ltr'><strong>Viduitas,</strong></span> <span class='ocrx_word' id='word_1_571' title='bbox 709 4201 776 4252; x_wconf 91' lang='lat' dir='ltr'><strong>ut</strong></span> <span class='ocrx_word' id='word_1_572' title='bbox 805 4197 1016 4268; x_wconf 90' lang='lat' dir='ltr'><strong>perdas</strong></span> <span class='ocrx_word' id='word_1_573' title='bbox 1065 4213 1260 4268; x_wconf 87' lang='lat' dir='ltr'><strong>regem</strong></span> <span class='ocrx_word' id='word_1_574' title='bbox 1293 4201 1484 4252; x_wconf 90' lang='lat' dir='ltr'><strong>tuum.</strong></span> <span class='ocrx_word' id='word_1_575' title='bbox 1520 4198 1775 4268; x_wconf 81' lang='lat' dir='ltr'><strong>Repente</strong></span> <span class='ocrx_word' id='word_1_576' title='bbox 1805 4202 1863 4252; x_wconf 92' lang='lat' dir='ltr'><strong>et</strong></span> <span class='ocrx_word' id='word_1_577' title='bbox 1892 4199 2034 4253; x_wconf 92' lang='lat' dir='ltr'><strong>dum</strong></span> 
     </span>
    </p>
   </div>
   <div class='ocr_carea' id='block_1_74' title="bbox 385 4284 2036 4360">
    <p class='ocr_par' dir='ltr' id='par_1_74' title="bbox 385 4284 2036 4360">
     <span class='ocr_line' id='line_1_74' title="bbox 385 4284 2036 4360; baseline -0.002 -16"><span class='ocrx_word' id='word_1_578' title='bbox 385 4304 502 4344; x_wconf 90' lang='lat' dir='ltr'><strong>non</strong></span> <span class='ocrx_word' id='word_1_579' title='bbox 526 4288 795 4357; x_wconf 88' lang='lat' dir='ltr'><strong>speratur</strong></span> <span class='ocrx_word' id='word_1_580' title='bbox 815 4287 1100 4339; x_wconf 89' lang='lat' dir='ltr'><strong>venerunt</strong></span> <span class='ocrx_word' id='word_1_581' title='bbox 1129 4284 1180 4339; x_wconf 89' lang='lat' dir='ltr'><strong>ei</strong></span> <span class='ocrx_word' id='word_1_582' title='bbox 1212 4284 1347 4347; x_wconf 90' lang='lat' dir='ltr'><strong>ista,</strong></span> <span class='ocrx_word' id='word_1_583' title='bbox 1368 4285 1507 4355; x_wconf 90' lang='lat' dir='ltr'><strong>quia</strong></span> <span class='ocrx_word' id='word_1_584' title='bbox 1537 4285 1698 4340; x_wconf 93' lang='lat' dir='ltr'><strong>nullo</strong></span> <span class='ocrx_word' id='word_1_585' title='bbox 1730 4287 1902 4342; x_wconf 89' lang='lat' dir='ltr'><strong>modo</strong></span> <span class='ocrx_word' id='word_1_586' title='bbox 1934 4303 2036 4360; x_wconf 90' lang='lat' dir='ltr'><strong>po-</strong></span> 
     </span>
    </p>
   </div>
   <div class='ocr_carea' id='block_1_75' title="bbox 385 4371 2038 4446">
    <p class='ocr_par' dir='ltr' id='par_1_75' title="bbox 385 4371 2038 4446">
     <span class='ocr_line' id='line_1_75' title="bbox 385 4371 2038 4446; baseline -0.002 -14"><span class='ocrx_word' id='word_1_587' title='bbox 385 4377 536 4432; x_wconf 89' lang='lat' dir='ltr'><strong>terat</strong></span> <span class='ocrx_word' id='word_1_588' title='bbox 575 4371 848 4428; x_wconf 88' lang='lat' dir='ltr'><strong>arbitrari</strong></span> <span class='ocrx_word' id='word_1_589' title='bbox 883 4371 1039 4444; x_wconf 91' lang='lat' dir='ltr'><strong>quod</strong></span> <span class='ocrx_word' id='word_1_590' title='bbox 1063 4371 1219 4427; x_wconf 88' lang='lat' dir='ltr'><strong>Persi</strong></span> <span class='ocrx_word' id='word_1_591' title='bbox 1243 4375 1300 4426; x_wconf 90' lang='lat' dir='ltr'><strong>et</strong></span> <span class='ocrx_word' id='word_1_592' title='bbox 1321 4371 1473 4426; x_wconf 91' lang='lat' dir='ltr'><strong>Medi</strong></span> <span class='ocrx_word' id='word_1_593' title='bbox 1497 4371 1608 4427; x_wconf 88' lang='lat' dir='ltr'><strong>sibi</strong></span> <span class='ocrx_word' id='word_1_594' title='bbox 1633 4374 1903 4445; x_wconf 86' lang='lat' dir='ltr'><strong>subjecti,</strong></span> <span class='ocrx_word' id='word_1_595' title='bbox 1937 4373 2038 4446; x_wconf 91' lang='lat' dir='ltr'><strong>qui</strong></span> 
     </span>
    </p>
   </div>
   <div class='ocr_carea' id='block_1_76' title="bbox 383 4459 2040 4534">
    <p class='ocr_par' dir='ltr' id='par_1_76' title="bbox 383 4459 2040 4534">
     <span class='ocr_line' id='line_1_76' title="bbox 383 4459 2040 4534; baseline -0.001 -13"><span class='ocrx_word' id='word_1_596' title='bbox 383 4463 604 4521; x_wconf 90' lang='lat' dir='ltr'><strong>nullius</strong></span> <span class='ocrx_word' id='word_1_597' title='bbox 619 4459 978 4518; x_wconf 78' lang='lat' dir='ltr'><strong>fortitudinis</strong></span> <span class='ocrx_word' id='word_1_598' title='bbox 989 4463 1155 4516; x_wconf 86' lang='lat' dir='ltr'><strong>erant</strong></span> <span class='ocrx_word' id='word_1_599' title='bbox 1165 4459 1790 4532; x_wconf 88' lang='lat' dir='ltr'><strong>comparationeillius,</strong></span> <span class='ocrx_word' id='word_1_600' title='bbox 1800 4467 2040 4534; x_wconf 88' lang='lat' dir='ltr'><strong>possent</strong></span> 
     </span>
    </p>
   </div>
   <div class='ocr_carea' id='block_1_77' title="bbox 2145 3275 3882 3352">
    <p class='ocr_par' dir='ltr' id='par_1_77' title="bbox 2145 3275 3882 3352">
     <span class='ocr_line' id='line_1_77' title="bbox 2145 3275 3882 3352; baseline 0.002 -22"><span class='ocrx_word' id='word_1_601' title='bbox 2145 3275 2564 3350; x_wconf 90' lang='lat' dir='ltr'><strong>nielisprobat:</strong></span> <span class='ocrx_word' id='word_1_602' title='bbox 2581 3293 2708 3348; x_wconf 71' lang='lat' dir='ltr'><strong>qua:</strong></span> <span class='ocrx_word' id='word_1_603' title='bbox 2727 3278 2936 3349; x_wconf 88' lang='lat' dir='ltr'><strong>pandit</strong></span> <span class='ocrx_word' id='word_1_604' title='bbox 2957 3278 3028 3334; x_wconf 89' lang='lat' dir='ltr'><strong>ad</strong></span> <span class='ocrx_word' id='word_1_605' title='bbox 3051 3294 3254 3334; x_wconf 89' lang='lat' dir='ltr'><strong>eorum</strong></span> <span class='ocrx_word' id='word_1_606' title='bbox 3276 3277 3592 3335; x_wconf 89' lang='lat' dir='ltr'><strong>consilium</strong></span> <span class='ocrx_word' id='word_1_607' title='bbox 3605 3294 3797 3352; x_wconf 87' lang='lat' dir='ltr'><strong>regem</strong></span> <span class='ocrx_word' id='word_1_608' title='bbox 3875 3329 3882 3334; x_wconf 95' lang='lat'><strong>.</strong></span> 
     </span>
    </p>
   </div>
   <div class='ocr_carea' id='block_1_78' title="bbox 2143 3365 2941 3438">
    <p class='ocr_par' dir='ltr' id='par_1_78' title="bbox 2143 3365 2941 3438">
     <span class='ocr_line' id='line_1_78' title="bbox 2143 3365 2941 3438; baseline 0.003 -18"><span class='ocrx_word' id='word_1_609' title='bbox 2143 3365 2453 3438; x_wconf 89' lang='lat' dir='ltr'><strong>Babylonis</strong></span> <span class='ocrx_word' id='word_1_610' title='bbox 2485 3365 2685 3422; x_wconf 88' lang='lat' dir='ltr'><strong>omnia</strong></span> <span class='ocrx_word' id='word_1_611' title='bbox 2715 3365 2941 3422; x_wconf 85' lang='lat' dir='ltr'><strong>fecisse.</strong></span> 
     </span>
    </p>
   </div>
   <div class='ocr_carea' id='block_1_79' title="bbox 2217 3469 3790 3545">
    <p class='ocr_par' dir='ltr' id='par_1_79' title="bbox 2217 3469 3790 3545">
     <span class='ocr_line' id='line_1_79' title="bbox 2217 3469 3790 3545; baseline 0.003 -19"><span class='ocrx_word' id='word_1_612' title='bbox 2217 3492 2244 3520; x_wconf 82' lang='lat'>«</span> <span class='ocrx_word' id='word_1_613' title='bbox 2275 3470 2545 3526; x_wconf 82' lang='lat' dir='ltr'><strong>Defecisti</strong></span> <span class='ocrx_word' id='word_1_614' title='bbox 2571 3471 2631 3526; x_wconf 90' lang='lat' dir='ltr'><strong>in</strong></span> <span class='ocrx_word' id='word_1_615' title='bbox 2662 3469 3042 3528; x_wconf 91' lang='lat' dir='ltr'><strong>multitudine</strong></span> <span class='ocrx_word' id='word_1_616' title='bbox 3089 3473 3472 3530; x_wconf 88' lang='lat' dir='ltr'><strong>consiliorum</strong></span> <span class='ocrx_word' id='word_1_617' title='bbox 3499 3478 3790 3545; x_wconf 81' lang='lat' dir='ltr'><strong>tuorum,-</strong></span> 
     </span>
    </p>
   </div>
   <div class='ocr_carea' id='block_1_80' title="bbox 2143 3558 3798 3635">
    <p class='ocr_par' dir='ltr' id='par_1_80' title="bbox 2143 3558 3798 3635">
     <span class='ocr_line' id='line_1_80' title="bbox 2143 3558 3798 3635; baseline 0.002 -21"><span class='ocrx_word' id='word_1_618' title='bbox 2143 3558 2677 3631; x_wconf 87' lang='lat' dir='ltr'><strong>subaudis,quibus</strong></span> <span class='ocrx_word' id='word_1_619' title='bbox 2700 3559 2918 3616; x_wconf 88' lang='lat' dir='ltr'><strong>multas</strong></span> <span class='ocrx_word' id='word_1_620' title='bbox 2935 3567 3138 3634; x_wconf 89' lang='lat' dir='ltr'><strong>gentes</strong></span> <span class='ocrx_word' id='word_1_621' title='bbox 3165 3563 3478 3635; x_wconf 89' lang='lat' dir='ltr'><strong>superasti.</strong></span> <span class='ocrx_word' id='word_1_622' title='bbox 3503 3586 3534 3613; x_wconf 86' lang='lat'><strong>«</strong></span> <span class='ocrx_word' id='word_1_623' title='bbox 3559 3564 3726 3620; x_wconf 86' lang='lat' dir='ltr'><strong>Stent</strong></span> <span class='ocrx_word' id='word_1_624' title='bbox 3743 3567 3798 3619; x_wconf 87' lang='lat' dir='ltr'><strong>et</strong></span> 
     </span>
    </p>
   </div>
   <div class='ocr_carea' id='block_1_81' title="bbox 2144 3646 3793 3726">
    <p class='ocr_par' dir='ltr' id='par_1_81' title="bbox 2144 3646 3793 3726">
     <span class='ocr_line' id='line_1_81' title="bbox 2144 3646 3793 3726; baseline 0.004 -24"><span class='ocrx_word' id='word_1_625' title='bbox 2144 3646 2369 3703; x_wconf 88' lang='lat' dir='ltr'><strong>salvent</strong></span> <span class='ocrx_word' id='word_1_626' title='bbox 2397 3652 2454 3704; x_wconf 90' lang='lat' dir='ltr'><strong>te</strong></span> <span class='ocrx_word' id='word_1_627' title='bbox 2481 3648 2655 3704; x_wconf 91' lang='lat' dir='ltr'><strong>modo</strong></span> <span class='ocrx_word' id='word_1_628' title='bbox 2686 3665 2940 3722; x_wconf 83' lang='lat' dir='ltr'><strong>augures</strong></span> <span class='ocrx_word' id='word_1_629' title='bbox 2971 3650 3120 3720; x_wconf 84' lang='lat' dir='ltr'><strong>coeli,</strong></span> <span class='ocrx_word' id='word_1_630' title='bbox 3155 3673 3184 3701; x_wconf 83' lang='lat'><strong><em>»</em></strong></span> <span class='ocrx_word' id='word_1_631' title='bbox 3217 3651 3327 3706; x_wconf 90' lang='lat' dir='ltr'><strong>hoc</strong></span> <span class='ocrx_word' id='word_1_632' title='bbox 3373 3655 3464 3708; x_wconf 90' lang='lat' dir='ltr'><strong>est</strong></span> <span class='ocrx_word' id='word_1_633' title='bbox 3492 3651 3793 3726; x_wconf 88' lang='lat' dir='ltr'><strong>astrologi,</strong></span> 
     </span>
    </p>
   </div>
   <div class='ocr_carea' id='block_1_82' title="bbox 2143 3735 3796 3813">
    <p class='ocr_par' dir='ltr' id='par_1_82' title="bbox 2143 3735 3796 3813">
     <span class='ocr_line' id='line_1_82' title="bbox 2143 3735 3796 3813; baseline 0.004 -23"><span class='ocrx_word' id='word_1_634' title='bbox 2143 3735 2244 3807; x_wconf 92' lang='lat' dir='ltr'><strong>qui</strong></span> <span class='ocrx_word' id='word_1_635' title='bbox 2258 3735 2431 3808; x_wconf 87' lang='lat' dir='ltr'><strong>vulgo</strong></span> <span class='ocrx_word' id='word_1_636' title='bbox 2454 3736 2853 3792; x_wconf 89' lang='lat' dir='ltr'><strong>mathematici</strong></span> <span class='ocrx_word' id='word_1_637' title='bbox 2876 3738 3300 3810; x_wconf 84' lang='lat' dir='ltr'><strong>appellantur.«</strong></span> <span class='ocrx_word' id='word_1_638' title='bbox 3314 3739 3421 3805; x_wconf 90' lang='lat' dir='ltr'><strong>Qui</strong></span> <span class='ocrx_word' id='word_1_639' title='bbox 3443 3739 3796 3813; x_wconf 86' lang='lat' dir='ltr'><strong>contempla-</strong></span> 
     </span>
    </p>
   </div>
   <div class='ocr_carea' id='block_1_83' title="bbox 2145 3823 3792 3900">
    <p class='ocr_par' dir='ltr' id='par_1_83' title="bbox 2145 3823 3792 3900">
     <span class='ocr_line' id='line_1_83' title="bbox 2145 3823 3792 3900; baseline 0.004 -22"><span class='ocrx_word' id='word_1_640' title='bbox 2145 3823 2362 3880; x_wconf 90' lang='lat' dir='ltr'><strong>bantur</strong></span> <span class='ocrx_word' id='word_1_641' title='bbox 2395 3823 2588 3880; x_wconf 87' lang='lat' dir='ltr'><strong>sidera</strong></span> <span class='ocrx_word' id='word_1_642' title='bbox 2610 3845 2639 3874; x_wconf 88' lang='lat'>»</span> <span class='ocrx_word' id='word_1_643' title='bbox 2670 3828 2727 3880; x_wconf 90' lang='lat' dir='ltr'><strong>et</strong></span> <span class='ocrx_word' id='word_1_644' title='bbox 2755 3841 2824 3880; x_wconf 86' lang='lat' dir='ltr'><strong>ex</strong></span> <span class='ocrx_word' id='word_1_645' title='bbox 2851 3829 3144 3882; x_wconf 87' lang='lat' dir='ltr'><strong>astrorum</strong></span> <span class='ocrx_word' id='word_1_646' title='bbox 3176 3843 3354 3882; x_wconf 90' lang='lat' dir='ltr'><strong>cursu</strong></span> <span class='ocrx_word' id='word_1_647' title='bbox 3384 3825 3678 3900; x_wconf 88' lang='lat' dir='ltr'><strong>lapsuque</strong></span> <span class='ocrx_word' id='word_1_648' title='bbox 3707 3843 3792 3884; x_wconf 86' lang='lat' dir='ltr'><strong>res</strong></span> 
     </span>
    </p>
   </div>
   <div class='ocr_carea' id='block_1_84' title="bbox 2144 3911 3793 3989">
    <p class='ocr_par' dir='ltr' id='par_1_84' title="bbox 2144 3911 3793 3989">
     <span class='ocr_line' id='line_1_84' title="bbox 2144 3911 3793 3989; baseline 0.003 -21"><span class='ocrx_word' id='word_1_649' title='bbox 2144 3911 2436 3969; x_wconf 90' lang='lat' dir='ltr'><strong>humanas</strong></span> <span class='ocrx_word' id='word_1_650' title='bbox 2465 3913 2906 3969; x_wconf 85' lang='lat' dir='ltr'><strong>arbitrabantur</strong></span> <span class='ocrx_word' id='word_1_651' title='bbox 2931 3914 3247 3987; x_wconf 87' lang='lat' dir='ltr'><strong>gubernari</strong></span> <span class='ocrx_word' id='word_1_652' title='bbox 3270 3919 3328 3970; x_wconf 93' lang='lat' dir='ltr'><strong>et</strong></span> <span class='ocrx_word' id='word_1_653' title='bbox 3347 3914 3488 3988; x_wconf 89' lang='lat' dir='ltr'><strong>regi,</strong></span> <span class='ocrx_word' id='word_1_654' title='bbox 3510 3939 3541 3966; x_wconf 78' lang='grc' dir='ltr'><strong>ι(</strong></span> <span class='ocrx_word' id='word_1_655' title='bbox 3567 3921 3628 3972; x_wconf 89' lang='lat' dir='ltr'><strong>et</strong></span> <span class='ocrx_word' id='word_1_656' title='bbox 3659 3933 3793 3989; x_wconf 85' lang='lat' dir='ltr'><strong>sup-</strong></span> 
     </span>
    </p>
   </div>
   <div class='ocr_carea' id='block_1_85' title="bbox 2143 4001 3792 4073">
    <p class='ocr_par' dir='ltr' id='par_1_85' title="bbox 2143 4001 3792 4073">
     <span class='ocr_line' id='line_1_85' title="bbox 2143 4001 3792 4073; baseline 0.001 -17"><span class='ocrx_word' id='word_1_657' title='bbox 2143 4001 2432 4073; x_wconf 76' lang='lat' dir='ltr'><strong>putabunt</strong></span> <span class='ocrx_word' id='word_1_658' title='bbox 2462 4018 2716 4070; x_wconf 82' lang='lat' dir='ltr'><strong>mensos,</strong></span> <span class='ocrx_word' id='word_1_659' title='bbox 2744 4023 2770 4050; x_wconf 83' lang='lat'>»</span> <span class='ocrx_word' id='word_1_660' title='bbox 2805 4001 3066 4058; x_wconf 89' lang='lat' dir='ltr'><strong>dicentes</strong></span> <span class='ocrx_word' id='word_1_661' title='bbox 3101 4019 3114 4057; x_wconf 77' lang='lat'><strong>2</strong></span> <span class='ocrx_word' id='word_1_662' title='bbox 3150 4003 3264 4058; x_wconf 88' lang='lat' dir='ltr'><strong>Hoc</strong></span> <span class='ocrx_word' id='word_1_663' title='bbox 3292 4003 3403 4058; x_wconf 89' lang='lat' dir='ltr'><strong>erit</strong></span> <span class='ocrx_word' id='word_1_664' title='bbox 3431 4003 3548 4060; x_wconf 89' lang='lat' dir='ltr'><strong>isto</strong></span> <span class='ocrx_word' id='word_1_665' title='bbox 3577 4004 3668 4060; x_wconf 89' lang='lat' dir='ltr'><strong>vel</strong></span> <span class='ocrx_word' id='word_1_666' title='bbox 3700 4004 3792 4058; x_wconf 92' lang='lat' dir='ltr'><strong>illo</strong></span> 
     </span>
    </p>
   </div>
   <div class='ocr_carea' id='block_1_86' title="bbox 2145 4087 3796 4158">
    <p class='ocr_par' dir='ltr' id='par_1_86' title="bbox 2145 4087 3796 4158">
     <span class='ocr_line' id='line_1_86' title="bbox 2145 4087 3796 4158; baseline 0.001 -13"><span class='ocrx_word' id='word_1_667' title='bbox 2145 4087 2460 4158; x_wconf 89' lang='lat' dir='ltr'><strong>mensc,vel</strong></span> <span class='ocrx_word' id='word_1_668' title='bbox 2479 4107 2631 4144; x_wconf 89' lang='lat' dir='ltr'><strong>anno</strong></span> <span class='ocrx_word' id='word_1_669' title='bbox 2647 4107 2695 4158; x_wconf 86' lang='lat'><strong>;«</strong></span> <span class='ocrx_word' id='word_1_670' title='bbox 2716 4093 2781 4144; x_wconf 90' lang='lat' dir='ltr'><strong>ut</strong></span> <span class='ocrx_word' id='word_1_671' title='bbox 2793 4106 2862 4145; x_wconf 81' lang='lat' dir='ltr'><strong>ex</strong></span> <span class='ocrx_word' id='word_1_672' title='bbox 2876 4089 2960 4145; x_wconf 92' lang='lat' dir='ltr'><strong>eis</strong></span> <span class='ocrx_word' id='word_1_673' title='bbox 2974 4091 3392 4147; x_wconf 88' lang='lat' dir='ltr'><strong>annuntiarent</strong></span> <span class='ocrx_word' id='word_1_674' title='bbox 3412 4093 3612 4149; x_wconf 82' lang='lat' dir='ltr'><strong>futura</strong></span> <span class='ocrx_word' id='word_1_675' title='bbox 3631 4093 3796 4148; x_wconf 75' lang='lat' dir='ltr'><strong>tibi.»</strong></span> 
     </span>
    </p>
   </div>
   <div class='ocr_carea' id='block_1_87' title="bbox 2217 4177 3793 4254">
    <p class='ocr_par' dir='ltr' id='par_1_87' title="bbox 2217 4177 3793 4254">
     <span class='ocr_line' id='line_1_87' title="bbox 2217 4177 3793 4254; baseline 0.005 -26"><span class='ocrx_word' id='word_1_676' title='bbox 2217 4201 2245 4228; x_wconf 83' lang='lat'><strong><em>«</em></strong></span> <span class='ocrx_word' id='word_1_677' title='bbox 2261 4179 2404 4234; x_wconf 89' lang='lat' dir='ltr'><strong>Ecce</strong></span> <span class='ocrx_word' id='word_1_678' title='bbox 2426 4177 2562 4232; x_wconf 86' lang='lat' dir='ltr'><strong>facti</strong></span> <span class='ocrx_word' id='word_1_679' title='bbox 2587 4182 2726 4234; x_wconf 88' lang='lat' dir='ltr'><strong>sunt</strong></span> <span class='ocrx_word' id='word_1_680' title='bbox 2747 4178 2830 4233; x_wconf 93' lang='lat' dir='ltr'>illi</span> <span class='ocrx_word' id='word_1_681' title='bbox 2853 4179 3010 4253; x_wconf 88' lang='lat' dir='ltr'><strong>magi</strong></span> <span class='ocrx_word' id='word_1_682' title='bbox 3034 4180 3202 4252; x_wconf 89' lang='lat' dir='ltr'><strong>quasi</strong></span> <span class='ocrx_word' id='word_1_683' title='bbox 3225 4181 3445 4253; x_wconf 89' lang='lat' dir='ltr'><strong>stipula</strong></span> <span class='ocrx_word' id='word_1_684' title='bbox 3462 4180 3642 4254; x_wconf 88' lang='lat' dir='ltr'><strong>ignis,</strong></span> <span class='ocrx_word' id='word_1_685' title='bbox 3657 4203 3687 4232; x_wconf 77' lang='lat'><strong>»</strong></span> <span class='ocrx_word' id='word_1_686' title='bbox 3720 4181 3793 4236; x_wconf 88' lang='lat' dir='ltr'><strong>ci-</strong></span> 
     </span>
    </p>
   </div>
   <div class='ocr_carea' id='block_1_88' title="bbox 2143 4264 3790 4336">
    <p class='ocr_par' dir='ltr' id='par_1_88' title="bbox 2143 4264 3790 4336">
     <span class='ocr_line' id='line_1_88' title="bbox 2143 4264 3790 4336; baseline 0.001 -14"><span class='ocrx_word' id='word_1_687' title='bbox 2143 4265 2341 4322; x_wconf 86' lang='lat' dir='ltr'><strong>vitatis</strong></span> <span class='ocrx_word' id='word_1_688' title='bbox 2371 4264 2458 4322; x_wconf 90' lang='lat' dir='ltr'><strong>vel</strong></span> <span class='ocrx_word' id='word_1_689' title='bbox 2489 4265 2908 4336; x_wconf 88' lang='lat' dir='ltr'><strong>tribulationis,</strong></span> <span class='ocrx_word' id='word_1_690' title='bbox 2935 4287 2964 4321; x_wconf 75' lang='grc' dir='ltr'>ι</span> <span class='ocrx_word' id='word_1_691' title='bbox 2985 4269 3312 4326; x_wconf 89' lang='lat' dir='ltr'><strong>combussit</strong></span> <span class='ocrx_word' id='word_1_692' title='bbox 3339 4287 3439 4326; x_wconf 91' lang='lat' dir='ltr'><strong>eos</strong></span> <span class='ocrx_word' id='word_1_693' title='bbox 3468 4269 3790 4326; x_wconf 86' lang='lat' dir='ltr'><strong>vobiscum.</strong></span> 
     </span>
    </p>
   </div>
   <div class='ocr_carea' id='block_1_89' title="bbox 2147 4353 3792 4425">
    <p class='ocr_par' dir='ltr' id='par_1_89' title="bbox 2147 4353 3792 4425">
     <span class='ocr_line' id='line_1_89' title="bbox 2147 4353 3792 4425; baseline 0.002 -15"><span class='ocrx_word' id='word_1_694' title='bbox 2147 4355 2271 4410; x_wconf 91' lang='lat' dir='ltr'><strong>Non</strong></span> <span class='ocrx_word' id='word_1_695' title='bbox 2304 4354 2640 4411; x_wconf 83' lang='lat' dir='ltr'><strong>liberabant</strong></span> <span class='ocrx_word' id='word_1_696' title='bbox 2668 4353 2931 4411; x_wconf 87' lang='lat' dir='ltr'><strong>animam</strong></span> <span class='ocrx_word' id='word_1_697' title='bbox 2962 4373 3188 4425; x_wconf 87' lang='lat' dir='ltr'><strong>suam,»</strong></span> <span class='ocrx_word' id='word_1_698' title='bbox 3210 4357 3268 4414; x_wconf 91' lang='lat' dir='ltr'><strong>id</strong></span> <span class='ocrx_word' id='word_1_699' title='bbox 3299 4363 3389 4414; x_wconf 90' lang='lat' dir='ltr'><strong>est</strong></span> <span class='ocrx_word' id='word_1_700' title='bbox 3417 4358 3598 4415; x_wconf 85' lang='lat' dir='ltr'><strong>vitam</strong></span> <span class='ocrx_word' id='word_1_701' title='bbox 3628 4373 3792 4416; x_wconf 86' lang='lat' dir='ltr'><strong>suam</strong></span> 
     </span>
    </p>
   </div>
   <div class='ocr_carea' id='block_1_90' title="bbox 2146 4441 3794 4516">
    <p class='ocr_par' dir='ltr' id='par_1_90' title="bbox 2146 4441 3794 4516">
     <span class='ocr_line' id='line_1_90' title="bbox 2146 4441 3794 4516; baseline 0.004 -18"><span class='ocrx_word' id='word_1_702' title='bbox 2146 4441 2398 4499; x_wconf 87' lang='lat' dir='ltr'><strong>maleﬁci</strong></span> <span class='ocrx_word' id='word_1_703' title='bbox 2418 4442 2524 4512; x_wconf 93' lang='lat' dir='ltr'><strong>tui,</strong></span> <span class='ocrx_word' id='word_1_704' title='bbox 2550 4465 2580 4494; x_wconf 89' lang='grc'><strong>‹‹</strong></span> <span class='ocrx_word' id='word_1_705' title='bbox 2601 4443 2672 4499; x_wconf 93' lang='lat' dir='ltr'><strong>de</strong></span> <span class='ocrx_word' id='word_1_706' title='bbox 2693 4460 2873 4498; x_wconf 88' lang='lat' dir='ltr'><strong>manu</strong></span> <span class='ocrx_word' id='word_1_707' title='bbox 2895 4444 3205 4514; x_wconf 67' lang='lat' dir='ltr'><strong>flammae,»</strong></span> <span class='ocrx_word' id='word_1_708' title='bbox 3223 4446 3594 4516; x_wconf 89' lang='lat' dir='ltr'><strong>civitatis,vel</strong></span> <span class='ocrx_word' id='word_1_709' title='bbox 3613 4452 3794 4504; x_wconf 80' lang='lat' dir='ltr'><strong>vasta-</strong></span> 
     </span>
    </p>
   </div>
   <div class='ocr_carea' id='block_1_91' title="bbox 382 4531 3789 4633">
    <p class='ocr_par' dir='ltr' id='par_1_91' title="bbox 382 4531 3789 4633">
     <span class='ocr_line' id='line_1_91' title="bbox 382 4531 3789 4633; baseline -0.002 -24"><span class='ocrx_word' id='word_1_710' title='bbox 382 4569 513 4610; x_wconf 90' lang='lat' dir='ltr'><strong>eam</strong></span> <span class='ocrx_word' id='word_1_711' title='bbox 535 4567 834 4624; x_wconf 86' lang='lat' dir='ltr'><strong>superare.</strong></span> <span class='ocrx_word' id='word_1_712' title='bbox 859 4573 888 4601; x_wconf 87' lang='lat'>«</span> <span class='ocrx_word' id='word_1_713' title='bbox 915 4548 1254 4616; x_wconf 81' lang='lat' dir='ltr'><strong>Universa,»</strong></span> <span class='ocrx_word' id='word_1_714' title='bbox 1277 4531 1566 4604; x_wconf 78' lang='lat' dir='ltr'><strong>subaudis</strong></span> <span class='ocrx_word' id='word_1_715' title='bbox 1587 4548 1745 4604; x_wconf 89' lang='lat' dir='ltr'><strong>mala</strong></span> <span class='ocrx_word' id='word_1_716' title='bbox 1765 4531 2039 4621; x_wconf 64' lang='lat' dir='ltr'><strong>praedicta</strong></span> <span class='ocrx_word' id='word_1_717' title='bbox 2066 4568 2114 4633; x_wconf 71' lang='grc' dir='ltr'>Β</span> <span class='ocrx_word' id='word_1_718' title='bbox 2148 4532 2342 4633; x_wconf 37' lang='lat' dir='ltr'><strong>Romi-3-</strong></span> <span class='ocrx_word' id='word_1_719' title='bbox 2371 4553 2398 4582; x_wconf 79' lang='lat'><em>“</em></span> <span class='ocrx_word' id='word_1_720' title='bbox 2420 4531 2709 4633; x_wconf 41' lang='lat' dir='ltr'><strong>N‘On‘suﬁt</strong></span> <span class='ocrx_word' id='word_1_721' title='bbox 2729 4532 3153 4633; x_wconf 57' lang='grc' dir='ltr'><strong>Ρνυῑιίετ)ἰξῙῙξ8ν</strong></span> <span class='ocrx_word' id='word_1_722' title='bbox 3179 4556 3208 4585; x_wconf 74' lang='grc' dir='ltr'><strong>ί(</strong></span> <span class='ocrx_word' id='word_1_723' title='bbox 3229 4535 3448 4633; x_wconf 54' lang='grc' dir='ltr'><strong>(Ιυῖιξυε</strong></span> <span class='ocrx_word' id='word_1_724' title='bbox 3468 4534 3789 4633; x_wconf 53' lang='grc' dir='ltr'><strong>ξθιῙθίίᾶηῐιν</strong></span> 
     </span>
    </p>
   </div>
   <div class='ocr_carea' id='block_1_92' title="bbox 385 4637 2038 4712">
    <p class='ocr_par' dir='ltr' id='par_1_92' title="bbox 385 4637 2038 4712">
     <span class='ocr_line' id='line_1_92' title="bbox 385 4637 2038 4712; baseline -0.002 -14"><span class='ocrx_word' id='word_1_725' title='bbox 385 4660 420 4698; x_wconf 88' lang='lat' dir='ltr'><strong>a</strong></span> <span class='ocrx_word' id='word_1_726' title='bbox 445 4657 560 4709; x_wconf 91' lang='lat' dir='ltr'><strong>me,</strong></span> <span class='ocrx_word' id='word_1_727' title='bbox 587 4643 645 4694; x_wconf 90' lang='lat' dir='ltr'><strong>et</strong></span> <span class='ocrx_word' id='word_1_728' title='bbox 673 4657 708 4695; x_wconf 92' lang='lat' dir='ltr'><strong>a</strong></span> <span class='ocrx_word' id='word_1_729' title='bbox 737 4637 1039 4712; x_wconf 87' lang='lat' dir='ltr'><strong>prephetis</strong></span> <span class='ocrx_word' id='word_1_730' title='bbox 1073 4660 1100 4688; x_wconf 88' lang='lat'><strong>«</strong></span> <span class='ocrx_word' id='word_1_731' title='bbox 1129 4641 1416 4693; x_wconf 88' lang='lat' dir='ltr'><strong>venerunt</strong></span> <span class='ocrx_word' id='word_1_732' title='bbox 1448 4659 1476 4687; x_wconf 85' lang='lat'><strong>»</strong></span> <span class='ocrx_word' id='word_1_733' title='bbox 1504 4654 1608 4709; x_wconf 90' lang='lat' dir='ltr'><strong>pro</strong></span> <span class='ocrx_word' id='word_1_734' title='bbox 1637 4655 1703 4694; x_wconf 93' lang='lat' dir='ltr'><strong>eo</strong></span> <span class='ocrx_word' id='word_1_735' title='bbox 1735 4640 1891 4710; x_wconf 92' lang='lat' dir='ltr'><strong>quod</strong></span> <span class='ocrx_word' id='word_1_736' title='bbox 1951 4644 2038 4695; x_wconf 88' lang='lat' dir='ltr'><strong>cst</strong></span> 
     </span>
    </p>
   </div>
   <div class='ocr_carea' id='block_1_93' title="bbox 382 4725 2032 4799">
    <p class='ocr_par' dir='ltr' id='par_1_93' title="bbox 382 4725 2032 4799">
     <span class='ocr_line' id='line_1_93' title="bbox 382 4725 2032 4799; baseline -0.002 -13"><span class='ocrx_word' id='word_1_737' title='bbox 382 4730 617 4786; x_wconf 88' lang='lat' dir='ltr'><strong>venient</strong></span> <span class='ocrx_word' id='word_1_738' title='bbox 635 4751 663 4777; x_wconf 91' lang='grc'><strong><em>‹‹</em></strong></span> <span class='ocrx_word' id='word_1_739' title='bbox 689 4745 867 4798; x_wconf 90' lang='lat' dir='ltr'><strong>super</strong></span> <span class='ocrx_word' id='word_1_740' title='bbox 891 4730 1003 4793; x_wconf 85' lang='lat' dir='ltr'><strong>te,»</strong></span> <span class='ocrx_word' id='word_1_741' title='bbox 1024 4743 1056 4781; x_wconf 95' lang='lat' dir='ltr'><strong>o</strong></span> <span class='ocrx_word' id='word_1_742' title='bbox 1083 4725 1360 4799; x_wconf 82' lang='lat' dir='ltr'><strong>Babylon,</strong></span> <span class='ocrx_word' id='word_1_743' title='bbox 1387 4749 1415 4776; x_wconf 89' lang='grc'><strong>‹‹</strong></span> <span class='ocrx_word' id='word_1_744' title='bbox 1441 4730 1678 4798; x_wconf 89' lang='lat' dir='ltr'><strong>propter</strong></span> <span class='ocrx_word' id='word_1_745' title='bbox 1699 4727 2032 4782; x_wconf 58' lang='lat' dir='ltr'><strong>multitudi-</strong></span> 
     </span>
    </p>
   </div>
   <div class='ocr_carea' id='block_1_94' title="bbox 387 4815 2035 4882">
    <p class='ocr_par' dir='ltr' id='par_1_94' title="bbox 387 4815 2035 4882">
     <span class='ocr_line' id='line_1_94' title="bbox 387 4815 2035 4882; baseline -0.001 -8"><span class='ocrx_word' id='word_1_746' title='bbox 387 4836 521 4875; x_wconf 87' lang='lat' dir='ltr'><strong>nem</strong></span> <span class='ocrx_word' id='word_1_747' title='bbox 553 4815 974 4872; x_wconf 89' lang='lat' dir='ltr'><strong>maleﬁciorum</strong></span> <span class='ocrx_word' id='word_1_748' title='bbox 1022 4819 1280 4882; x_wconf 89' lang='lat' dir='ltr'><strong>tuorum,</strong></span> <span class='ocrx_word' id='word_1_749' title='bbox 1304 4835 1332 4866; x_wconf 70' lang='grc' dir='ltr'><strong>υ</strong></span> <span class='ocrx_word' id='word_1_750' title='bbox 1369 4815 1426 4870; x_wconf 90' lang='lat' dir='ltr'><strong>id</strong></span> <span class='ocrx_word' id='word_1_751' title='bbox 1459 4819 1548 4871; x_wconf 90' lang='lat' dir='ltr'><strong>est</strong></span> <span class='ocrx_word' id='word_1_752' title='bbox 1579 4816 2035 4872; x_wconf 88' lang='lat' dir='ltr'><strong>incantationem</strong></span> 
     </span>
    </p>
   </div>
   <div class='ocr_carea' id='block_1_95' title="bbox 387 4902 2039 4980">
    <p class='ocr_par' dir='ltr' id='par_1_95' title="bbox 387 4902 2039 4980">
     <span class='ocr_line' id='line_1_95' title="bbox 387 4902 2039 4980; baseline -0.002 -18"><span class='ocrx_word' id='word_1_753' title='bbox 387 4921 694 4980; x_wconf 90' lang='lat' dir='ltr'><strong>magorum</strong></span> <span class='ocrx_word' id='word_1_754' title='bbox 734 4906 992 4968; x_wconf 90' lang='lat' dir='ltr'><strong>tuorum,</strong></span> <span class='ocrx_word' id='word_1_755' title='bbox 1029 4919 1278 4974; x_wconf 89' lang='lat' dir='ltr'><strong>quorum</strong></span> <span class='ocrx_word' id='word_1_756' title='bbox 1329 4902 1572 4958; x_wconf 90' lang='lat' dir='ltr'><strong>consilio</strong></span> <span class='ocrx_word' id='word_1_757' title='bbox 1622 4905 1900 4960; x_wconf 88' lang='lat' dir='ltr'><strong>utebaris.</strong></span> <span class='ocrx_word' id='word_1_758' title='bbox 1932 4905 2039 4960; x_wconf 91' lang='lat' dir='ltr'><strong>Per</strong></span> 
     </span>
    </p>
   </div>
   <div class='ocr_carea' id='block_1_96' title="bbox 385 4989 2034 5066">
    <p class='ocr_par' dir='ltr' id='par_1_96' title="bbox 385 4989 2034 5066">
     <span class='ocr_line' id='line_1_96' title="bbox 385 4989 2034 5066; baseline -0.003 -15"><span class='ocrx_word' id='word_1_759' title='bbox 385 4995 494 5051; x_wconf 88' lang='lat' dir='ltr'><strong>hoc</strong></span> <span class='ocrx_word' id='word_1_760' title='bbox 513 4992 670 5066; x_wconf 90' lang='lat' dir='ltr'><strong>quod</strong></span> <span class='ocrx_word' id='word_1_761' title='bbox 693 4991 837 5047; x_wconf 91' lang='lat' dir='ltr'><strong>dicit</strong></span> <span class='ocrx_word' id='word_1_762' title='bbox 867 4989 1291 5046; x_wconf 85' lang='lat' dir='ltr'><strong>maleﬁciorum</strong></span> <span class='ocrx_word' id='word_1_763' title='bbox 1325 4995 1911 5063; x_wconf 89' lang='lat' dir='ltr'><strong>tuorum,possumus</strong></span> <span class='ocrx_word' id='word_1_764' title='bbox 1941 4993 2034 5047; x_wconf 91' lang='lat' dir='ltr'><strong>in-</strong></span> 
     </span>
    </p>
   </div>
   <div class='ocr_carea' id='block_1_97' title="bbox 385 5078 2036 5158">
    <p class='ocr_par' dir='ltr' id='par_1_97' title="bbox 385 5078 2036 5158">
     <span class='ocr_line' id='line_1_97' title="bbox 385 5078 2036 5158; baseline -0.004 -17"><span class='ocrx_word' id='word_1_765' title='bbox 385 5084 646 5158; x_wconf 89' lang='lat' dir='ltr'><strong>telligere</strong></span> <span class='ocrx_word' id='word_1_766' title='bbox 687 5080 968 5136; x_wconf 89' lang='lat' dir='ltr'><strong>habuisse</strong></span> <span class='ocrx_word' id='word_1_767' title='bbox 995 5078 1157 5134; x_wconf 88' lang='lat' dir='ltr'><strong>illam</strong></span> <span class='ocrx_word' id='word_1_768' title='bbox 1190 5078 1488 5134; x_wconf 87' lang='lat' dir='ltr'><strong>maleﬁcos</strong></span> <span class='ocrx_word' id='word_1_769' title='bbox 1517 5083 1575 5134; x_wconf 91' lang='lat' dir='ltr'><strong>et</strong></span> <span class='ocrx_word' id='word_1_770' title='bbox 1606 5095 1828 5151; x_wconf 88' lang='lat' dir='ltr'><strong>magos,</strong></span> <span class='ocrx_word' id='word_1_771' title='bbox 1857 5080 1957 5152; x_wconf 92' lang='lat' dir='ltr'><strong>qui</strong></span> <span class='ocrx_word' id='word_1_772' title='bbox 1983 5079 2036 5135; x_wconf 91' lang='lat' dir='ltr'><strong>ci</strong></span> 
     </span>
    </p>
   </div>
   <div class='ocr_carea' id='block_1_98' title="bbox 384 5167 2036 5240">
    <p class='ocr_par' dir='ltr' id='par_1_98' title="bbox 384 5167 2036 5240">
     <span class='ocr_line' id='line_1_98' title="bbox 384 5167 2036 5240; baseline -0.004 -11"><span class='ocrx_word' id='word_1_773' title='bbox 384 5173 738 5230; x_wconf 89' lang='lat' dir='ltr'><strong>videbantur</strong></span> <span class='ocrx_word' id='word_1_774' title='bbox 767 5169 967 5224; x_wconf 85' lang='lat' dir='ltr'><strong>futura</strong></span> <span class='ocrx_word' id='word_1_775' title='bbox 995 5167 1326 5240; x_wconf 67' lang='lat' dir='ltr'><strong>praedicere.</strong></span> <span class='ocrx_word' id='word_1_776' title='bbox 1354 5167 1506 5240; x_wconf 87' lang='lat' dir='ltr'><strong>Magi</strong></span> <span class='ocrx_word' id='word_1_777' title='bbox 1539 5172 1736 5222; x_wconf 88' lang='lat' dir='ltr'><strong>autem</strong></span> <span class='ocrx_word' id='word_1_778' title='bbox 1768 5171 1908 5222; x_wconf 92' lang='lat' dir='ltr'><strong>sunt</strong></span> <span class='ocrx_word' id='word_1_779' title='bbox 1935 5168 2036 5239; x_wconf 90' lang='lat' dir='ltr'><strong>qui</strong></span> 
     </span>
    </p>
   </div>
   <div class='ocr_carea' id='block_1_99' title="bbox 387 5253 2038 5335">
    <p class='ocr_par' dir='ltr' id='par_1_99' title="bbox 387 5253 2038 5335">
     <span class='ocr_line' id='line_1_99' title="bbox 387 5253 2038 5335; baseline -0.005 -17"><span class='ocrx_word' id='word_1_780' title='bbox 387 5278 632 5335; x_wconf 84' lang='lat' dir='ltr'><strong>corpora</strong></span> <span class='ocrx_word' id='word_1_781' title='bbox 641 5261 1006 5314; x_wconf 89' lang='lat' dir='ltr'><strong>mortuorum</strong></span> <span class='ocrx_word' id='word_1_782' title='bbox 1021 5255 1432 5329; x_wconf 87' lang='lat' dir='ltr'><strong>exspoliant,et</strong></span> <span class='ocrx_word' id='word_1_783' title='bbox 1445 5255 1500 5310; x_wconf 92' lang='lat' dir='ltr'><strong>in</strong></span> <span class='ocrx_word' id='word_1_784' title='bbox 1515 5253 1798 5328; x_wconf 86' lang='lat' dir='ltr'><strong>sepulcris</strong></span> <span class='ocrx_word' id='word_1_785' title='bbox 1811 5273 2038 5311; x_wconf 86' lang='lat' dir='ltr'><strong>moran-</strong></span> 
     </span>
    </p>
   </div>
   <div class='ocr_carea' id='block_1_100' title="bbox 387 5343 2033 5418">
    <p class='ocr_par' dir='ltr' id='par_1_100' title="bbox 387 5343 2033 5418">
     <span class='ocr_line' id='line_1_100' title="bbox 387 5343 2033 5418; baseline -0.005 -11"><span class='ocrx_word' id='word_1_786' title='bbox 387 5349 566 5408; x_wconf 90' lang='lat' dir='ltr'><strong>tur.id</strong></span> <span class='ocrx_word' id='word_1_787' title='bbox 583 5352 692 5414; x_wconf 82' lang='lat' dir='ltr'><strong>est,</strong></span> <span class='ocrx_word' id='word_1_788' title='bbox 705 5346 1016 5418; x_wconf 89' lang='lat' dir='ltr'><strong>insuperet</strong></span> <span class='ocrx_word' id='word_1_789' title='bbox 1027 5343 1314 5418; x_wconf 88' lang='lat' dir='ltr'><strong>sanguine</strong></span> <span class='ocrx_word' id='word_1_790' title='bbox 1326 5344 1584 5399; x_wconf 86' lang='lat' dir='ltr'><strong>humano</strong></span> <span class='ocrx_word' id='word_1_791' title='bbox 1598 5345 2033 5410; x_wconf 87' lang='lat' dir='ltr'><strong>utuntur.Quod</strong></span> 
     </span>
    </p>
   </div>
   <div class='ocr_carea' id='block_1_101' title="bbox 391 5432 2035 5506">
    <p class='ocr_par' dir='ltr' id='par_1_101' title="bbox 391 5432 2035 5506">
     <span class='ocr_line' id='line_1_101' title="bbox 391 5432 2035 5506; baseline -0.004 -12"><span class='ocrx_word' id='word_1_792' title='bbox 391 5442 586 5494; x_wconf 89' lang='lat' dir='ltr'><strong>autem</strong></span> <span class='ocrx_word' id='word_1_793' title='bbox 601 5433 760 5490; x_wconf 89' lang='lat' dir='ltr'><strong>addit</strong></span> <span class='ocrx_word' id='word_1_794' title='bbox 771 5457 820 5503; x_wconf 79' lang='grc' dir='ltr'>,α</span> <span class='ocrx_word' id='word_1_795' title='bbox 835 5438 892 5490; x_wconf 92' lang='lat' dir='ltr'><strong>et</strong></span> <span class='ocrx_word' id='word_1_796' title='bbox 902 5437 1140 5506; x_wconf 85' lang='lat' dir='ltr'><strong>propter</strong></span> <span class='ocrx_word' id='word_1_797' title='bbox 1153 5434 1188 5490; x_wconf 93' lang='lat' dir='ltr'><strong>d</strong></span> <span class='ocrx_word' id='word_1_798' title='bbox 1199 5433 1434 5488; x_wconf 90' lang='lat' dir='ltr'><strong>uritiam</strong></span> <span class='ocrx_word' id='word_1_799' title='bbox 1453 5432 1882 5488; x_wconf 90' lang='lat' dir='ltr'><strong>incantatorum</strong></span> <span class='ocrx_word' id='word_1_800' title='bbox 1909 5437 2035 5488; x_wconf 87' lang='lat' dir='ltr'><strong>tuo-</strong></span> 
     </span>
    </p>
   </div>
   <div class='ocr_carea' id='block_1_102' title="bbox 392 5520 2038 5595">
    <p class='ocr_par' dir='ltr' id='par_1_102' title="bbox 392 5520 2038 5595">
     <span class='ocr_line' id='line_1_102' title="bbox 392 5520 2038 5595; baseline -0.002 -16"><span class='ocrx_word' id='word_1_801' title='bbox 392 5541 584 5590; x_wconf 82' lang='lat' dir='ltr'><strong>rum,»</strong></span> <span class='ocrx_word' id='word_1_802' title='bbox 606 5523 890 5578; x_wconf 88' lang='lat' dir='ltr'><strong>subaudis</strong></span> <span class='ocrx_word' id='word_1_803' title='bbox 917 5522 974 5577; x_wconf 92' lang='lat' dir='ltr'><strong>in</strong></span> <span class='ocrx_word' id='word_1_804' title='bbox 996 5521 1212 5595; x_wconf 88' lang='lat' dir='ltr'><strong>quibus</strong></span> <span class='ocrx_word' id='word_1_805' title='bbox 1232 5521 1490 5577; x_wconf 87' lang='lat' dir='ltr'><strong>habuisti</strong></span> <span class='ocrx_word' id='word_1_806' title='bbox 1514 5520 2038 5592; x_wconf 88' lang='lat' dir='ltr'><strong>ﬁduciam,intelli-</strong></span> 
     </span>
    </p>
   </div>
   <div class='ocr_carea' id='block_1_103' title="bbox 393 5609 2036 5687">
    <p class='ocr_par' dir='ltr' id='par_1_103' title="bbox 393 5609 2036 5687">
     <span class='ocr_line' id='line_1_103' title="bbox 393 5609 2036 5687; baseline -0.001 -20"><span class='ocrx_word' id='word_1_807' title='bbox 393 5609 650 5687; x_wconf 88' lang='lat' dir='ltr'><strong>gendum</strong></span> <span class='ocrx_word' id='word_1_808' title='bbox 679 5613 771 5667; x_wconf 87' lang='lat' dir='ltr'><strong>est</strong></span> <span class='ocrx_word' id='word_1_809' title='bbox 793 5611 948 5684; x_wconf 89' lang='lat' dir='ltr'><strong>quod</strong></span> <span class='ocrx_word' id='word_1_810' title='bbox 981 5611 1093 5686; x_wconf 87' lang='lat' dir='ltr'>ipsi</span> <span class='ocrx_word' id='word_1_811' title='bbox 1125 5611 1282 5684; x_wconf 87' lang='lat' dir='ltr'><strong>magi</strong></span> <span class='ocrx_word' id='word_1_812' title='bbox 1311 5614 1368 5666; x_wconf 91' lang='lat' dir='ltr'><strong>et</strong></span> <span class='ocrx_word' id='word_1_813' title='bbox 1396 5609 1788 5667; x_wconf 87' lang='lat' dir='ltr'><strong>incantatores</strong></span> <span class='ocrx_word' id='word_1_814' title='bbox 1817 5609 2036 5665; x_wconf 89' lang='lat' dir='ltr'><strong>tribue-</strong></span> 
     </span>
    </p>
   </div>
   <div class='ocr_carea' id='block_1_104' title="bbox 2145 4619 3789 4696">
    <p class='ocr_par' dir='ltr' id='par_1_104' title="bbox 2145 4619 3789 4696">
     <span class='ocr_line' id='line_1_104' title="bbox 2145 4619 3789 4696; baseline 0.002 -21"><span class='ocrx_word' id='word_1_815' title='bbox 2145 4621 2204 4676; x_wconf 91' lang='lat' dir='ltr'><strong>id</strong></span> <span class='ocrx_word' id='word_1_816' title='bbox 2219 4625 2450 4688; x_wconf 90' lang='lat' dir='ltr'><strong>est,non</strong></span> <span class='ocrx_word' id='word_1_817' title='bbox 2463 4619 2681 4676; x_wconf 89' lang='lat' dir='ltr'><strong>habent</strong></span> <span class='ocrx_word' id='word_1_818' title='bbox 2689 4636 2886 4676; x_wconf 89' lang='lat' dir='ltr'><strong>veram</strong></span> <span class='ocrx_word' id='word_1_819' title='bbox 2898 4625 2956 4676; x_wconf 91' lang='lat' dir='ltr'><strong>et</strong></span> <span class='ocrx_word' id='word_1_820' title='bbox 2975 4621 3233 4678; x_wconf 84' lang='lat' dir='ltr'><strong>divinam</strong></span> <span class='ocrx_word' id='word_1_821' title='bbox 3256 4622 3608 4696; x_wconf 86' lang='lat' dir='ltr'><strong>sapientiam</strong></span> <span class='ocrx_word' id='word_1_822' title='bbox 3620 4637 3789 4696; x_wconf 86' lang='lat' dir='ltr'><strong>quam</strong></span> 
     </span>
    </p>
   </div>
   <div class='ocr_carea' id='block_1_105' title="bbox 2145 4707 3790 4782">
    <p class='ocr_par' dir='ltr' id='par_1_105' title="bbox 2145 4707 3790 4782">
     <span class='ocr_line' id='line_1_105' title="bbox 2145 4707 3790 4782; baseline 0 -18"><span class='ocrx_word' id='word_1_823' title='bbox 2145 4712 2358 4781; x_wconf 88' lang='lat' dir='ltr'><strong>putant</strong></span> <span class='ocrx_word' id='word_1_824' title='bbox 2379 4707 2686 4776; x_wconf 89' lang='lat' dir='ltr'><strong>habere,ut</strong></span> <span class='ocrx_word' id='word_1_825' title='bbox 2706 4707 2830 4763; x_wconf 91' lang='lat' dir='ltr'><strong>suis</strong></span> <span class='ocrx_word' id='word_1_826' title='bbox 2859 4708 3121 4766; x_wconf 89' lang='lat' dir='ltr'><strong>consiliis</strong></span> <span class='ocrx_word' id='word_1_827' title='bbox 3141 4711 3371 4782; x_wconf 90' lang='lat' dir='ltr'><strong>possint</strong></span> <span class='ocrx_word' id='word_1_828' title='bbox 3391 4713 3632 4768; x_wconf 89' lang='lat' dir='ltr'><strong>evadere</strong></span> <span class='ocrx_word' id='word_1_829' title='bbox 3650 4711 3790 4767; x_wconf 80' lang='lat' dir='ltr'><strong>cala-</strong></span> 
     </span>
    </p>
   </div>
   <div class='ocr_carea' id='block_1_106' title="bbox 2147 4795 3788 4871">
    <p class='ocr_par' dir='ltr' id='par_1_106' title="bbox 2147 4795 3788 4871">
     <span class='ocr_line' id='line_1_106' title="bbox 2147 4795 3788 4871; baseline 0 -19"><span class='ocrx_word' id='word_1_830' title='bbox 2147 4798 2368 4852; x_wconf 88' lang='lat' dir='ltr'><strong>mitatis</strong></span> <span class='ocrx_word' id='word_1_831' title='bbox 2401 4795 2746 4869; x_wconf 88' lang='lat' dir='ltr'><strong>periculum.</strong></span> <span class='ocrx_word' id='word_1_832' title='bbox 2781 4820 2810 4848; x_wconf 86' lang='lat'>«</span> <span class='ocrx_word' id='word_1_833' title='bbox 2847 4799 2962 4862; x_wconf 78' lang='lat' dir='ltr'><strong>Nec</strong></span> <span class='ocrx_word' id='word_1_834' title='bbox 2987 4799 3152 4856; x_wconf 82' lang='lat' dir='ltr'><strong>focus</strong></span> <span class='ocrx_word' id='word_1_835' title='bbox 3181 4803 3273 4855; x_wconf 89' lang='lat' dir='ltr'><strong>est</strong></span> <span class='ocrx_word' id='word_1_836' title='bbox 3304 4800 3440 4871; x_wconf 91' lang='lat' dir='ltr'><strong>illis,</strong></span> <span class='ocrx_word' id='word_1_837' title='bbox 3462 4805 3528 4858; x_wconf 90' lang='lat' dir='ltr'><strong>ut</strong></span> <span class='ocrx_word' id='word_1_838' title='bbox 3557 4802 3788 4856; x_wconf 86' lang='lat' dir='ltr'><strong>sedeant</strong></span> 
     </span>
    </p>
   </div>
   <div class='ocr_carea' id='block_1_107' title="bbox 2144 4884 3786 4960">
    <p class='ocr_par' dir='ltr' id='par_1_107' title="bbox 2144 4884 3786 4960">
     <span class='ocr_line' id='line_1_107' title="bbox 2144 4884 3786 4960; baseline 0.001 -18"><span class='ocrx_word' id='word_1_839' title='bbox 2144 4887 2215 4942; x_wconf 93' lang='lat' dir='ltr'><strong>ad</strong></span> <span class='ocrx_word' id='word_1_840' title='bbox 2249 4903 2404 4954; x_wconf 90' lang='lat' dir='ltr'><strong>eum,</strong></span> <span class='ocrx_word' id='word_1_841' title='bbox 2427 4909 2454 4934; x_wconf 88' lang='grc'>››</span> <span class='ocrx_word' id='word_1_842' title='bbox 2489 4884 2598 4940; x_wconf 90' lang='lat' dir='ltr'><strong>hoc</strong></span> <span class='ocrx_word' id='word_1_843' title='bbox 2629 4889 2738 4955; x_wconf 91' lang='lat' dir='ltr'><strong>est,</strong></span> <span class='ocrx_word' id='word_1_844' title='bbox 2773 4890 2840 4941; x_wconf 93' lang='lat' dir='ltr'><strong>ut</strong></span> <span class='ocrx_word' id='word_1_845' title='bbox 2863 4887 3094 4960; x_wconf 87' lang='lat' dir='ltr'><strong>possint</strong></span> <span class='ocrx_word' id='word_1_846' title='bbox 3151 4889 3442 4945; x_wconf 88' lang='lat' dir='ltr'><strong>discutere</strong></span> <span class='ocrx_word' id='word_1_847' title='bbox 3502 4889 3786 4958; x_wconf 80' lang='lat' dir='ltr'><strong>tenebras,</strong></span> 
     </span>
    </p>
   </div>
   <div class='ocr_carea' id='block_1_108' title="bbox 2145 4974 3044 5047">
    <p class='ocr_par' dir='ltr' id='par_1_108' title="bbox 2145 4974 3044 5047">
     <span class='ocr_line' id='line_1_108' title="bbox 2145 4974 3044 5047; baseline 0 -17"><span class='ocrx_word' id='word_1_848' title='bbox 2145 4975 2245 5030; x_wconf 89' lang='lat' dir='ltr'><strong>sed</strong></span> <span class='ocrx_word' id='word_1_849' title='bbox 2279 4974 2474 5047; x_wconf 91' lang='lat' dir='ltr'><strong>potius</strong></span> <span class='ocrx_word' id='word_1_850' title='bbox 2506 4977 2570 5029; x_wconf 91' lang='lat' dir='ltr'><strong>ut</strong></span> <span class='ocrx_word' id='word_1_851' title='bbox 2591 4975 3044 5030; x_wconf 88' lang='lat' dir='ltr'><strong>succendantur.</strong></span> 
     </span>
    </p>
   </div>
   <div class='ocr_carea' id='block_1_109' title="bbox 2216 5079 3784 5156">
    <p class='ocr_par' dir='ltr' id='par_1_109' title="bbox 2216 5079 3784 5156">
     <span class='ocr_line' id='line_1_109' title="bbox 2216 5079 3784 5156; baseline 0.004 -26"><span class='ocrx_word' id='word_1_852' title='bbox 2216 5103 2244 5130; x_wconf 85' lang='grc'><strong>‹‹</strong></span> <span class='ocrx_word' id='word_1_853' title='bbox 2279 5079 2372 5136; x_wconf 91' lang='lat' dir='ltr'><strong>Sic</strong></span> <span class='ocrx_word' id='word_1_854' title='bbox 2403 5081 2540 5136; x_wconf 85' lang='lat' dir='ltr'><strong>facti</strong></span> <span class='ocrx_word' id='word_1_855' title='bbox 2587 5083 2728 5136; x_wconf 90' lang='lat' dir='ltr'><strong>sunt</strong></span> <span class='ocrx_word' id='word_1_856' title='bbox 2774 5079 2880 5135; x_wconf 90' lang='lat' dir='ltr'><strong>tibi</strong></span> <span class='ocrx_word' id='word_1_857' title='bbox 2922 5081 2981 5136; x_wconf 89' lang='lat' dir='ltr'><strong>in</strong></span> <span class='ocrx_word' id='word_1_858' title='bbox 3012 5081 3464 5156; x_wconf 90' lang='lat' dir='ltr'><strong>quibuscunque</strong></span> <span class='ocrx_word' id='word_1_859' title='bbox 3491 5083 3784 5140; x_wconf 86' lang='lat' dir='ltr'><strong>laborave-</strong></span> 
     </span>
    </p>
   </div>
   <div class='ocr_carea' id='block_1_110' title="bbox 2146 5168 3788 5229">
    <p class='ocr_par' dir='ltr' id='par_1_110' title="bbox 2146 5168 3788 5229">
     <span class='ocr_line' id='line_1_110' title="bbox 2146 5168 3788 5229; baseline 0.002 -6"><span class='ocrx_word' id='word_1_860' title='bbox 2146 5186 2263 5224; x_wconf 87' lang='lat' dir='ltr'><strong>ras.</strong></span> <span class='ocrx_word' id='word_1_861' title='bbox 2293 5190 2321 5217; x_wconf 87' lang='lat'>»</span> <span class='ocrx_word' id='word_1_862' title='bbox 2350 5168 2482 5224; x_wconf 90' lang='lat' dir='ltr'><strong>Acsi</strong></span> <span class='ocrx_word' id='word_1_863' title='bbox 2519 5168 2738 5224; x_wconf 88' lang='lat' dir='ltr'><strong>diceret</strong></span> <span class='ocrx_word' id='word_1_864' title='bbox 2769 5186 2783 5224; x_wconf 90' lang='lat'><strong>:</strong></span> <span class='ocrx_word' id='word_1_865' title='bbox 2813 5168 2979 5225; x_wconf 92' lang='lat' dir='ltr'><strong>Sicut</strong></span> <span class='ocrx_word' id='word_1_866' title='bbox 3007 5169 3114 5225; x_wconf 89' lang='lat' dir='ltr'><strong>tibi</strong></span> <span class='ocrx_word' id='word_1_867' title='bbox 3144 5170 3501 5229; x_wconf 89' lang='lat' dir='ltr'><strong>illuminatio</strong></span> <span class='ocrx_word' id='word_1_868' title='bbox 3529 5189 3672 5229; x_wconf 70' lang='lat' dir='ltr'><strong>vera:</strong></span> <span class='ocrx_word' id='word_1_869' title='bbox 3695 5186 3788 5226; x_wconf 84' lang='lat' dir='ltr'><strong>sa-</strong></span> 
     </span>
    </p>
   </div>
   <div class='ocr_carea' id='block_1_111' title="bbox 2147 5255 3780 5328">
    <p class='ocr_par' dir='ltr' id='par_1_111' title="bbox 2147 5255 3780 5328">
     <span class='ocr_line' id='line_1_111' title="bbox 2147 5255 3780 5328; baseline 0.001 -17"><span class='ocrx_word' id='word_1_870' title='bbox 2147 5255 2376 5328; x_wconf 63' lang='lat' dir='ltr'><strong>pientia;</strong></span> <span class='ocrx_word' id='word_1_871' title='bbox 2405 5257 2607 5324; x_wconf 90' lang='lat' dir='ltr'><strong>deest;</strong></span> <span class='ocrx_word' id='word_1_872' title='bbox 2640 5257 2725 5313; x_wconf 88' lang='lat' dir='ltr'><strong>sic</strong></span> <span class='ocrx_word' id='word_1_873' title='bbox 2783 5257 2983 5313; x_wconf 89' lang='lat' dir='ltr'><strong>omnia</strong></span> <span class='ocrx_word' id='word_1_874' title='bbox 3032 5259 3187 5315; x_wconf 89' lang='lat' dir='ltr'><strong>bona</strong></span> <span class='ocrx_word' id='word_1_875' title='bbox 3241 5261 3583 5317; x_wconf 84' lang='lat' dir='ltr'><strong>transibunt</strong></span> <span class='ocrx_word' id='word_1_876' title='bbox 3635 5277 3670 5316; x_wconf 90' lang='lat' dir='ltr'>a</span> <span class='ocrx_word' id='word_1_877' title='bbox 3709 5261 3780 5312; x_wconf 89' lang='lat' dir='ltr'><strong>te.</strong></span> 
     </span>
    </p>
   </div>
   <div class='ocr_carea' id='block_1_112' title="bbox 2147 5343 3784 5421">
    <p class='ocr_par' dir='ltr' id='par_1_112' title="bbox 2147 5343 3784 5421">
     <span class='ocr_line' id='line_1_112' title="bbox 2147 5343 3784 5421; baseline -0.002 -19"><span class='ocrx_word' id='word_1_878' title='bbox 2147 5369 2174 5395; x_wconf 87' lang='lat'><strong>«</strong></span> <span class='ocrx_word' id='word_1_879' title='bbox 2210 5345 2613 5420; x_wconf 86' lang='lat' dir='ltr'><strong>Negotiatores</strong></span> <span class='ocrx_word' id='word_1_880' title='bbox 2642 5345 2752 5412; x_wconf 89' lang='lat' dir='ltr'><strong>tui,</strong></span> <span class='ocrx_word' id='word_1_881' title='bbox 2788 5367 2816 5394; x_wconf 88' lang='grc'><strong>››</strong></span> <span class='ocrx_word' id='word_1_882' title='bbox 2865 5344 2976 5401; x_wconf 90' lang='lat' dir='ltr'><strong>hoc</strong></span> <span class='ocrx_word' id='word_1_883' title='bbox 3019 5351 3109 5403; x_wconf 88' lang='lat' dir='ltr'><strong>est</strong></span> <span class='ocrx_word' id='word_1_884' title='bbox 3136 5347 3295 5421; x_wconf 86' lang='lat' dir='ltr'><strong>magi</strong></span> <span class='ocrx_word' id='word_1_885' title='bbox 3323 5353 3382 5405; x_wconf 91' lang='lat' dir='ltr'><strong>et</strong></span> <span class='ocrx_word' id='word_1_886' title='bbox 3407 5347 3652 5405; x_wconf 87' lang='lat' dir='ltr'><strong>maleﬁci</strong></span> <span class='ocrx_word' id='word_1_887' title='bbox 3682 5343 3784 5412; x_wconf 89' lang='lat' dir='ltr'><strong>tui,</strong></span> 
     </span>
    </p>
   </div>
   <div class='ocr_carea' id='block_1_113' title="bbox 2147 5433 3783 5510">
    <p class='ocr_par' dir='ltr' id='par_1_113' title="bbox 2147 5433 3783 5510">
     <span class='ocr_line' id='line_1_113' title="bbox 2147 5433 3783 5510; baseline -0.001 -20"><span class='ocrx_word' id='word_1_888' title='bbox 2147 5435 2245 5507; x_wconf 90' lang='lat' dir='ltr'><strong>qui</strong></span> <span class='ocrx_word' id='word_1_889' title='bbox 2273 5452 2383 5491; x_wconf 88' lang='lat' dir='ltr'><strong>sua</strong></span> <span class='ocrx_word' id='word_1_890' title='bbox 2413 5439 2534 5490; x_wconf 88' lang='lat' dir='ltr'><strong>arte</strong></span> <span class='ocrx_word' id='word_1_891' title='bbox 2558 5433 2745 5489; x_wconf 91' lang='lat' dir='ltr'><strong>multa</strong></span> <span class='ocrx_word' id='word_1_892' title='bbox 2773 5435 3206 5506; x_wconf 87' lang='lat' dir='ltr'><strong>mercabantur,</strong></span> <span class='ocrx_word' id='word_1_893' title='bbox 3238 5461 3267 5488; x_wconf 84' lang='lat'>«</span> <span class='ocrx_word' id='word_1_894' title='bbox 3286 5442 3344 5494; x_wconf 90' lang='lat' dir='ltr'><strong>et</strong></span> <span class='ocrx_word' id='word_1_895' title='bbox 3370 5438 3475 5510; x_wconf 87' lang='lat' dir='ltr'><strong>qui</strong></span> <span class='ocrx_word' id='word_1_896' title='bbox 3505 5437 3580 5494; x_wconf 91' lang='lat' dir='ltr'><strong>ab</strong></span> <span class='ocrx_word' id='word_1_897' title='bbox 3606 5433 3783 5492; x_wconf 89' lang='lat' dir='ltr'><strong>adole-</strong></span> 
     </span>
    </p>
   </div>
   <div class='ocr_carea' id='block_1_114' title="bbox 2147 5521 3780 5599">
    <p class='ocr_par' dir='ltr' id='par_1_114' title="bbox 2147 5521 3780 5599">
     <span class='ocr_line' id='line_1_114' title="bbox 2147 5521 3780 5599; baseline 0.001 -23"><span class='ocrx_word' id='word_1_898' title='bbox 2147 5521 2367 5577; x_wconf 89' lang='lat' dir='ltr'><strong>scentia</strong></span> <span class='ocrx_word' id='word_1_899' title='bbox 2393 5525 2514 5589; x_wconf 88' lang='lat' dir='ltr'><strong>tua,</strong></span> <span class='ocrx_word' id='word_1_900' title='bbox 2551 5543 2580 5570; x_wconf 84' lang='grc'><strong>››</strong></span> <span class='ocrx_word' id='word_1_901' title='bbox 2612 5521 2669 5576; x_wconf 94' lang='lat' dir='ltr'>id</span> <span class='ocrx_word' id='word_1_902' title='bbox 2717 5526 2809 5578; x_wconf 90' lang='lat' dir='ltr'><strong>est</strong></span> <span class='ocrx_word' id='word_1_903' title='bbox 2852 5522 2926 5578; x_wconf 85' lang='lat' dir='ltr'><strong>ab</strong></span> <span class='ocrx_word' id='word_1_904' title='bbox 2956 5524 3188 5580; x_wconf 86' lang='lat' dir='ltr'><strong>exordio</strong></span> <span class='ocrx_word' id='word_1_905' title='bbox 3221 5525 3454 5599; x_wconf 89' lang='lat' dir='ltr'><strong>imperii</strong></span> <span class='ocrx_word' id='word_1_906' title='bbox 3483 5525 3592 5592; x_wconf 89' lang='lat' dir='ltr'><strong>tui,</strong></span> <span class='ocrx_word' id='word_1_907' title='bbox 3621 5528 3675 5580; x_wconf 85' lang='lat' dir='ltr'><strong>te</strong></span> <span class='ocrx_word' id='word_1_908' title='bbox 3694 5536 3780 5577; x_wconf 84' lang='lat' dir='ltr'><strong>se-</strong></span> 
     </span>
    </p>
   </div>
   <div class='ocr_carea' id='block_1_115' title="bbox 2148 5609 3778 5684">
    <p class='ocr_par' dir='ltr' id='par_1_115' title="bbox 2148 5609 3778 5684">
     <span class='ocr_line' id='line_1_115' title="bbox 2148 5609 3778 5684; baseline -0.001 -18"><span class='ocrx_word' id='word_1_909' title='bbox 2148 5610 2440 5667; x_wconf 84' lang='lat' dir='ltr'><strong>duxerunt</strong></span> <span class='ocrx_word' id='word_1_910' title='bbox 2463 5627 2476 5666; x_wconf 89' lang='lat'>:</span> <span class='ocrx_word' id='word_1_911' title='bbox 2503 5633 2532 5662; x_wconf 83' lang='lat'><strong>«</strong></span> <span class='ocrx_word' id='word_1_912' title='bbox 2556 5609 2966 5684; x_wconf 86' lang='lat' dir='ltr'><strong>unusquisque</strong></span> <span class='ocrx_word' id='word_1_913' title='bbox 2985 5611 3220 5670; x_wconf 89' lang='lat' dir='ltr'><strong>illorum</strong></span> <span class='ocrx_word' id='word_1_914' title='bbox 3242 5614 3302 5670; x_wconf 88' lang='lat' dir='ltr'>in</span> <span class='ocrx_word' id='word_1_915' title='bbox 3324 5614 3421 5672; x_wconf 88' lang='lat' dir='ltr'><strong>via</strong></span> <span class='ocrx_word' id='word_1_916' title='bbox 3439 5631 3549 5673; x_wconf 87' lang='lat' dir='ltr'><strong>sua</strong></span> <span class='ocrx_word' id='word_1_917' title='bbox 3567 5623 3778 5672; x_wconf 81' lang='lat' dir='ltr'><strong>errave-</strong></span> 
     </span>
    </p>
   </div>
  </div>
