4106 6190
324 338 443 401 957

1385 341 1789 405 COMMENT.
1835 341 1916 401 IN
1960 341 2257 404 ISAIAM.
2290 344 2545 406 —LIB.
2593 344 2671 407 II.

3611 357 3731 420 958

325 475 484 559 rupt.
517 470 644 528 Non
675 476 765 528 est
792 496 814 525 ι
842 471 1056 546 aliquis
1086 490 1288 530 eorum
1311 496 1339 524 «
1365 472 1467 547 qui
1497 472 1679 530 salvet
1706 476 1763 530 te
1788 494 1816 523 »
1837 489 1973 529 cum
2002 472 2057 540 Α
2085 474 2350 547 ίΕεγρῐο,
2383 479 2439 530 et
2468 476 2811 535 imminente
2861 481 3193 554 captivitate
3223 502 3350 558 quae
3401 487 3551 545 facta
3580 494 3670 547 est
3698 507 3732 546 a
3822 538 3831 547 .

323 559 550 617 venerit
577 560 898 618 tribulatio.

897 707 1129 763 CAPUT
1162 707 1406 766 XLVIII.

397 854 426 881 ‹‹
445 831 656 887 Audite
677 831 807 899 hoc,
832 832 1043 888 domus
1071 831 1387 905 Jacob,qui
1418 831 1707 887 vocamini
1741 831 1977 887 nomine

324 919 529 988 Israel,
556 924 613 976 et
632 921 702 975 de
723 920 893 993 aquis
914 921 945 976 J
953 922 1068 977 uda
1087 920 1347 977 existis.»
1365 921 1649 992 Superius
1671 921 1798 992 jam
1826 937 1978 992 saape

324 1009 606 1076 diximus,
624 1009 780 1081 quod
802 1011 1036 1081 quando
1059 1009 1185 1066 sine
1216 1010 1452 1066 nomine
1475 1009 1776 1082 dignitatis
1796 1009 1976 1064 Jacob

322 1097 411 1154 vel
436 1096 616 1154 Israel
637 1096 1065 1170 ponitur,verbi
1088 1098 1298 1170 gratia,
1323 1102 1389 1154 ut
1410 1115 1526 1154 non
1550 1098 1780 1154 dicatur
1797 1098 1976 1153 Jacob

324 1204 489 1244 serve
520 1203 711 1256 meus,
733 1190 790 1242 et
819 1186 994 1242 Israel
1028 1186 1207 1243 electe
1237 1204 1424 1258 meus,
1449 1188 1521 1243 de
1550 1186 1727 1241 Israel
1757 1185 1977 1242 carnali

323 1281 383 1332 et
412 1276 595 1332 Jacob
626 1274 1073 1349 intelligendum
1104 1279 1212 1331 est.
1238 1277 1474 1348 lstoque
1504 1276 1563 1331 in
1595 1275 1720 1332 loco
1752 1276 1823 1331 ad
1856 1292 1975 1341 eos,

321 1364 589 1437 loquitur
607 1364 1017 1437 propheta,qui
1042 1364 1405 1420 mendaciter
1421 1366 1783 1421 vocabantur
1802 1366 1981 1420 Israe-

322 1453 441 1509 lita
462 1458 521 1510 et
534 1452 840 1525 Jacob,qui
866 1470 982 1508 non
1005 1456 1170 1509 erant
1190 1452 1663 1526 supplantatores
1677 1453 1950 1509 vitiorum
1964 1494 1977 1519 ,

322 1558 517 1615 neque
546 1540 654 1597 viri
684 1540 945 1597 videntes
984 1541 1192 1613 Deum,
1216 1542 1316 1597 sed
1352 1540 1616 1597 carnales
1653 1545 1711 1597 et
1749 1544 1981 1597 terrena

319 1629 763 1703 amplectentes.
786 1630 996 1686 Audite
1032 1629 1271 1702 (inquit)
1294 1630 1404 1685 hoc
1446 1631 1659 1686 domus
1685 1630 1886 1696 Jacob,
1919 1630 1976 1684 id

318 1723 410 1776 est
439 1720 570 1775 duae
618 1717 810 1775 tribus
868 1736 936 1775 ac
997 1719 1152 1787 Levi,
1187 1719 1344 1791 quod
1377 1718 1643 1775 dicturus
1691 1736 1845 1787 sum,
1880 1725 1982 1798 qui

311 1807 606 1865 vocamini
643 1807 883 1863 nomine
934 1807 1135 1877 Israel,
1169 1809 1280 1864 hoc
1334 1807 1425 1864 e'st
1454 1809 1553 1882 qui
1603 1808 1980 1882 appellamini

313 1897 681 1954 mendaciter
710 1896 910 1964 Israel,
933 1901 991 1953 et
1011 1898 1082 1953 de
1104 1897 1274 1970 aquis
1294 1898 1327 1954 J
1334 1899 1449 1954 uda
1468 1898 1690 1965 existis,
1717 1899 1772 1953 id
1797 1903 1885 1955 est
1906 1898 1975 1953 de

313 1985 543 2043 semine
576 1985 738 2041 illius
768 1986 1161 2058 processistis.
1185 1987 1331 2043 Cum
1362 1986 1503 2042 dicit
1532 1988 1603 2043 de
1629 1987 1800 2060 aquis
1825 1987 1980 2043 Juda

312 2075 545 2143 existis,
582 2091 698 2130 non
729 2078 795 2129 ut
836 2074 1118 2131 honorem
1151 2075 1234 2131 eis
1265 2076 1486 2131 tribuat
1532 2076 1643 2132 hoc
1690 2075 1974 2148 loquitur,

314 2166 421 2221 sed
456 2168 522 2220 ut
553 2164 826 2220 ostendat
855 2181 954 2220 eos
986 2182 1359 2237 nequaquam
1380 2165 1594 2220 virtute
1624 2165 1978 2236 patriarcha-

312 2271 449 2310 rum
474 2270 602 2310 esse
628 2252 802 2318 filios,
826 2254 926 2308 sed
951 2270 1124 2308 carne
1149 2270 1161 2307 :
1188 2253 1435 2326 ideoque
1458 2254 1593 2308 facit
1618 2253 1974 2309 mentionem

316 2343 505 2410 Judaa,
530 2341 667 2415 quia
691 2342 893 2397 decem
923 2341 1114 2398 tribus
1140 2343 1263 2413 jam
1288 2342 1474 2397 ducta:
1505 2347 1673 2398 erant
1704 2343 1761 2397 in
1797 2343 1978 2415 capti-

314 2431 583 2499 vitatem,
618 2430 859 2503 solaque
887 2430 1077 2485 tribus
1107 2431 1260 2486 Juda
1290 2431 1349 2486 in
1381 2434 1536 2487 terra
1570 2432 1976 2505 repromissio-

320 2519 415 2575 nis
446 2536 713 2589 manens,
739 2536 873 2574 cum
906 2520 1212 2589 Benjamin
1257 2536 1323 2574 ac
1375 2519 1528 2589 Levi,
1562 2537 1762 2576 semen
1796 2522 1974 2577 David

316 2608 551 2683 regium
586 2608 914 2665 servabat.«
937 2602 1041 2674 Qui
1068 2607 1285 2680 juratis
1313 2607 1373 2662 in
1406 2608 1643 2665 nomine
1669 2609 1923 2678 Domini,
1950 2632 1976 2659 ››

315 2697 678 2755 subauditur
705 2714 821 2752 non
854 2697 926 2755 ad
959 2696 1241 2752 honorem
1284 2695 1445 2752 illius
1475 2696 1753 2767 nominis,
1779 2699 1880 2753 sed
1912 2701 1978 2753 ut

314 2805 522 2845 verum
556 2786 929 2843 mendacium
955 2786 1232 2842 statuatis
1264 2803 1329 2842 ac
1359 2786 1667 2842 roboretis.
1691 2786 1975 2843 Dominus

318 2874 586 2950 praecipit
615 2877 700 2932 eis
740 2893 813 2931 ne
854 2875 1125 2946 jurarent
1174 2892 1277 2947 per
1321 2892 1534 2931 nomen
1567 2879 1973 2931 extraneorum

318 2966 587 3036 deorum,
612 2965 709 3020 sed
740 2980 844 3036 per
873 2981 1085 3019 nomen
1121 2964 1250 3036 ejus
1278 2963 1514 3019 :volens
1540 2981 1639 3019 eos
1670 2980 1976 3038 segregare

318 3052 394 3108 ab
425 3049 775 3107 idololatria.
799 3052 869 3106 Et
888 3049 972 3105 illi
994 3050 1306 3106 adorantes
1332 3050 1488 3107 idola
1510 3050 1675 3119 falsa,
1692 3053 1977 3124 jurabant

315 3139 377 3196 in
409 3139 649 3195 nomine
670 3138 831 3195 illius
853 3138 1302 3206 dicentes,Vivit
1320 3139 1637 3207 Dominus;
1662 3157 1778 3195 non
1800 3141 1976 3197 hono-

314 3228 398 3284 ris
434 3245 631 3295 causa,
654 3228 757 3285 sed
789 3231 853 3283 ut
872 3228 1163 3283 mendacii
1188 3228 1279 3284 sui
1303 3246 1463 3285 error
1484 3227 1708 3284 firmior
1736 3228 1974 3285 habere-

312 3322 433 3374 tur.
458 3318 622 3385 Quod
653 3320 849 3374 autem
882 3316 1043 3373 addit
1067 3335 1080 3372 :
1103 3339 1130 3368 «
1157 3320 1215 3373 et
1246 3317 1347 3373 Dei
1382 3316 1556 3373 Israel
1586 3319 1972 3374 recordamini

314 3425 435 3463 non
468 3407 528 3462 in
557 3406 820 3471 veritate,
852 3423 1041 3477 neque
1073 3406 1129 3459 in
1155 3405 1406 3478 justitia.
1427 3428 1454 3454 ››
1480 3406 1700 3462 Idcirco
1742 3407 1850 3463 hoc
1890 3408 1974 3463 di-

312 3496 417 3562 cit,
442 3494 582 3567 quia
612 3494 694 3549 illi
714 3494 889 3549 verbo
912 3493 1182 3549 dicebant
1213 3512 1274 3550 se
1304 3493 1490 3550 colere
1521 3495 1703 3550 Deum
1738 3500 1971 3569 patrum

313 3599 585 3649 suorum,
611 3583 782 3638 corde
813 3585 1007 3637 autem
1039 3586 1096 3637 et
1135 3599 1307 3654 opere
1337 3582 1507 3655 longe
1539 3589 1706 3639 erant
1734 3585 1807 3641 ab
1840 3585 1968 3655 illo;

310 3672 471 3729 sicut
502 3671 627 3743 ipse
649 3669 792 3725 dicit
814 3669 926 3725 alio
957 3669 1017 3724 in
1049 3669 1174 3726 loco
1199 3687 1250 3725 τα
1275 3670 1532 3742 Populus
1554 3670 1649 3727 hic
1671 3671 1845 3730 labiis
1878 3692 1973 3731 me

309 3759 585 3830 honorat,
601 3774 701 3813 cor
724 3760 920 3813 autem
943 3773 1146 3813 eorum
1169 3757 1338 3831 longe
1367 3763 1457 3813 est
1478 3777 1513 3814 a
1532 3776 1625 3816 me
1648 3760 1854 3829 (Matih.
1874 3780 1969 3831 xv,

307 3848 477 3904 Marc.
498 3847 623 3920 vn).
652 3868 681 3898 »

388 3962 410 3988 ι
440 3938 522 3994 De
553 3936 783 3993 civitate
814 3935 969 3991 enim
998 3940 1201 3993 sancta
1219 3938 1403 3992 vocati
1438 3940 1634 4006 sunt,»
1661 3928 1968 4010 subaudis,

306 4031 375 4082 ut
405 4027 479 4081 ab
506 4024 925 4098 ;Hierosolyma
970 4024 1482 4098 Hierosolymitani
1529 4032 1827 4099 vocentur,
1852 4052 1879 4077 ‹‹
1912 4034 1969 4085 et

306 4132 491 4189 super
520 4114 705 4170 Deum
740 4113 912 4169 Israel
948 4113 1193 4169 stabiliti
1227 4118 1423 4181 sunt,»
1454 4113 1563 4169 hoc
1595 4119 1684 4170 est
1712 4117 1963 4173 fundati.

306 4204 571 4261 Ironicos
600 4202 863 4275 loquitur
892 4202 1026 4258 istic
1056 4202 1358 4274 propheta.
1384 4202 1477 4259 Sic
1507 4204 1662 4259 enim
1695 4205 1968 4262 dicebant

303 4292 392 4348 illi
418 4293 713 4364 jactantes
734 4294 792 4347 et
810 4290 1130 4363 gloriantes
1152 4308 1213 4347 se
1234 4291 1303 4347 de
1326 4291 1629 4348 nobilitate
1650 4294 1881 4366 generis
1911 4300 1968 4352 et

306 4380 721 4454 magnitudine
744 4381 908 4436 urbis
933 4397 945 4435 :
971 4380 1088 4436 Nos
1110 4396 1318 4436 sumus
1341 4379 1443 4435 filii
1467 4382 1888 4454 prophetarum
1910 4390 1967 4441 et

307 4468 805 4542 patriarcharum,
827 4469 1103 4535 Abraam,
1132 4468 1292 4524 Isaac
1335 4472 1392 4523 et
1430 4469 1606 4524 Israel
1640 4470 1964 4527 amicorum

2083 563 2638 622 Nabuchodonosor.
2672 568 2838 624 Nunc
2861 574 3056 626 autem
3080 576 3395 646 antequam
3418 578 3729 649 ducantur,

2084 652 2348 725 praedicit
2393 670 2595 711 eorum
2648 655 3051 715 liberationem
3108 678 3173 717 ac
3216 664 3624 736 reversionem,
3676 673 3734 725 et

2084 740 2488 798 Chaldaeorum
2536 746 2943 815 vastationem,
2979 753 3036 804 et
3076 749 3250 806 infert
3290 768 3356 807 :«
3400 754 3674 826 Repente,
3702 780 3730 807 ››

2086 830 2370 885 subaudis
2401 848 2528 903 quae
2561 850 2716 889 nunc
2756 836 3027 907 praedico,
3052 860 3080 887 «
3105 843 3374 911 operatus
3418 859 3549 898 sum
3576 868 3598 895 ι
3627 862 3730 916 pro

2085 932 2152 972 eo
2174 920 2328 989 quod
2360 925 2448 976 est
2478 924 2780 993 operabor,
2807 946 2835 975 «
2857 928 2915 981 et
2934 932 3275 995 venerunt,»
3313 947 3437 1001 pro,
3463 948 3529 987 eo
3574 934 3731 1004 quod

2085 1009 2176 1061 est
2202 1007 2732 1075 venient,videlicet
2760 1016 2817 1068 et
2839 1013 3242 1071 Chaldaeorum
3275 1019 3573 1077 subversio
3604 1039 3729 1078 ves-

2085 1097 2293 1166 traque
2326 1098 2595 1153 reversio.

2158 1206 2185 1232 «
2212 1184 2343 1239 Scio
2373 1187 2530 1241 enim
2554 1186 2691 1259 quia
2711 1189 2894 1244 durus
2918 1207 2981 1246 es
3002 1195 3086 1259 tu,
3115 1214 3142 1242 »
3168 1194 3226 1248 id
3253 1199 3342 1250 est
3370 1195 3729 1270 incredulus,

2090 1293 2119 1321 «
2147 1276 2204 1327 et
2235 1289 2445 1330 nervus
2477 1276 2699 1332 ferreus
2729 1278 2919 1333 cervix
2948 1284 3107 1345 tua,»
3130 1281 3240 1337 hoc
3269 1289 3358 1339 est
3388 1286 3731 1345 irrevocabi-

2085 1358 2159 1414 lis
2189 1364 2278 1414 est
2308 1363 2582 1435 superbia
2605 1367 2726 1432 tua,
2753 1388 2781 1415 ‹‹
2805 1369 2862 1421 et
2883 1366 3043 1423 frons
3075 1372 3176 1424 tua
3199 1388 3404 1440 aerea,»
3427 1376 3732 1445 subaudis,

2089 1448 2226 1519 quia
2256 1449 2491 1507 noluisti
2519 1454 2883 1510 erubescere.

2158 1538 2244 1593 Ad
2275 1555 2374 1595 eos
2404 1539 2517 1596 ista
2545 1541 2804 1615 loquitur
2835 1561 3027 1601 sermo
3049 1547 3300 1619 divinus,
3330 1552 3430 1623 qui
3463 1554 3534 1609 de
3564 1554 3734 1627 aquis
3844 1550 3849 1554 ’

2088 1626 2241 1682 Juda
2260 1628 2535 1697 exierant,
2561 1635 2618 1685 et
2636 1631 2695 1685 in
2720 1632 2923 1688 Judaaa
2944 1634 3137 1691 adhuc
3162 1640 3561 1709 morabantur,
3584 1626 3738 1700 vide-

2089 1714 2225 1769 licet
2252 1716 2416 1772 Judaa
2447 1722 2509 1795 et,
2531 1719 2855 1792 Benjamin.
2880 1724 3041 1788 Quod
3071 1725 3220 1780 dura
3257 1728 3474 1784 cervice
3505 1747 3738 1805 semper

2010 1843 2057 1908 Β
2090 1807 2562 1906 essent,testatur
2575 1813 2966 1884 protomartyr
2976 1812 3151 1885 Steph
3161 1831 3327 1871 anus.
3346 1816 3500 1872 Dura
3516 1820 3736 1878 cervice

2085 1893 2321 1967 (inquit)
2355 1899 2410 1951 et
2439 1894 2832 1954 incircumcisi
2866 1901 3058 1967 corde,
3080 1919 3181 1958 vos
3221 1920 3454 1977 semper
3490 1906 3733 1979 Spiritui

2086 1983 2297 2038 Sancto
2328 1984 2646 2042 restitistis.
2681 1988 2750 2042 Et
2778 1989 2848 2043 de
2893 1988 3259 2062 impudentia
3288 2010 3391 2065 per
3419 1995 3732 2054 Jeremiam

2083 2071 2345 2144 loquitur
2372 2075 2443 2129 ad
2476 2091 2575 2131 eos
2605 2075 2926 2133 Dominus:
2957 2100 2984 2128 ‹‹
3017 2080 3199 2136 Frons
3229 2083 3551 2140 meretricis
3584 2087 3737 2143 facta

2084 2165 2173 2216 est
2203 2162 2329 2229 tibi,
2355 2162 2592 2218 uoluisti
2619 2165 2961 2223 erubescere
2981 2166 3149 2239 (Hier.
3169 2187 3261 2239 III;
3284 2172 3644 2242 Ezech.'m).»

2156 2274 2182 2300 «
2210 2251 2452 2306 Praedixi
2486 2251 2589 2307 tibi
2618 2276 2645 2301 »
2668 2270 2737 2309 ea
2767 2271 2893 2326 qua;
2925 2256 3125 2312 futura
3154 2263 3292 2312 sunt
3320 2260 3446 2326 tibi,
3472 2265 3528 2317 et
3558 2263 3738 2335 Baby-

2085 2338 2262 2405 loni,«
2286 2345 2555 2407 extunc,»
2580 2342 2865 2399 subaudis
2896 2361 2964 2399 ex
2987 2361 3102 2416 quo
3125 2346 3271 2419 ccepi
3300 2347 3459 2419 loqui
3493 2367 3595 2421 per
3613 2368 3739 2422 pro-

2084 2427 2294 2500 phetas
2326 2446 2487 2485 meos
2518 2448 2695 2503 super
2723 2431 3106 2505 Babylonem;
3131 2458 3160 2484 ‹‹
3195 2453 3267 2491 ne
3298 2436 3443 2493 forte
3473 2438 3733 2495 diceres:

2085 2516 2240 2572 idola
2271 2534 2402 2573 mea
2442 2519 2705 2575 fecerunt
2742 2520 2885 2591 haec,
2914 2544 2941 2570 »
2976 2523 3349 2595 subauditur,
3375 2530 3441 2581 ut
3477 2527 3740 2584 venirent

2083 2604 2266 2677 Cyrus
2297 2611 2353 2661 et
2384 2607 2607 2676 Darius,
2633 2612 2691 2664 et
2721 2626 2814 2664 me
2844 2608 3209 2666 vindicarent
3239 2613 3310 2668 de
3342 2614 3697 2688 Babyloniis.

2158 2716 2186 2745 «
2209 2696 2341 2759 Quae
2377 2696 2591 2751 audisti
2624 2719 2652 2746 »
2688 2700 2828 2751 tunc
2860 2699 3146 2770 temporis
3178 2717 3280 2772 per
3309 2703 3662 2775 prophetas:
3691 2707 3735 2763 Ο

2082 2782 2298 2854 popule
2340 2784 2591 2839 duarum
2625 2785 2908 2853 tribuum,
2934 2808 2960 2835 «
2990 2787 3121 2842 vide
3151 2789 3368 2860 omnia,
3395 2813 3424 2839 »
3451 2792 3735 2850 subaudis

2086 2870 2397 2943 completa,
2420 2890 2524 2944 pro
2547 2890 2612 2928 eo
2635 2874 2789 2946 quod
2813 2878 2902 2930 est
2929 2874 3174 2931 videbis.
3193 2899 3221 2926 «
3240 2876 3356 2934 Vos
3389 2884 3585 2937 autem
3618 2899 3734 2939 non

2085 2961 2504 3028 annuntiastis,
2535 2984 2562 3011 »
2586 2963 2874 3018 subaudis
2904 2962 3039 3017 ﬁliis
3083 2964 3310 3034 vestris,
3335 2984 3462 3039 qua:
3491 2974 3737 3027 ventura

2084 3051 2250 3102 erant
2280 3065 2456 3120 super
2485 3048 2858 3121 Babylonem.
2888 3048 3150 3106 «Audita
3181 3051 3287 3107 feci
3306 3053 3414 3109 tibi
3447 3072 3596 3111 nova
3616 3079 3643 3107 »
3669 3075 3738 3113 ea

2085 3152 2212 3207 qua:
2226 3137 2351 3208 jam
2371 3136 2526 3193 dicta
2543 3143 2681 3193 sunt
2699 3139 2769 3194 de
2787 3139 3059 3195 vastitate
3073 3140 3386 3214 Babylonis
3402 3148 3731 3214 ;«extunc,»

2003 3209 2047 3276 C
2086 3242 2154 3279 ex
2185 3241 2299 3297 quo
2334 3226 2476 3298 ασερί
2509 3226 2666 3299 loqui
2697 3231 2902 3282 contra
2930 3244 3116 3296 eam,«
3141 3209 3567 3289 et'conservata
3597 3209 3737 3290 sunt

2082 3332 2210 3387 quae
2243 3315 2434 3371 nescis
2481 3333 2657 3372 nunc.
2685 3339 2712 3365 »
2746 3317 2864 3372 Isto
2893 3316 2953 3371 in
2985 3316 3111 3373 loco
3160 3321 3250 3374 est
3279 3319 3735 3395 distinguendus

2082 3404 2191 3460 iste
2233 3403 2579 3460 versiculus.
2614 3405 2746 3460 Acsi
2780 3406 2996 3462 diceret
3028 3424 3040 3462 :
3076 3406 3264 3463 Multa
3311 3408 3415 3464 tibi
3465 3411 3575 3466 feci
3605 3429 3736 3485 quae

2082 3510 2321 3548 narrare
2352 3497 2583 3565 potero;
2612 3495 2713 3550 sed
2745 3495 2884 3567 quia
2912 3500 2974 3550 tu
3008 3513 3122 3550 non
3156 3498 3478 3554 recordaris
3506 3516 3729 3570 eorum,

2081 3582 2351 3637 omittam
2384 3586 2441 3637 et
2470 3598 2575 3655 ego
2624 3582 2725 3637 illa
2772 3601 2948 3653 nunc,
2984 3584 3442 3641 annuntiaturus
3490 3591 3734 3646 ventura

2080 3670 2210 3725 tibi.

2156 3778 2183 3809 α
2214 3759 2417 3813 Creata
2446 3761 2587 3812 sunt
2617 3758 2770 3829 apud
2804 3775 2898 3814 me
2936 3775 3065 3830 quae
3101 3759 3299 3815 futura
3335 3765 3476 3816 sunt
3516 3761 3644 3829 tibi,
3672 3769 3731 3820 et

2078 3864 2194 3903 non
2225 3850 2455 3913 extunc,
2474 3868 2501 3894 »
2526 3847 2881 3902 subauditur
2909 3847 3126 3902 audisti
3154 3847 3241 3903 vel
3287 3850 3628 3922 cognovisti,
3661 3869 3731 3909 ex

2078 3952 2191 4007 quo
2224 3935 2378 4006 apud
2412 3951 2504 3989 me
2537 3934 2823 4007 disposita
2868 3939 3034 4004 sunt;
3060 3959 3088 3986 «
3121 3940 3181 3991 et
3209 3941 3343 3993 ante
3373 3938 3548 4008 diem,
3574 3961 3601 3990 »
3626 3958 3727 3996 su-

2076 4023 2286 4079 baudis
2313 4023 2656 4079 vastationis
2694 4028 2807 4078 tute
2856 4023 3175 4080 constituta
3222 4025 3427 4095 habeo,
3458 4048 3479 4079 ι
3503 4032 3562 4084 et
3610 4047 3724 4085 non

2074 4111 2291 4168 audisti
2320 4129 2386 4168 ca
2410 4134 2437 4160 »
2467 4129 2499 4167 a
2528 4112 2640 4167 diis
2672 4112 2810 4167 tuis.

2145 4203 2215 4256 Et
2244 4218 2423 4273 quare
2457 4218 2569 4256 non
2603 4200 2903 4257 audisti?«
2929 4202 3011 4258 Ne
3044 4203 3191 4259 forte
3230 4205 3427 4261 dicas:
3456 4207 3599 4263 Ecce
3628 4224 3723 4264 co-

2074 4291 2245 4364 gnovi
2276 4307 2401 4357 ea,»
2425 4289 2727 4358 subaudis,
2754 4308 2788 4344 a
2808 4290 2923 4345 diis
2953 4293 3130 4360 meis;
3161 4316 3181 4342 α
3219 4310 3408 4366 neque
3437 4300 3667 4366 extunc,
3694 4320 3722 4347 ››

2072 4379 2429 4435 subauditur
2457 4378 2689 4446 iterum,
2724 4395 2791 4434 ex
2821 4396 2936 4451 quo
2983 4382 3137 4452 apud
3178 4399 3272 4438 me
3311 4385 3724 4454 prmdestinata

2074 4473 2231 4536 sunt,
2257 4492 2283 4518 ‹‹
2310 4472 2508 4541 aperta
2538 4471 2628 4523 est
2657 4468 2816 4523 auris
2845 4473 2948 4523 tua
2971 4491 2999 4517 »
3023 4473 3088 4523 ut
3109 4486 3176 4524 ea
3197 4470 3431 4526 audires
3450 4472 3535 4527 vel
3558 4472 3722 4530 intel-

303 4558 432 4623 Dei,
448 4561 507 4612 et
527 4556 887 4613 habitatores
908 4555 1160 4612 civitatis
1180 4556 1302 4613 Dei.
1322 4557 1439 4612 Nos
1460 4574 1668 4614 sumus
1690 4576 1723 4613 a
1739 4558 1967 4616 civitate
1994 4576 2042 4641 Ι)
2072 4557 2339 4630 ligeres.«
2365 4556 2495 4612 Scio
2523 4557 2700 4619 enim,
2721 4557 2862 4627 quia
2890 4557 3275 4628 prievaricans
3308 4561 3719 4629 przevaricabe-

303 4649 515 4702 sancta
539 4645 725 4701 vocati
751 4644 1281 4717 Ilierosolymitani,
1305 4648 1363 4701 et
1382 4664 1560 4718 super
1580 4647 1765 4702 Deum
1789 4648 1965 4704 Israel

301 4734 536 4790 fundati
590 4751 798 4790 sumus
840 4735 1188 4804 (Joan.vm).
1211 4756 1238 4784 «
1263 4733 1549 4790 Dominus
1600 4735 1961 4792 exercituum

300 4839 520 4879 nomen
555 4823 741 4895 ejus,»
765 4823 1071 4890 subaudis,
1097 4826 1204 4891 est,
1231 4823 1401 4895 cujus
1425 4822 1571 4879 servi
1605 4841 1834 4879 sumus.

374 4934 403 4959 ‹‹
428 4910 686 4979 Priora,»
711 4911 770 4965 id
794 4915 884 4967 est
914 4911 1160 4983 antiqua
1183 4934 1210 4961 «
1238 4928 1307 4966 ex
1338 4914 1480 4967 tunc
1511 4912 1854 4968 annuntiavi
1888 4913 1959 4968 ti-

297 4997 421 5067 bi,»
443 4998 732 5055 subaudis
762 5015 830 5054 ex
861 5016 976 5072 quo
1004 4999 1148 5072 coepi
1180 4998 1339 5072 loqui
1376 5004 1577 5057 contra
1606 5001 1960 5075 Babylonem

296 5086 545 5142 dicens:
571 5086 733 5142 Onus
764 5087 1099 5161 Babylonis,
1128 5110 1155 5138 ‹‹
1186 5092 1245 5144 et
1286 5105 1354 5144 ex
1385 5106 1483 5145 ore
1514 5106 1642 5145 meo
1673 5091 1958 5162 exierunt,

293 5179 353 5231 et
385 5175 590 5230 audita
616 5192 685 5231 ea
715 5176 823 5232 feci
845 5175 1008 5247 tibi,»
1027 5176 1107 5232 De
1137 5194 1235 5232 ore
1265 5194 1394 5234 meo
1418 5177 1632 5250 (inquit
1661 5196 1852 5235 sermo
1876 5179 1958 5235 di-

287 5263 497 5332 vinus)
546 5262 814 5319 exierunt
860 5281 929 5320 ea
966 5283 1094 5337 qua:
1143 5264 1425 5338 praedixi:
1462 5266 1569 5321 hoc
1601 5271 1692 5322 est
1737 5268 1808 5324 de
1858 5286 1955 5325 ore

290 5351 739 5424 prophetarum,
764 5352 864 5425 qui
888 5371 953 5410 os
984 5353 1216 5410 Domini
1241 5354 1641 5427 appellantur;
1668 5354 1821 5411 sicut
1841 5356 1953 5429 ipsi

291 5439 507 5494 dicunt
532 5457 583 5493 :«
606 5440 684 5496 Os
711 5441 865 5497 enim
889 5442 1121 5498 Domini
1150 5442 1410 5498 locutum
1433 5448 1523 5498 est
1544 5444 1672 5515 (Isa.
1694 5447 1793 5511 1).»
1818 5447 1952 5510 Quae

290 5528 538 5583 fuerunt
567 5531 762 5602 prima
781 5548 906 5603 qua:
930 5536 1063 5587 ante
1089 5532 1500 5588 annuntiavit?
1523 5531 1803 5588 Miracula
1824 5550 1951 5605 quae

293 5620 579 5690 operatus
599 5621 690 5675 est
719 5618 781 5675 in
812 5620 1002 5676 medio
1024 5636 1249 5687 eorum,
1273 5637 1307 5676 a
1328 5620 1421 5676 die
1443 5637 1559 5691 qua
1589 5619 1855 5677 exierunt
1885 5639 1953 5677 ex

2076 4645 2214 4711 ris,»
2236 4644 2542 4710 subaudis,
2566 4645 2625 4698 in
2649 4644 2898 4699 adventu
2940 4643 3064 4699 Filii
3106 4645 3240 4715 mei,
3269 4645 3379 4701 hoc
3408 4652 3498 4702 est
3528 4652 3717 4706 trans-

2071 4733 2352 4806 gredieris
2380 4734 2566 4804 legem
2612 4749 2714 4804 per
2744 4733 2942 4788 Mosen
2974 4733 3195 4803 datam,
3219 4738 3277 4790 et
3313 4734 3499 4808 legem
3536 4737 3715 4794 Evan-

2069 4821 2205 4894 gelii
2228 4839 2403 4893 quam
2436 4838 2470 4876 a
2500 4820 2640 4876 Filio
2673 4838 2800 4877 meo
2832 4822 3143 4878 auditurus
3174 4840 3256 4891 es,
3281 4841 3397 4879 non
3429 4826 3715 4883 credendo

2069 4910 2128 4965 in
2162 4928 2325 4978 eum;
2351 4933 2378 4959 ‹‹
2404 4914 2461 4964 et
2491 4914 2985 4982 transgressorem
3008 4928 3077 4967 ex
3097 4917 3293 4968 ventre
3316 4936 3343 4962 »
3366 4914 3486 4968 sive
3506 4931 3575 4969 ex
3596 4919 3716 4971 ute-

2069 5016 2132 5054 ro
2156 5022 2182 5049 «
2214 4999 2410 5055 vocavi
2442 5002 2519 5066 te,
2548 5021 2575 5049 »
2597 4999 2708 5055 hoc
2737 5003 2845 5068 est,
2874 5018 2907 5056 a
2935 5000 3029 5056 die
3060 5018 3177 5073 qua
3206 5000 3392 5074 legem
3443 5002 3549 5058 tibi
3579 5004 3710 5059 dedi

2069 5089 2304 5161 quando
2325 5089 2579 5145 adorasti
2602 5087 2846 5158 idolum,
2866 5088 3083 5145 oblitus
3105 5090 3257 5162 quod
3281 5094 3416 5146 ante
3436 5082 3716 5163 promise-

2065 5196 2161 5235 ras
2193 5178 2393 5234 dicens
2423 5195 2434 5233 :
2460 5202 2487 5228 ‹‹
2522 5177 2734 5233 Omnia
2763 5194 2889 5249 quae
2931 5177 3164 5234 locutus
3193 5183 3283 5235 est
3312 5178 3482 5235 nobis
3514 5180 3711 5236 Domi-

2065 5286 2198 5335 nus,
2223 5266 2532 5323 audiemus
2560 5271 2617 5322 et
2648 5266 2929 5322 faciemus
2961 5266 3149 5339 (Exod.
3182 5270 3354 5335 xxxv).
3382 5290 3410 5316 ››
3433 5268 3562 5324 Sive
3607 5287 3709 5324 an-

2063 5360 2297 5427 tequam
2332 5356 2580 5410 intrares
2628 5354 2687 5409 in
2737 5358 2949 5409 terram
3000 5355 3491 5427 repromissionis.
3527 5356 3710 5413 Sicuti

2063 5443 2274 5499 mulier
2304 5460 2428 5515 quae
2479 5443 2537 5497 in
2567 5447 2767 5498 ventre
2816 5447 3005 5515 gestat
3048 5461 3319 5516 puerum,
3352 5462 3488 5500 cum
3542 5447 3712 5505 enixa

2061 5532 2236 5587 fuerit
2267 5530 2451 5587 nutrit
2473 5549 2539 5587 ac
2561 5532 2713 5587 fovet
2743 5548 2908 5601 eum;
2934 5533 3017 5587 sic
3037 5533 3192 5589 Deus
3217 5534 3588 5608 omnipotens
3606 5554 3711 5609 per

2062 5622 2290 5678 deserta
2315 5620 2605 5678 vastitatis
2644 5624 2886 5695 portans
2941 5621 3074 5678 illos
3116 5639 3227 5679 sua
3283 5624 3705 5695 misericordia,
