4106 6190
376 337 506 412 959

753 335 1160 400 HAYMONIS
1206 335 1743 398 HALBERSTAT.
1789 331 2030 397 EPISC'.
2079 333 2254 397 OPP.
2297 333 2499 398 PARS
2542 335 2592 398 Ι.
2637 370 2716 384 -
2758 335 3163 400 COMMENT.
3209 336 3406 399 BIBL.

377 475 692 551 postquam
720 469 970 542 ingressi
1001 471 1141 528 sunt
1178 468 1238 524 in
1267 471 1480 525 terram
1511 469 1788 526 omnibus
1819 467 2019 524 melio-
2047 465 2107 534 Α
2133 467 2459 541 gregamini
2480 485 2688 526 omnes
2705 486 2808 526 vos
2831 491 2860 519 »
2873 469 2962 526 vel
2981 468 3234 539 coeli,vel
3253 487 3459 528 omnes
3479 474 3783 551 creaturas,

379 576 525 628 rem,
540 557 780 616 nutrivit
795 574 893 614 eos
915 574 1016 629 per
1026 555 1260 628 judices
1276 558 1608 614 sacerdotes
1624 575 1691 614 ac
1712 557 2026 630 prophetas

378 665 681 720 regesque,
710 663 1016 718 usquequo
1048 646 1407 718 praevaricati
1431 652 1570 702 sunt
1599 648 1922 703 recedendo
1951 647 2024 702 ab

379 736 500 795 illo.

447 849 474 874 ‹‹
511 825 750 896 Propter
788 841 1000 881 nomen
1046 841 1264 889 meum,
1294 847 1321 874 »
1352 825 1462 881 hoc
1504 830 1612 892 est,
1647 829 1881 896 propter
1909 825 2026 896 glo-

375 915 523 970 riam
557 930 749 970 meam
781 931 852 970 ne
881 913 1240 980 annulletur,
1265 937 1294 965 ‹‹
1325 913 1496 987 longe
1528 913 1734 969 faciam
1769 915 2024 968 furorem

374 1019 656 1068 meum,»
689 1001 976 1064 subaudis
1037 1003 1366 1059 reducendo
1425 1008 1481 1058 te
1538 1003 1609 1058 de
1666 1003 2021 1074 captivitate,

373 1115 402 1143 ‹‹
437 1091 609 1148 laude
637 1109 824 1163 mea,»
849 1092 907 1146 id
936 1096 1026 1148 est
1061 1093 1135 1147 ob
1166 1091 1398 1146 laudem
1433 1108 1643 1158 meam,
1670 1095 1731 1144 ut
1761 1107 1866 1163 ego
1897 1090 2023 1146 lau-

373 1181 476 1237 der
507 1204 527 1231 ιι
564 1180 872 1236 infrenaho
903 1183 957 1235 te
980 1201 1008 1229 »
1040 1178 1165 1252 lege
1197 1196 1350 1246 mea,
1379 1201 1400 1227 α
1436 1195 1508 1233 ne
1539 1178 1810 1234 intereas.
1835 1200 1862 1227 ››
1885 1178 2021 1234 Pos-

371 1284 584 1324 sumus
612 1271 669 1322 et
698 1267 808 1322 hoc
839 1266 1051 1322 referre
1077 1267 1149 1321 ad
1185 1271 1416 1338 tempus
1437 1265 1790 1339 egressionis
1820 1283 2021 1322 eorum

370 1374 440 1412 ex
469 1357 732 1428 lEgypto,
756 1358 822 1410 ut
852 1353 1130 1425 loquatur
1157 1354 1228 1410 de
1259 1355 1545 1426 praeterito
1569 1354 1736 1425 quasi
1763 1355 1832 1410 de
1862 1355 2020 1410 futu-

369 1460 454 1498 ro.
481 1443 720 1513 Propter
740 1457 952 1495 nomen
986 1457 1183 1496 meum
1201 1441 1436 1512 (inquit)
1463 1458 1533 1496 ne
1560 1440 1829 1503 violetur,
1853 1439 2023 1514 longe

370 1530 580 1588 faciam
631 1529 888 1584 furorem
919 1545 1138 1594 meum,
1163 1546 1265 1601 pro
1298 1546 1364 1586 eo
1395 1531 1551 1602 quod
1583 1534 1672 1584 est
1702 1529 1809 1584 feci
1842 1547 2024 1602 quan-

367 1618 441 1676 do
489 1617 743 1674 adorasti
792 1616 1060 1684 vitulum,
1090 1635 1162 1672 ne
1210 1617 1607 1691 disperderem
1651 1624 1724 1682 te,
1757 1623 1814 1674 et
1842 1617 2016 1674 laude

368 1723 519 1773 mea,
547 1707 604 1762 id
636 1710 726 1762 est
744 1705 818 1761 ob
848 1704 1086 1760 laudem
1117 1705 1420 1763 infrenabo
1442 1712 1517 1772 te,
1543 1725 1646 1780 pro
1667 1725 1734 1763 eo
1756 1709 1912 1780 quod
1933 1712 2024 1764 est

363 1793 647 1852 intrenavi
681 1797 756 1861 te,
779 1793 968 1866 legem
1001 1793 1196 1850 dando
1226 1794 1332 1851 tibi
1363 1813 1436 1852 ne
1466 1795 1756 1852 interires.

437 1907 466 1936 ‹‹
487 1885 633 1940 Ecce
661 1882 860 1938 excoxi
889 1887 966 1950 te,
990 1904 1018 1933 ››
1043 1881 1153 1939 hoc
1183 1888 1272 1940 est
1303 1886 1540 1956 probavi
1571 1890 1628 1941 te
1650 1885 1897 1942 diversis
1927 1887 2024 1941 fla-

364 1971 588 2046 gellis,«
611 1973 712 2028 sed
739 1989 855 2026 non
877 1971 1048 2043 quasi
1074 1977 1442 2045 argentum,»
1456 1974 1764 2040 subaudis,
1785 1975 2022 2047 probavi

365 2065 442 2129 te,
475 2059 759 2137 quianon
803 2075 867 2115 es
915 2063 1222 2131 purgatus,
1248 2083 1276 2110 «
1311 2064 1370 2115 et
1398 2059 1544 2134 elegi
1577 2065 1634 2118 te
1681 2060 1742 2115 in
1788 2061 2020 2118 camino

364 2147 786 2222 paupertatis,»
810 2147 920 2206 hoc
949 2151 1038 2204 est
1066 2147 1127 2202 in
1159 2147 1540 2205 tribulatione
1571 2150 1936 2222 paupertatis
1965 2153 2024 2206 et

363 2237 592 2311 inopize,
643 2237 794 2293 dans
837 2236 1072 2293 divitias
1121 2241 1256 2293 tuas
1306 2237 1576 2294 hostibus
1626 2239 1762 2294 tuis.
1798 2239 1928 2296 Sive
1960 2239 2019 2294 in

361 2327 626 2401 Egypto,
653 2324 754 2382 ubi
783 2342 915 2382 eras
945 2325 1116 2397 quasi
1158 2325 1216 2381 in
1249 2326 1478 2382 camino
1511 2329 1905 2400 pauperrima.
1939 2330 2021 2384 Ex

362 2432 478 2486 quo
497 2415 672 2470 datur
686 2412 956 2485 intelligi,
971 2413 1112 2485 quia
1127 2414 1282 2470 Deus
1297 2416 1690 2488 omnipotens,
1706 2416 2022 2489 aliquando

361 2500 927 2574 divitiis,aliquando
947 2491 1304 2574 paupertate,
1325 2504 1532 2575 probat
1548 2504 2019 2562 homines.Verbi

361 2591 553 2666 gratia
575 2606 590 2646 :
615 2590 750 2647 illos
769 2589 871 2663 qui
893 2591 1200 2647 abundant
1221 2591 1460 2661 divitiis,
1486 2594 1535 2650 si
1560 2593 1678 2650 illis
1698 2594 1851 2651 male
1871 2595 2018 2650 abu-

362 2684 591 2748 tuntur,
618 2679 756 2737 facit
799 2697 898 2737 eos
927 2680 1194 2737 devenire
1225 2679 1285 2737 in
1327 2687 1751 2754 paupertatem.
1776 2683 1881 2750 Qui
1915 2702 2018 2739 au-

361 2775 480 2838 tem
503 2770 554 2826 ei
589 2769 695 2826 rite
726 2773 986 2836 utentur,
1012 2769 1153 2826 facit
1173 2769 1432 2843 amplius
1459 2771 1780 2828 abundare.
1805 2772 2021 2829 Simili-

359 2865 450 2930 ter
469 2859 568 2932 qui
601 2861 1003 2932 paupertatem
1030 2858 1320 2931 patienter
1347 2859 1736 2926 tolerant,dat
1765 2861 1850 2917 eis
1880 2860 2020 2916 divi-

360 2947 496 3017 tias,
521 2947 675 3007 sicut
694 2951 932 3004 econtra
949 2947 1082 3004 illos
1103 2949 1202 3020 qui
1225 2953 1618 3015 murmurant,
1641 2950 1714 3004 ad
1736 2951 2018 3021 majorem

361 3040 683 3112 egestatem
715 3036 970 3094 deducit.
991 3036 1155 3092 Unde
1177 3040 1237 3092 et
1267 3036 1542 3093 Salomon
1570 3054 1616 3093 ε·
1643 3037 1886 3094 Divitias
1905 3038 2017 3107 (in-

361 3125 512 3200 quit)
543 3129 601 3180 et
631 3128 1034 3197 paupertatem
1067 3143 1140 3181 ne
1171 3125 1404 3181 dederis
1435 3125 1579 3181 mihi
1604 3127 1788 3195 (Prov.
1813 3131 1967 3196 xxx).
1986 3149 2014 3178 »

437 3237 461 3262 τ‹
489 3214 729 3284 Propter
758 3229 850 3268 me
881 3211 1115 3280 faciam,
1135 3233 1162 3264 ο
1191 3212 1299 3268 hoc
1319 3217 1410 3269 est
1436 3218 1674 3286 propter
1695 3213 2021 3271 misericor.
2049 3197 2092 3265 C

363 3299 522 3357 diam
553 3315 746 3356 meam
777 3298 1038 3355 liberabo
1073 3304 1128 3356 te
1157 3301 1229 3356 de
1267 3302 1624 3374 captivitate.
1651 3302 1723 3358 Ut
1753 3321 1868 3359 non
1897 3304 2022 3361 bla-

366 3387 662 3460 sphemer,
697 3387 754 3442 id
787 3391 877 3442 est
908 3403 979 3442 ne
1019 3387 1077 3442 in
1118 3394 1464 3461 perpetuum
1499 3395 1553 3446 te
1583 3392 1641 3446 in
1692 3392 2024 3464 captivitate

361 3477 684 3534 retinentes
715 3475 935 3544 dicant,
969 3477 1123 3548 quod
1157 3477 1238 3532 dii
1279 3493 1482 3533 eorum
1520 3497 1623 3534 vos
1656 3481 2024 3537 retinuerunt

359 3568 419 3627 et
449 3581 556 3637 ego
607 3581 722 3621 non
767 3565 1058 3637 potuerim
1091 3565 1338 3622 liberare
1368 3585 1469 3622 vos
1489 3569 1616 3636 (Isa.
1639 3587 1730 3624 xu
1761 3574 1818 3624 et
1847 3574 2018 3638 xmv).

361 3679 389 3706 ‹‹
415 3655 486 3711 Et
505 3653 753 3728 gloriam
778 3671 1022 3722 meam,»
1044 3654 1154 3710 hoc
1176 3658 1266 3710 est
1289 3654 1524 3712 laudem
1549 3674 1782 3713 meam«
1807 3657 1972 3713 alteri
1995 3680 2016 3708 ο

362 3743 608 3800 deorum
639 3765 667 3796 α
687 3761 803 3801 non
825 3743 976 3801 dabo
1002 3766 1028 3793 »
1050 3753 1117 3800 ut
1138 3744 1292 3801 Deus
1312 3745 1412 3812 sit,
1433 3745 1568 3802 licet
1589 3748 1662 3802 ab
1682 3747 2022 3804 hominibus

363 3833 612 3901 dicatur,
637 3837 1030 3906 praeterquam
1071 3832 1216 3889 Filio
1256 3851 1387 3890 meo
1417 3839 1475 3891 et
1504 3835 1745 3908 Spiritui
1796 3841 2019 3906 sancto,

363 3920 467 3994 qui
497 3920 642 3980 mihi
673 3921 1205 3978 consubstantiales
1235 3927 1292 3979 et
1321 3924 1643 3997 coaequales
1681 3930 1839 3982 sunt.

434 4033 462 4060 ‹‹
486 4010 635 4065 Audi
673 4009 780 4083 [Αι.
813 4010 942 4066 add.
969 4010 1106 4084 me],
1130 4011 1332 4078 Jacob,
1357 4034 1378 4061 ι
1407 4030 1533 4085 qua:
1565 4013 1832 4070 dicturus
1863 4031 2018 4082 sum,

363 4121 392 4149 ‹‹
425 4102 484 4154 et
513 4097 713 4166 Israel,
735 4115 910 4170 quem
941 4115 1047 4171 ego
1083 4116 1224 4156 voco
1251 4123 1272 4149 ι
1309 4101 1382 4156 ad
1424 4101 1829 4174 paenitentiam
1860 4107 1917 4158 et
1947 4103 2019 4159 ad

362 4184 640 4242 salutem.
656 4185 783 4240 Non
807 4185 949 4242 dicit
967 4186 1124 4242 Deus
1143 4191 1327 4259 pater,
1340 4190 1488 4244 Audi
1513 4207 1629 4255 me,
1646 4191 1827 4246 Jacob
1860 4208 2022 4248 serve

363 4288 534 4328 meus
563 4277 620 4328 et
650 4271 826 4328 Israel
859 4271 1038 4328 electe
1071 4291 1260 4342 meus,
1286 4280 1349 4330 ut
1380 4276 1805 4349 intelligeretur
1829 4279 1900 4334 de
1929 4279 2023 4336 Ja-

365 4360 474 4417 cob
503 4357 591 4416 vel
625 4359 800 4416 Israel
834 4359 1127 4433 spirituali
1159 4363 1406 4432 dictum,
1431 4365 1533 4420 sed
1564 4366 1724 4431 audi,
1751 4366 1933 4422 Jacob
1963 4372 2021 4423 et

365 4447 568 4515 Israel,
594 4448 694 4521 qui
727 4448 992 4506 carnales
1023 4449 1187 4506 estis.
1219 4472 1240 4501 ι
1269 4451 1387 4524 Ego
1420 4451 1545 4524 ipse
1572 4451 1799 4525 primus
1836 4477 1863 4503 ››
1885 4459 2020 4510 ante

2132 539 2222 612 vel
2243 539 2437 614 omnis
2458 557 2775 614 multitudo
2792 557 3047 614 filiorum
3069 557 3306 627 Israel,«
3320 563 3378 615 et
3395 560 3594 616 audite
3608 582 3637 610 »
3654 539 3788 633 quo

2133 645 2402 702 dicturus
2449 663 2603 702 sum.
2630 670 2657 698 ‹‹
2691 647 2832 714 Quis
2865 647 2936 703 de
2963 646 3067 713 eis,
3095 671 3122 696 »
3143 647 3430 704 subaudis
3471 647 3635 704 caelis
3663 649 3786 705 sive

2133 735 2472 804 creaturis,«
2497 736 2868 791 annuntiavit
2887 735 3009 791 haec
3033 761 3054 788 ι
3079 736 3150 792 de
3170 736 3500 809 Cyro,quod
3523 737 3788 792 destruc-

2133 826 2304 878 turus
2326 829 2480 880 esset
2501 824 2876 896 Babylonem,
2892 824 2978 880 vel
2997 825 3069 880 de
3092 824 3237 880 Filio
3260 841 3390 880 meo
3411 825 3565 897 quod
3593 827 3784 882 nasci-

2133 915 2304 968 turus
2333 916 2488 968 esset
2507 929 2574 968 ex
2592 913 2853 986 virgine?
2872 913 3002 969 Hec
3022 930 3151 986 quae
3177 919 3528 987 sequuntur,
3549 916 3785 987 proprie

2134 1001 2204 1056 ad
2238 1000 2535 1056 Christum
2587 1002 2902 1074 pertinent,
2935 1007 3185 1074 possunt
3232 1006 3428 1058 tamen
3477 1003 3680 1059 referri
3711 1004 3784 1059 ad

2133 1090 2344 1161 Cyrum
2376 1090 2755 1162 Dariumque,
2779 1091 2933 1145 sicut
2961 1091 3166 1146 beatus
3200 1090 3588 1164 Hieronymus
3618 1091 3782 1156 dicit,

2134 1194 2321 1249 usque
2351 1178 2423 1232 ad
2453 1176 2621 1234 illum
2667 1179 2861 1233 locum
2901 1177 3003 1233 ubi
3042 1177 3258 1234 dicitur
3280 1194 3294 1232 :
3318 1177 3549 1234 Directa
3575 1181 3665 1234 est
3693 1181 3787 1236 via

2131 1265 2282 1336 ejus.
2307 1288 2334 1316 «
2358 1265 2643 1321 Dominus
2675 1265 2876 1321 dilexit
2905 1282 3102 1334 eum,»
3134 1266 3421 1322 subaudis
3450 1266 3666 1338 Cyrum
3697 1267 3784 1323 vel

2133 1353 2395 1419 Darium,
2419 1353 2776 1410 avunculum
2797 1355 2948 1424 ejus,
2964 1359 3028 1409 ut
3047 1354 3368 1410 dimitteret
3385 1354 3784 1427 captivitatem

2132 1441 2333 1514 populi
2363 1441 2476 1509 sui,
2500 1466 2528 1492 «
2563 1447 2621 1498 et
2660 1443 2833 1499 faciet
2858 1441 3219 1499 voluntatem
3269 1460 3439 1499 suam
3486 1442 3546 1498 in
3599 1445 3782 1516 Baby-

2131 1529 2319 1594 lone,»
2341 1529 2480 1604 quia
2508 1531 2699 1603 capiet
2726 1547 2856 1586 eam
2879 1554 2904 1580 (ι
2933 1536 2990 1586 et
3009 1531 3318 1588 brachium
3340 1548 3514 1588 suum
3537 1531 3600 1588 in
3622 1531 3784 1588 Chal-

2131 1617 2329 1684 daeis,»
2353 1618 2495 1692 quia
2520 1619 2831 1675 interﬁciat
2860 1635 2960 1675 eos
2989 1619 3098 1692 (Isa
3139 1620 3289 1692 xcv).

2202 1729 2230 1755 «
2265 1707 2404 1780 Ego,
2437 1723 2543 1779 ego
2584 1705 2816 1762 locutus
2856 1724 2988 1764 sum
3015 1730 3042 1756 ›.
3063 1708 3135 1763 de
3165 1707 3309 1781 Cyro
3339 1725 3443 1781 per
3470 1708 3788 1782 prophetas

2057 1831 2101 1896 Β
2132 1811 2324 1863 meos;
2349 1818 2376 1845 ‹‹
2409 1801 2468 1851 et
2494 1795 2691 1852 vocavi
2722 1813 2859 1852 cum
2888 1820 2908 1846 ι
2937 1795 3172 1852 nomine
3203 1795 3435 1870 proprio
3466 1802 3784 1870 antequam

2132 1887 2490 1952 nasceretur,
2523 1883 2770 1957 loquens
2801 1901 2905 1958 per
2949 1885 3158 1942 Isaiam
3193 1901 3208 1940 :
3242 1885 3372 1942 Haec
3399 1885 3547 1942 dicit
3582 1886 3784 1943 Domi-

2132 1990 2246 2029 nus
2266 1972 2496 2029 Christo
2519 1989 2648 2029 meo
2665 1973 3100 2046 Cyro.Adduxit
3117 1991 3250 2030 eum
3272 1975 3346 2030 ab
3367 1975 3590 2031 oriente
3609 1992 3787 2048 super

2131 2059 2508 2134 Babylonem,
2544 2065 2609 2117 ut
2639 2078 2768 2118 eam
2797 2066 3054 2118 vastaret
3103 2063 3485 2135 redderetque
3529 2063 3582 2120 ei
3615 2064 3788 2134 juxta

2131 2150 2287 2222 quod
2319 2149 2672 2206 merebatur.
2697 2150 2862 2218 Quod
2893 2155 3092 2206 autem
3125 2150 3290 2210 addit
3325 2167 3520 2207 sermo
3549 2151 3784 2208 divinus

2130 2259 2160 2288 «
2183 2242 2241 2293 et
2267 2237 2486 2294 directa
2510 2243 2600 2294 est
2623 2238 2717 2295 via
2736 2239 2886 2311 ejus,
2913 2261 2941 2289 ››
2965 2240 3256 2312 quomodo
3277 2240 3466 2313 possit
3481 2241 3684 2296 referri
3708 2241 3782 2297 ad

2129 2326 2342 2400 Cyrum
2384 2326 2668 2383 cultorem
2710 2327 3022 2396 idolorum,
3046 2329 3203 2401 quod
3234 2329 3456 2386 directa
3485 2329 3666 2386 fuerit
3690 2330 3784 2385 via

2129 2416 2280 2486 ejus,
2305 2415 2464 2472 nullo
2498 2416 2670 2472 modo
2702 2420 2880 2488 patet.
2901 2417 3248 2474 Referamus
3277 2422 3336 2473 et
3360 2418 3432 2473 ad
3464 2418 3783 2474 Dominum

2127 2504 2330 2560 Jesum
2344 2503 2664 2560 Christum.
2680 2505 2836 2562 Deus
2853 2506 3022 2561 Pater
3036 2505 3238 2562 dilexit
3259 2505 3472 2562 Filium
3490 2523 3689 2574 suum,
3703 2507 3782 2562 si-

2128 2597 2228 2647 cut
2250 2591 2489 2648 unicum
2509 2597 2566 2650 et
2581 2593 3144 2650 consubstantialem
3163 2593 3304 2662 sibi;
3323 2594 3465 2667 quia
3478 2593 3783 2668 ipsedixit:

2127 2703 2156 2731 «
2183 2681 2287 2738 Hic
2318 2686 2409 2737 est
2439 2681 2622 2738 Filius
2653 2699 2821 2739 meus
2849 2682 3103 2740 dilectus
3123 2683 3328 2751 (Matth.
3347 2701 3432 2752 ιιι,
3465 2685 3595 2740 Luc.
3620 2685 3729 2756 ιιι).
3757 2708 3784 2733 ιι

2130 2771 2328 2826 Faciet
2346 2771 2706 2828 voluntatem
2726 2789 2895 2828 suam
2918 2771 2978 2827 in
2997 2771 3372 2846 Babylonem,
3385 2772 3444 2829 id
3465 2778 3562 2830 est
3577 2773 3638 2830 in
3654 2790 3790 2830 con-

2130 2860 2422 2916 fusionem
2455 2859 2638 2933 hujus
2667 2859 2895 2928 mundi,
2920 2861 3060 2934 quia
3091 2860 3338 2917 redimet
3363 2877 3552 2936 genus
3581 2861 3790 2918 huma-

2129 2965 2294 3017 num,
2309 2948 2409 3021 qui
2431 2947 2490 3004 in
2507 2948 2852 3006 confusione
2867 2953 3242 3022 peccatorum
3259 2949 3662 3006 morabantur.
3682 2950 3790 3006 Do-

2127 3037 2328 3093 minus
2345 3038 2521 3094 Jesus
2544 3037 2602 3092 in
2629 3037 2906 3094 omnibus
2929 3055 3056 3110 quae
3079 3037 3285 3111 gessit,
3304 3037 3662 3096 voluntatem
3689 3038 3787 3094 Dei

2128 3125 2316 3182 Patris
2346 3125 2706 3198 adimplevit,
2729 3126 2883 3182 sicut
2910 3125 3037 3197 ipse
3069 3125 3250 3181 dixit:
3278 3125 3402 3183 Non
3433 3125 3566 3182 veni
3597 3127 3801 3183 facere

2131 3213 2490 3270 voluntatem
2542 3231 2754 3281 meam,
2774 3215 2876 3271 sed
2915 3216 3046 3285 ejus
3084 3213 3185 3287 qui
3233 3215 3397 3271 misit
3424 3231 3538 3271 me.
3561 3216 3636 3272 Et
3660 3216 3787 3271 bra-

2129 3302 2329 3358 chium
2351 3319 2550 3368 suum,
2567 3303 2623 3358 id
2645 3307 2756 3370 est,
2771 3303 3175 3360 fortitudinem
3193 3320 3363 3359 suam
3381 3307 3440 3360 et
3461 3303 3784 3376 potentiam

2129 3391 2388 3446 extendit
2410 3391 2470 3446 in
2502 3391 2810 3458 Chaldaeis,
2834 3391 2944 3448 hoc
2982 3396 3091 3461 est,
3114 3392 3175 3447 in
3214 3392 3612 3461 daemonibus;
3647 3393 3786 3464 quia

2131 3479 2379 3534 abstulit
2397 3480 2481 3535 eis
2505 3485 2874 3552 potestatem.
2891 3481 3037 3536 Nam
3062 3481 3187 3553 ipse
3209 3480 3420 3536 dixitza
3439 3481 3610 3538 Nunc
3631 3481 3786 3554 prin-

2130 3583 2266 3638 ceps
2300 3567 2480 3638 hujus
2511 3568 2716 3622 mundi
2747 3569 3016 3640 ejicietur
3061 3570 3416 3637 l'oraonan.
3447 3573 3623 3638 κω.»
3643 3571 3780 3643 Ego,

2130 3671 2236 3726 ego
2267 3653 2500 3711 locutus
2533 3672 2666 3710 sum
2699 3657 2771 3712 de
2801 3655 2946 3712 Filio
2977 3673 3106 3712 meo
3137 3673 3241 3728 per
3270 3657 3490 3712 Mosam
3525 3660 3786 3712 ceteros-

2130 3760 2244 3816 que
2275 3743 2608 3816 prOphetas,
2634 3748 2694 3800 et
2715 3744 2910 3800 vocavi
2937 3761 3074 3800 eum
3107 3744 3344 3800 nomine
3373 3744 3614 3817 prOprio
3634 3749 3787 3802 ante-

2130 3849 2309 3904 quam
2340 3837 2678 3888 nasceretur
2694 3849 2766 3888 ex
2783 3832 3026 3904 virgine,
3052 3832 3297 3906 loquens
3325 3849 3430 3906 per
3453 3832 3800 3890 Gabrielem-

2131 3920 2549 3992 archangelum
2572 3921 2644 3976 ad
2679 3920 2920 3977 Mariam
2945 3937 2994 3975 :«
3017 3922 3161 3977 Ecce
3191 3920 3486 3994 concipies
3505 3926 3571 3977 et
3599 3921 3785 3995 paries

2129 4009 2339 4078 ﬁlium,
2353 4013 2410 4064 et
2429 4009 2664 4065 vocabis
2684 4025 2898 4065 nomen
2919 4009 3050 4080 ejus
3069 4010 3332 4066 Jesum.»
3348 4009 3608 4078 Adduxi,
3629 4027 3786 4076 eum,

2129 4096 2238 4152 hoc
2267 4101 2378 4164 est,
2400 4097 2692 4154 incarnari
2714 4096 2997 4154 constitui
3021 4115 3034 4152 :
3059 4102 3118 4154 et
3137 4098 3360 4154 directa
3389 4102 3483 4154 est
3511 4097 3609 4154 via
3635 4100 3784 4170 ejus,

2129 4185 2268 4259 quia
2287 4209 2314 4235 «
2341 4203 2454 4241 non
2488 4190 2792 4259 peccatum
2815 4186 2954 4242 fecit
2981 4203 3088 4244 nec
3114 4186 3286 4244 dolus
3314 4187 3592 4244 inventus
3612 4192 3706 4244 est
3727 4188 3784 4243 in

2128 4291 2226 4331 ore
2256 4275 2385 4346 ejus
2413 4276 2565 4344 (Luc.
2598 4275 2658 4346 ι).
2691 4300 2714 4326 ι

2203 4363 2519 4420 «Accedite
2550 4363 2622 4418 ad
2655 4379 2810 4430 me,»
2837 4368 3063 4436 gentes,
3089 4386 3117 4416 «
3137 4367 3197 4420 et
3225 4363 3424 4421 audite
3453 4363 3587 4422 hoc.
3617 4388 3640 4415 ι
3664 4364 3784 4421 Vox

2130 4451 2259 4507 Filii
2289 4452 2412 4514 Dei.
2437 4474 2465 4502 ‹‹
2499 4451 2625 4508 Νοιι
2665 4469 2700 4507 a
2746 4452 3033 4525 principio
3063 4454 3123 4508 in
3154 4454 3500 4510 abscondito
3552 4453 3790 4511 locutus

363 4555 538 4611 quem
559 4537 814 4604 nullus,«
837 4543 895 4595 et
913 4556 1018 4612 ego
1037 4539 1431 4596 novissimus»
1453 4545 1589 4614 post
1606 4558 1781 4614 quem
1800 4542 2019 4614 nullus.
2049 4557 2099 4622 D
2131 4558 2286 4608 sum,
2315 4563 2342 4590 ››
2364 4540 2650 4597 subaudis
2699 4540 2866 4608 Mosi,
2899 4541 3146 4614 loquens
3175 4543 3247 4598 ad
3289 4559 3427 4598 eum
3478 4543 3539 4598 in
3586 4547 3780 4598 monte

362 4625 502 4682 Tale
530 4631 622 4682 est
651 4631 708 4684 et
735 4626 880 4684 illud
913 4629 1070 4700 quod
1101 4627 1161 4684 in
1191 4628 1522 4702 Apocalipsi
1554 4630 1800 4687 Joannis
1850 4631 2021 4689 habe-

361 4717 460 4770 tur
487 4731 501 4769 :
535 4715 652 4787 Ego
684 4732 818 4770 sum
849 4715 1026 4787 alpha
1052 4720 1110 4771 et
1139 4732 1367 4791 omega,
1402 4716 1636 4773 initium
1667 4722 1725 4774 et
1753 4719 1909 4776 finis.

441 4803 696 4858 «'Manus
716 4819 951 4874 quoque
983 4819 1169 4870 mea,»
1191 4805 1300 4861 hoc
1333 4805 1934 4874 est,Verbum,Filius
1964 4812 2022 4864 et

362 4888 651 4964 sapientie
683 4906 832 4959 mea,
859 4913 886 4940 ‹‹
915 4891 1180 4948 fundavit
1212 4896 1426 4949 terram
1451 4916 1480 4943 »
1502 4911 1681 4967 super
1708 4900 1882 4953 tenue
1912 4896 2023 4953 ele-

363 4982 630 5034 mentum
655 5000 683 5028 ‹‹
712 4983 770 5034 et
799 4979 1035 5034 dextera
1067 4996 1197 5036 mea
1227 4997 1432 5036 mensa
1459 4986 1600 5050 est,»
1631 4982 1690 5038 id
1710 4988 1799 5040 est
1818 4989 2020 5041 exten-

361 5067 450 5123 dit
473 5089 500 5117 ‹‹
527 5066 766 5123 caelos.»
786 5067 998 5124 Manus
1022 5067 1122 5123 Dei
1150 5068 1337 5124 Patris
1358 5073 1416 5123 et
1435 5070 1671 5126 dextera
1701 5071 1883 5128 Filius
1911 5075 2021 5138 est,

362 5155 504 5228 quia
534 5173 636 5228 per
683 5155 878 5228 ipsum
909 5155 1109 5212 omnia
1147 5156 1477 5224 fecit(loan.
1503 5162 1566 5228 1),
1590 5158 1744 5214 sicut
1773 5159 2016 5214 Psalmi-

363 5247 456 5299 sta
485 5242 628 5299 dicit
659 5259 708 5299 :«
733 5243 944 5300 Omnia
991 5243 1052 5299 in
1093 5243 1382 5316 sapientia
1418 5245 1605 5301 fecisti
1637 5248 1806 5318 (Ρδαι.
1830 5264 1928 5302 CIII
1959 5252 2018 5303 et

362 5337 600 5399 xxxn).»
622 5332 692 5388 Et
719 5349 766 5388 ε·
792 5332 982 5389 Verbo
1013 5332 1244 5388 Domini
1275 5333 1404 5390 οωΙὶ
1433 5333 1648 5390 ﬁrmati
1680 5340 1872 5390 sunt.»
1900 5336 1969 5391 Et
1998 5353 2012 5392 :

369 5440 396 5468 «
425 5419 578 5476 Deus
607 5419 898 5494 sapientia
929 5419 1196 5478 fundavit
1239 5426 1475 5491 terram,
1507 5426 1566 5478 et
1593 5423 1828 5479 dextera
1857 5423 2018 5479 illius

367 5522 572 5562 mensa
591 5513 682 5564 est
711 5507 945 5565 cmlos.»
970 5529 992 5557 ε
1015 5510 1134 5582 Ego
1166 5511 1380 5568 vocabo
1407 5527 1564 5578 eos,»
1587 5511 1871 5568 subaudis
1903 5530 2015 5568 cce-

367 5590 476 5662 los,
503 5614 531 5642 «
563 5598 620 5648 et
650 5596 892 5654 stabunt
919 5595 1100 5654 simul
1133 5597 1254 5654 ».in
1291 5601 1606 5673 conspectu
1637 5617 1786 5658 meo.
1810 5623 1838 5652 «
1863 5601 2016 5658 Con-

2130 4630 2272 4685 Sina
2299 4646 2402 4701 per
2430 4628 2882 4702 angelum,quia
2901 4629 3071 4684 multi
3095 4630 3414 4686 audierunt
3428 4631 3609 4686 verba
3631 4647 3774 4687 mea.

2133 4740 2154 4766 α
2186 4719 2266 4773 Ex
2294 4721 2558 4790 tempore
2585 4721 2904 4790 antequam
2935 4719 3144 4776 ﬁerent
3163 4736 3231 4776 ea
3254 4741 3283 4769 »
3304 4737 3434 4792 qua:
3460 4719 3616 4776 facta
3643 4722 3778 4775 sunt

2072 4861 2078 4866 .
2129 4805 2272 4862 «ibi
2317 4822 2555 4861 eram.»
2584 4806 2881 4862 Subaudis
2934 4807 2995 4862 in
3040 4807 3228 4864 Patre.
3263 4807 3446 4864 Filius
3495 4807 3597 4864 Dei
3643 4822 3772 4863 cum

2131 4894 2298 4950 Patre
2327 4893 2559 4950 locutus
2587 4899 2678 4950 est
2722 4895 2891 4963 Mosi,
2914 4912 3048 4951 cum
3100 4895 3266 4952 Patre
3315 4895 3453 4952 fecit
3498 4895 3694 4952 omnia
3717 4897 3772 4949 et

2129 4982 2424 5055 disposuit
2439 4982 2664 5039 omnia:
2685 4983 2838 5038 sicut
2850 4982 2978 5056 ipse
2994 4983 3258 5056 loquitur
3279 5001 3381 5056 per
3395 4983 3768 5056 Sapientiam:

2131 5095 2159 5121 «
2185 5071 2470 5127 Dominus
2516 5071 2780 5144 possedit
2815 5088 2910 5127 me
2947 5071 3008 5126 in
3048 5071 3214 5128 initio
3245 5071 3472 5128 viarum
3513 5086 3768 5134 suarum,

2125 5163 2444 5231 antequam
2467 5159 2793 5232 quidquam
2823 5159 3039 5216 faceret
3058 5177 3093 5215 a
3121 5158 3470 5232 principio,»
3496 5164 3558 5218 et
3576 5163 3775 5215 caetera

2125 5264 2335 5320 usque,
2348 5264 2482 5304 cum
2499 5264 2566 5303 eo
2583 5263 2942 5320 componens
2958 5249 3177 5304 omnia.
3192 5249 3264 5304 Et
3279 5247 3492 5304 iterum
3511 5245 3774 5305 :«Omnis

2125 5336 2412 5410 sapientia
2433 5353 2468 5392 a
2495 5336 2743 5392 Domino
2765 5336 2881 5392 Deo
2897 5341 3006 5401 est,
3031 5341 3091 5392 et
3109 5353 3246 5392 cum
3270 5335 3370 5391 illo
3387 5336 3504 5392 fuit
3525 5351 3767 5408 semper,

2125 5430 2182 5480 et
2207 5429 2298 5481 est
2325 5429 2460 5481 ante
2489 5440 2676 5480 sevum
2701 5424 3090 5495 (Prov.vm).»
3117 5447 3144 5474 «
3171 5425 3241 5480 Et
3289 5440 3445 5480 nunc
3499 5423 3770 5481 Dominus

2127 5513 2297 5570 Pater
2317 5512 2477 5568 misit
2499 5512 2763 5580 me,»hoc
2779 5517 2868 5570 est
2883 5511 3178 5569 incarnari
3192 5512 3557 5582 constituit,«
3577 5517 3636 5568 et
3654 5509 3768 5582 Spi-

2126 5603 2278 5659 ritus
2287 5603 2338 5674 ej
2347 5619 2438 5658 us.
2447 5599 2644 5658 »Brevi
2656 5599 3252 5662 versiculoTrinitatis
3267 5599 3439 5658 nobis
3450 5599 3766 5659 ostenditur
