4106 6190
308 324 423 389 96‘!

1358 324 1763 390 COMMENT.
1812 328 1892 389 IN
1924 312 2232 390 VISAIAM.
2278 362 2356 374 —
2397 328 2548 393 LIB.
2596 332 2671 395 η.

3594 331 3712 410 962

311 463 772 516 sacramentum.
791 459 971 514 Homo
1002 464 1347 532 assumptus
1376 478 1410 516 a
1440 464 1727 534 potestate
1758 461 1952 529 Verbi,
1983 466 2040 532 Α
2068 461 2362 533 apostolos
2390 465 2479 519 vel
2510 466 2845 537 credentes;
2880 473 2938 524 et
2964 471 3142 527 dicit:
3170 474 3590 547 Egrediminip
3617 480 3716 534 Ju-

312 549 578 623 ioquitur
608 550 764 621 quod
796 549 952 604 Deus
985 549 1153 605 Pater
1181 554 1239 605 et
1268 550 1521 623 Spiritus
1550 553 1679 624 ejus
1711 553 1956 609 misere-

310 641 413 694 tur
441 654 599 704 eum,
631 636 691 692 id
721 641 811 692 est
842 637 1134 692 incarnari
1165 638 1555 695 constituerit.

383 748 411 775 «
447 725 577 781 Ηωο
594 724 738 780 dicit
753 724 1038 781 Dominus
1060 727 1208 783 Deus
1220 727 1552 800 redemptor
1566 733 1701 785 tuus
1718 734 1957 786 sanctus

310 814 512 871 Israel.
530 837 557 862 ι»
572 813 824 869 Chorum
849 814 1245 886 apostolorum
1268 816 1458 872 istoin
1482 816 1607 874 loco
1618 819 1954 891 alloquitur.

311 905 674 976 Redemptor
701 904 831 975 ejus
870 903 1107 970 dicitur,
1139 905 1277 977 quia
1308 906 1557 962 redemit
1584 924 1717 962 eum
1752 908 1954 978 pretio,

308 992 368 1047 id
400 997 493 1048 est
522 992 809 1064 sanguine
838 1008 965 1046 suo.
1000 1014 1028 1041 ‹‹
1063 993 1180 1065 Ego
1210 993 1496 1050 Dominus
1516 994 1669 1050 Deus
1701 1000 1840 1051 tuus
1863 996 1960 1052 do-

310 1098 452 1138 cens
481 1085 537 1136 te
566 1080 807 1148 utilia,»
841 1080 950 1136 hoc
979 1085 1224 1154 est,quae
1255 1083 1327 1137 ad
1359 1082 1608 1148 salutem
1642 1085 1955 1157 pertinent,

312 1186 417 1242 per
446 1169 827 1241 Evangelium
860 1192 887 1217 ‹‹
922 1170 1257 1241 gubernans
1288 1176 1342 1226 te
1372 1171 1431 1225 in
1464 1171 1555 1227 via
1589 1190 1716 1245 qum
1750 1175 1956 1228 ambu-

312 1259 489 1328 labis,
521 1281 550 1310 ››
584 1259 694 1313 hoc
723 1262 835 1327 est,
868 1257 927 1312 in
959 1260 1228 1330 praesenti
1260 1260 1496 1332 saeculo,
1526 1262 1646 1317 sive
1677 1263 1736 1317 in
1766 1264 1957 1318 ol‘licio

311 1347 745 1420 praedicationis
776 1363 790 1403 :
825 1347 981 1403 sicut
1022 1346 1128 1402 tibi
1174 1349 1438 1420 promisi,
1470 1352 1671 1407 dicens
1705 1368 1718 1407 :
1753 1376 1782 1402 ‹‹
1816 1354 1959 1408 Ecce

311 1453 420 1510 ego
466 1435 773 1493 vobiscum
842 1453 977 1492 sum
1042 1438 1325 1494 omnibus
1379 1439 1609 1507 diebus,
1650 1457 1838 1513 usque
1885 1441 1959 1496 ad

311 1523 883 1582 consummationem
914 1524 1114 1581 saeculi
1144 1524 1572 1599 (Matth.xxvm);
1591 1551 1619 1579 »
1650 1534 1708 1585 et
1724 1531 1960 1602 quando

313 1615 463 1671 dixit
493 1629 508 1670 :
542 1613 643 1681 Ite,
675 1613 875 1668 docete
900 1630 1105 1670 omnes
1134 1621 1357 1687 gentes.

389 1724 417 1754 «
450 1701 685 1759 Utinam
709 1702 1062 1759 attendisses
1076 1704 1356 1761 mandata
1385 1706 1542 1761 mea!
1569 1707 1743 1762 Facta
1758 1707 1964 1763 fuisset

308 1793 469 1848 sicut
496 1791 713 1847 flumen
743 1807 855 1862 pax
883 1794 1050 1862 tua,»
1082 1791 1193 1847 hoc
1221 1797 1330 1861 est,
1362 1795 1652 1865 profunda
1680 1796 1964 1852 securitas

312 1881 420 1935 tibi
454 1879 966 1935 esset.Possumus
998 1880 1105 1934 hoc
1136 1897 1204 1935 ex
1235 1887 1396 1953 parte
1426 1883 1497 1937 ad
1532 1883 1703 1939 Israel
1729 1886 1960 1939 referre.

314 1969 360 2024 Ο
394 1967 591 2035 Israel,
621 1968 671 2023 si
703 1968 1060 2024 attendisses
1109 1970 1388 2025 mandata
1416 1987 1546 2026 mea
1571 1977 1629 2027 et
1658 1990 1828 2044 opere
1858 1975 1964 2029 ad-

313 2057 807 2130 implessesJ‘acta
834 2062 990 2112 esset
1010 2058 1295 2114 securitas
1323 2064 1380 2114 et
1408 2076 1518 2130 pax
1532 2065 1633 2115 tua
1652 2064 1961 2133 profunda.

315 2147 424 2202 Per
449 2147 571 2202 haec
602 2146 802 2201 omnia
832 2163 958 2217 quae
973 2148 1691 2218 sequuntur,abundantia
1711 2156 1768 2206 et
1786 2151 1966 2223 pleni-

312 2237 459 2291 tudo
472 2236 759 2290 bonorum
773 2234 1036 2290 omnium
1053 2235 1588 2309 ostenditur,quam
1603 2238 1697 2295 ille
1714 2240 1965 2312 p0pulus

314 2324 559 2380 haberet
588 2322 703 2378 nisi
754 2324 1165 2395 praevaricator
1212 2323 1501 2380 existeret.
1537 2327 1597 2382 Si
1645 2333 1839 2383 autem
1891 2330 1963 2384 ad

314 2414 563 2468 chorum
591 2410 991 2484 apostolorum
1022 2413 1481 2479 referimus,erit
1510 2417 1965 2472 sensus:0cho-

315 2518 419 2557 rus
450 2500 873 2572 apostolorum,
907 2499 1134 2556 utinam
1164 2503 1434 2558 attendas
1482 2504 1762 2560 mandata
1798 2506 1960 2561 mea!

315 2591 483 2657 Quod
515 2590 565 2646 si
598 2589 802 2646 feceris
832 2607 959 2661 quae
991 2591 1377 2662 praecepi,erit
1406 2609 1517 2663 pax
1548 2596 1649 2648 tua
1679 2593 1834 2649 sicut
1865 2595 1968 2649 flu-

316 2696 455 2734 men
487 2679 641 2750 quod
674 2694 905 2750 semper
934 2679 1191 2734 decurrit
1216 2684 1275 2735 et
1295 2697 1599 2752 nunquam
1619 2682 1963 2748 minoratur,

316 2768 429 2823 hoc
458 2771 567 2835 est,
599 2765 885 2823 securitas
928 2771 1032 2823 tua
1060 2771 1118 2823 et
1158 2784 1270 2840 pax
1319 2785 1553 2841 semper
1600 2771 1862 2827 manebit
1907 2772 1967 2826 in

314 2854 684 2912 beatitudine
699 2859 942 2923 aeterna;
958 2860 1060 2911 «et
1087 2857 1199 2912 erit
1218 2857 1457 2928 justitia
1484 2863 1588 2914 tua
1607 2859 1760 2915 sicut
1775 2861 1970 2933 gurgi-

322 2950 417 3000 tes
448 2942 687 3015 maris,»
712 2943 1053 3001 ﬂuctuando
1083 2950 1140 3001 et
1167 2946 1530 3012 elevando,et
1549 2949 1742 3004 eundo
1763 2951 1835 3005 de
1854 2950 1969 3005 vir-

324 3037 451 3088 tute
480 3031 542 3087 in
572 3032 869 3089 virtutem.
903 3056 930 3083 «
965 3034 1034 3089 Et
1064 3033 1174 3090 erit
1201 3051 1402 3091 semen
1432 3038 1625 3105 tuum,
1661 3059 1690 3087 ››
1720 3037 1831 3094 hoc
1858 3044 1969 3105 est,

322 3136 535 3177 omnes
562 3121 865 3178 credentes
884 3138 989 3193 per
1008 3121 1478 3194 praedicationem
1508 3125 1822 3193 tuam,sive
1838 3143 1973 3199 gen-

2066 548 2274 619 daei,de
2305 551 2991 626 Babylone,permittente
3013 559 3268 631 Cyro;vel
3287 580 3388 619 vos
3412 566 3714 624 credentes

2064 637 2411 708 egredimini
2456 641 2527 697 de
2580 643 2889 715 Babylone,
2934 645 3044 702 hoc
3092 652 3201 718 est,
3252 649 3323 704 de
3371 655 3714 711 confusione

2065 723 2245 796 hujus
2277 728 2685 794 mundi.Quod
2714 731 2762 786 si
2797 748 2910 787 non
2945 735 3189 805 potestis
3221 752 3478 809 corpore,
3502 740 3712 797 saltem

2066 818 2261 869 mente
2293 821 2349 870 et
2381 820 2892 892 contemplatione.
2916 823 3119 896 Fugite
3149 841 3249 879 vos
3280 844 3312 881 a
3343 826 3629 885 Chaldaeis
3654 830 3710 885 in

2066 905 2280 958 terram
2315 907 2920 977 repromissionis.Vel
2953 915 3391 985 vos,apostoli,a
3421 920 3712 975 consortio

2064 989 2399 1048 daemonum
2430 998 2486 1049 et
2518 996 2807 1052 malorum
2839 998 3146 1056 hominum
3187 1003 3389 1075 procul
3440 1007 3710 1063 recedit‘e.

2066 1077 2129 1132 In
2163 1096 2298 1135 voce
2315 1081 2719 1139 exsultationis
2736 1092 2793 1141 et
2813 1088 3011 1158 gaudii
3032 1091 3710 1166 annuntiate,subaudis,

2062 1182 2186 1231 vos,
2231 1169 2440 1235 Judaei,
2474 1171 2802 1228 libertatem
2850 1181 3103 1232 vestram
3155 1178 3288 1234 aliis
3328 1183 3623 1252 gentibus,
3658 1188 3715 1240 et

2064 1271 2187 1324 vos,
2215 1258 2483 1329 apostoli,
2506 1261 2967 1333 redemptionem
3002 1264 3332 1322 animarum
3362 1275 3710 1327 vestrarum.

2065 1366 2092 1432 (ξ
2124 1345 2405 1401 Auditum
2438 1348 2612 1403 facite
2645 1348 2820 1415 hoc,»
2853 1368 2885 1407 o
2915 1352 3126 1420 Judaei,
3151 1355 3291 1426 quia
3322 1357 3393 1413 de
3423 1358 3715 1432 Babylone

2066 1430 2292 1503 fugitis,
2324 1439 2382 1488 et
2410 1452 2442 1489 ο
2475 1436 2744 1507 apostoli,
2778 1439 2918 1510 quia
2958 1441 3245 1500 Dominus
3297 1430 3562 1501 redemit
3589 1464 3711 1505 vos.

2068 1542 2095 1569 ‹‹
2131 1521 2295 1576 Ferte
2326 1522 2471 1577 illud
2502 1541 2689 1596 usque
2734 1527 2805 1581 ad
2857 1533 3116 1585 extrema
3162 1535 3349 1601 terrae,
3388 1554 3408 1582 ι
3445 1533 3554 1591 hoc
3600 1540 3713 1606 est,

2068 1624 2172 1680 per
2200 1626 2433 1665 onmem
2467 1613 2755 1669 mundum
2784 1616 3095 1686 prmdicate
3125 1624 3191 1673 ut
3220 1624 3278 1674 et
3306 1620 3416 1691 ipsi
3445 1639 3551 1694 per
3578 1640 3718 1680 suc-

2069 1697 2339 1775 cedentes
2395 1701 2800 1771 gnnerationes
2854 1720 2922 1759 ea
2969 1707 3339 1762 annuntient.
3378 1732 3399 1759 ι
3434 1710 3638 1780 Dicite,
3686 1732 3715 1762 ››

2069 1800 2102 1839 o
2130 1785 2315 1841 Judaei
2346 1787 2435 1842 vel
2466 1788 2735 1859 apostoli,
2765 1790 2883 1846 illis
2916 1792 3015 1863 qui
3045 1792 3354 1864 ignorant:
3382 1819 3411 1847 «
3449 1797 3718 1855 Redemit

2075 1875 2352 1929 Dominus
2384 1893 2617 1932 servum
2646 1894 2822 1933 suum
2853 1879 3034 1935 Jacob
3066 1904 3094 1932 »
3144 1883 3214 1937 de
3247 1883 3559 1956 Babylone,
3594 1888 3716 1943 sive

2072 1980 2276 2018 omnes
2306 1970 2509 2035 gentes
2540 1983 2665 2038 qua:
2698 1967 2837 2022 vitia
2866 1969 3249 2042 supplantant
3275 1973 3347 2027 de
3377 1976 3717 2033 confusione

2073 2058 2468 2125 peccatorum.

2144 2164 2171 2190 ‹‹
2207 2142 2332 2196 Non
2364 2142 2639 2198 sitierunt
2681 2144 2737 2199 in
2789 2147 3038 2214 deserto,
3076 2171 3103 2197 υ
3149 2151 3435 2208 subaudis
3482 2155 3717 2225 quando

2072 2229 2291 2302 egressi
2323 2236 2461 2285 sunt
2487 2233 2556 2286 de
2580 2232 2869 2306 Babylone
2891 2236 3000 2290 sub
3020 2236 3356 2307 Zorobabel,
3381 2241 3720 2315 ceterisque

2074 2318 2344 2373 ducibus.
2396 2319 2544 2374 Nam
2593 2323 2828 2392 quando
2873 2340 2942 2378 ex
2986 2324 3228 2397 [Egypto
3277 2327 3558 2398 exierunt,
3604 2347 3720 2387 non

2074 2406 2267 2461 solum
2317 2407 2613 2477 sitierunt,
2648 2411 3032 2466 verumetiam
3076 2419 3134 2468 et
3184 2422 3719 2475 murmuraverunt.

2074 2495 2193 2550 Hoc
2245 2501 2441 2550 autem
2506 2498 2659 2567 quod
2709 2499 2994 2570 sequitur,
3025 2523 3053 2551 «
3103 2518 3237 2558 cum
3284 2505 3555 2562 educeret
3600 2520 3721 2581 eos,

2046 2600 2289 2654 .aquam
2320 2584 2391 2637 de
2422 2591 2586 2654 petra
2615 2587 2890 2656 produxit
2918 2587 3025 2657 eis,
3059 2610 3087 2637 »
3120 2590 3364 2645 minime
3412 2588 3722 2665 impletum

2075 2688 2201 2726 esse
2233 2671 2483 2743 legimus
2516 2679 2827 2744 postquam
2850 2681 3066 2729 terram
3097 2679 3571 2749 repromissionis
3600 2698 3731 2753 per-'

2075 2764 2392 2831 ceperunt;
2427 2759 2539 2814 nisi
2572 2760 2975 2832 hyperbolicos
3006 2762 3064 2818 in
3096 2764 3545 2824 similitudinem
3576 2769 3723 2841 prio-

2077 2848 2159 2903 ris
2203 2847 2498 2902 felicitatis
2546 2848 2791 2919 impleta
2836 2866 2965 2906 esse
3015 2856 3435 2923 contestentur,
3486 2860 3722 2929 quando

2076 2952 2180 3008 per
2210 2936 2506 2992 desertum
2550 2938 2890 3008 pactionum
2940 2947 3227 2998 venerunt
3274 2943 3538 3001 Judaeam
3565 2952 3623 3003 et
3652 2950 3745 3016 de,

2078 3024 2413 3096 captivitate
2443 3030 2583 3079 sunt
2612 3025 2864 3094 liberati,
2887 3027 2976 3083 vel
3006 3029 3182 3085 etiam
3205 3030 3320 3088 nisi
3351 3038 3417 3088 ut
3437 3035 3726 3094 referatur

2079 3115 2151 3169 ad
2181 3113 2576 3185 egressionem
2608 3132 2677 3170 ex
2702 3109 2965 3189 Egypto,
2986 3122 3044 3173 et
3064 3119 3296 3177 dicatur
3313 3139 3429 3178 non
3451 3123 3726 3184 sitierunt

322 3208 609 3275 tiles,sive
632 3208 886 3278 Judzei,«
912 3209 1066 3266 sicut
1098 3227 1295 3277 arena,
1317 3233 1346 3261 »
1377 3212 1663 3269 subaudis
1692 3230 1821 3286 quae
1853 3231 1968 3287 pra;
2000 3216 2044 3283 ρ
2082 3204 2141 3259 in
2174 3205 2425 3268 deserto,
2449 3203 2734 3260 subaudis
2764 3210 2829 3259 ut
2859 3207 3134 3278 perirent.
3167 3209 3228 3265 Si
3260 3215 3459 3267 autem
3489 3213 3563 3269 ad
3594 3231 3726 3287 apo-

323 3297 712 3353 multitudine
743 3298 1039 3354 numerari
1071 3315 1187 3354 non
1216 3298 1387 3355 valet.
1419 3321 1448 3349 «
1482 3300 1553 3356 Et
1590 3302 1769 3374 stirps
1816 3304 1968 3359 uteri

320 3386 435 3453 tui,
468 3408 498 3437 ››
529 3385 588 3442 id
619 3390 730 3457 est,
760 3385 867 3441 filii
897 3385 1172 3442 doctrinae
1214 3391 1325 3443 tua:
1373 3394 1548 3444 erunt
1592 3412 1621 3441 «
1671 3395 1735 3447 ut
1784 3390 1968 3464 lapilli

319 3492 536 3532 arente.
570 3496 599 3525 »
631 3475 841 3531 Semen
873 3481 930 3529 et
957 3474 1136 3548 stirps
1165 3477 1564 3548 apostolorum
1596 3484 1736 3534 sunt
1764 3497 1969 3537 omnes

318 3563 808 3632 credentes,sicut
836 3562 977 3618 dicit
1001 3564 1354 3636 Apostolus:
1378 3589 1408 3617 ‹‹
1443 3566 1629 3623 Filioli
1660 3568 1777 3625 mei
1820 3585 1970 3641 quos

317 3652 540 3710 iterum
552 3652 871 3724 parturio.»
893 3652 1018 3708 Etza
1035 3652 1141 3708 Per
1160 3654 1539 3727 Evangelium
1558 3672 1664 3729 ego
1679 3673 1780 3712 vos
1793 3658 1968 3730 genui

318 3741 465 3814 (Gal.
496 3758 575 3807 ιν,
608 3740 635 3794 1
654 3743 780 3798 Cor.
812 3740 911 3813 1v).
948 3763 977 3790 »
1009 3762 1036 3790 ‹‹
1071 3740 1199 3797 Non
1245 3741 1563 3809 interisset,
1600 3764 1628 3793 »
1681 3745 1968 3802 subaudis

317 3847 523 3886 semen
539 3832 772 3897 tuum,o
796 3827 1051 3896 Israel,si
1073 3830 1424 3885 attendisses
1437 3832 1509 3886 ad
1524 3834 1802 3889 mandata
1813 3851 1965 3903 mea;

317 3942 347 3969 ‹‹
382 3923 443 3974 et
471 3935 589 3974 non
614 3917 827 3974 fuisset
857 3917 1124 3973 attritum
1161 3935 1374 3974 nomen
1424 3920 1572 3990 ejus,
1604 3942 1634 3969 »
1678 3922 1967 3979 subaudis

317 4005 556 4076 Israel,«
590 4023 626 4062 a
653 4006 799 4062 facie
828 4023 1017 4075 mea,»
1031 4010 1098 4062 ut
1127 4023 1359 4079 semper
1386 4007 1965 4068 virividentesDeum

316 4100 519 4151 mente
548 4095 902 4152 dicerentur.
936 4097 1103 4152 Nunc
1135 4100 1332 4152 autem
1370 4096 1509 4169 quia
1554 4098 1966 4169 praevaricatus

312 4200 404 4254 es,
437 4183 709 4239 attritum
733 4188 823 4240 est
852 4200 1064 4240 nomen
1097 4188 1291 4254 tuum,
1322 4188 1530 4258 praeter
1577 4186 1875 4259 apostolos
1903 4190 1963 4247 in

313 4272 538 4344 quibus
569 4271 876 4329 reservasti
905 4289 1105 4329 semen
1132 4278 1191 4330 et
1218 4291 1431 4331 nomen
1476 4275 1964 4347 patriarcharum.

310 4360 486 4417 Sicut
526 4360 793 4434 pradixit
842 4361 1046 4419 Isaias.
1083 4384 1111 4412 «
1140 4361 1286 4430 Quia
1334 4363 1450 4419 nisi
1496 4364 1785 4421 Dominus
1831 4366 1965 4421 reli-

308 4448 550 4521 quisset
598 4448 769 4505 nobis
822 4466 1045 4519 semen,
1106 4450 1277 4523 quasi
1335 4452 1590 4508 Sodoma
1645 4453 1967 4510 fuissemus

306 4537 444 4608 (ιω.
480 4541 544 4608 ι).
574 4560 602 4587 ››
634 4536 793 4594 Licet
838 4537 996 4594 enim
1049 4538 1319 4595 Israelita:
1363 4546 1664 4609 vocentur,
1696 4542 1964 4598 attritum
1997 4578 2042 4643 D

305 4630 406 4682 est
434 4631 634 4683 tamen
663 4644 877 4684 nomen
907 4644 1110 4684 eorum
1142 4646 1177 4684 a
1205 4628 1351 4684 facie
1378 4630 1676 4700 mea,quia
1696 4647 1811 4685 non
1844 4647 1964 4686 me-

302 4720 522 4772 rentur
541 4715 726 4772 Deum
751 4717 968 4773 videre.
1002 4719 1072 4773 Et
1103 4717 1151 4774 si
1184 4718 1256 4773 ad
1284 4717 1581 4790 apostolos
1611 4717 1721 4773 hoc
1752 4720 1963 4775 refera-

304 4809 433 4872 tur,
470 4805 584 4860 erit
613 4822 823 4861 sensus
856 4823 869 4861 :
907 4806 951 4862 Ο
983 4806 1200 4862 chorus
1232 4804 1650 4878 apostolorum,
1685 4807 1736 4863 si
1777 4812 1963 4862 atten-

297 4894 473 4949 deris
504 4899 794 4967 praecepta
822 4911 972 4964 mea,
1008 4913 1120 4951 non
1154 4894 1418 4951 interibit
1446 4911 1645 4951 semen
1687 4900 1876 4961 tuum,
1909 4899 1967 4951 et

299 5000 434 5040 non
466 4984 579 5038 erit
601 4984 867 5039 attritum
895 5001 1108 5040 nomen
1140 4983 1442 5039 ﬁliationis
1484 4988 1689 5040 vestrze
1738 5002 1772 5040 a
1819 4986 1964 5041 facie

296 5089 469 5139 mea,
501 5071 643 5142 quin
674 5089 709 5127 a
736 5072 967 5127 Christo
998 5073 1313 5129 Christiani
1344 5072 1651 5130 vocemini.

383 5183 413 5210 «
446 5159 808 5232 Egredimini
839 5161 911 5216 de
940 5162 1252 5235 Babylone,
1286 5162 1468 5235 fugite
1516 5162 1868 5231 “Chaldeis,
1906 5164 1964 5219 in

290 5265 450 5305 voce
483 5248 892 5305 exsultationis
922 5250 1446 5307 annuntiate.»lsta
1476 5250 1750 5306 allocutio
1772 5252 1964 5324 dupli-

290 5338 460 5395 citer
489 5342 686 5410 potest
715 5337 988 5411 intelligi,
1017 5339 1106 5395 vel
1155 5341 1227 5396 de
1273 5340 1493 5396 Judaeis
1540 5340 1641 5411 qui
1690 5345 1856 5395 erant
1906 5341 1963 5395 in

287 5425 609 5501 Babylone
628 5443 699 5484 ex
718 5428 952 5483 duabus
972 5428 1362 5497 tribubus,vel
1384 5428 1559 5483 etiam
1591 5427 1965 5485 credentibus

285 5518 380 5575 de
412 5515 723 5588 apostolis.
759 5514 1016 5589 Babylon
1044 5517 1260 5573 etenim
1291 5516 1584 5591 signiﬁcat
1612 5515 1770 5571 hunc
1786 5532 1964 5571 mun-

281 5606 477 5666 dum.
508 5604 843 5679 Alloquitur
870 5621 1009 5682 ergo
1055 5622 1248 5665 sermo
1295 5606 1530 5666 divinus
1569 5605 1805 5665 Judmos
1854 5621 1961 5663 seu

2077 3290 2258 3347 stolos
2288 3291 2618 3363 referimus,
2670 3310 2787 3349 non
2835 3294 3112 3352 sitierunt
3156 3295 3219 3352 in
3269 3299 3498 3356 deserto
3545 3301 3727 3374 hujus

2074 3379 2204 3436 vita;
2238 3396 2251 3435 :
2286 3380 2427 3451 quia
2455 3396 2591 3435 cum
2623 3382 2896 3438 educeret
2924 3399 3025 3440 eos
3051 3384 3121 3440 de
3152 3385 3463 3460 Babylone,
3498 3389 3607 3446 hoc
3638 3395 3728 3449 est

2077 3468 2150 3525 de
2178 3468 2522 3525 confusione
2551 3471 2794 3543 peccati,
2826 3488 2930 3544 per
2960 3473 3135 3530 fidem
3172 3492 3343 3531 suam
3392 3494 3605 3549 aquam
3655 3482 3729 3537 de

2077 3563 2242 3630 petra
2278 3558 2555 3630 produxit
2591 3558 2697 3627 eis,
2750 3559 2809 3615 id
2857 3565 2948 3616 est
2994 3561 3184 3635 gratia
3233 3566 3419 3620 sancti
3470 3566 3726 3637 Spiritus

2078 3644 2320 3717 replevit
2348 3663 2448 3702 eos
2473 3664 2487 3715 ;
2520 3664 2648 3718 quae
2678 3648 2750 3703 de
2780 3648 3011 3704 Christo
3055 3650 3358 3721 processit.
3389 3674 3417 3704 «
3450 3654 3520 3708 Et
3552 3655 3725 3711 scidit

2077 3739 2327 3805 petram,
2359 3742 2416 3789 et
2444 3738 2739 3790 fluxerunt
2766 3753 2954 3808 aquae,
2988 3759 3017 3786 ››
3049 3738 3158 3793 hoc
3204 3745 3297 3795 est
3344 3742 3557 3813 aperiri
3590 3760 3725 3814 pro-

2077 3822 2241 3878 misit
2268 3822 2422 3877 latus
2442 3823 2679 3890 Christi,
2704 3824 2773 3879 de
2795 3841 2912 3896 quo
2932 3825 3197 3881 exierunt
3216 3844 3380 3900 aqua:
3408 3829 3724 3887 ablutionis

2076 3918 2135 3967 et
2164 3911 2587 3981 redemptionis
2617 3917 2848 3968 nostris.
2885 3914 3161 3985 Legimus
3191 3916 3250 3970 in
3302 3918 3575 3989 passione
3606 3920 3724 3976 Do-

2077 3999 2245 4065 mini,
2264 4000 2403 4071 quia
2423 4006 2737 4073 postquam
2759 4002 2958 4059 emisit
2986 4003 3445 4075 spiritum,unus
3468 4007 3720 4064 militum

2075 4087 2280 4144 lancea
2306 4088 2464 4145 latus
2484 4090 2614 4160 ejus
2633 4090 2882 4162 aperuit,
2907 4095 2965 4146 et
2986 4092 3264 4149 continuo
3286 4094 3459 4151 exivit
3479 4098 3723 4171 sanguis

2076 4183 2287 4234 nostrze
2347 4179 2790 4251 redemptionis,
2840 4186 2898 4236 et
2943 4197 3096 4253 aqua
3143 4182 3517 4255 baptismatis
3545 4187 3722 4256 (Joan.

2074 4262 2215 4338 xix).

2146 4378 2175 4407 «
2201 4356 2325 4412 Non
2357 4359 2448 4413 est
2468 4373 2580 4429 pax
2597 4355 2818 4430 impiis,
2847 4379 2876 4407 »
2897 4358 3181 4428 Judaeis,«
3202 4360 3343 4418 dicit
3362 4361 3671 4422 Dominus.
3691 4382 3721 4417 η

2075 4445 2223 4512 Quia
2252 4462 2388 4501 cum
2420 4451 2585 4501 tanta
2606 4447 2977 4519 prmstiterim
3000 4448 3105 4518 eis,
3132 4466 3247 4505 non
3278 4449 3499 4506 habent
3516 4468 3722 4523 pacem

2074 4549 2327 4601 mecnm,
2364 4534 2472 4589 hoc
2502 4540 2592 4590 est
2622 4552 2737 4590 non
2768 4535 3016 4590 credunt
3046 4536 3105 4590 in
3138 4553 3250 4592 me.
3282 4536 3384 4592 Vel
3411 4538 3590 4608 etiam
3623 4541 3722 4596 ali-

2073 4626 2163 4676 ter
2194 4639 2205 4677 :
2241 4623 2366 4677 Non
2398 4628 2489 4678 est
2517 4640 2630 4694 pax
2659 4623 2878 4695 impiis,
2926 4624 3069 4679 dicit
3099 4624 3406 4694 Dominus,
3456 4627 3723 4684 videlicet

2072 4711 2390 4767 incredulis
2423 4712 2523 4783 qui
2555 4718 2919 4783 cognoscunt
2948 4717 3113 4769 tanta
3134 4730 3238 4786 pro
3270 4715 3459 4771 salute
3491 4733 3600 4772 sua
3629 4717 3719 4773 Fi-

2071 4800 2216 4855 lium
2250 4800 2350 4855 Dei
2400 4800 2777 4872 sustinuisse,
2822 4801 3027 4857 nolunt
3070 4802 3128 4857 in
3174 4820 3308 4859 eum
3352 4806 3583 4861 credere
3615 4822 3720 4863 nec

2072 4888 2307 4955 habere,
2327 4890 2427 4961 qui
2457 4895 2546 4945 est
2568 4908 2681 4963 pax
2710 4897 2930 4961 nostra,
2955 4894 3055 4965 qui
3081 4894 3219 4949 fecit
3239 4900 3487 4968 utraque
3508 4914 3715 4953 unum.

2072 4979 2416 5051 Quicunque
2448 4996 2584 5052 ergo
2615 4986 2771 5036 recte
2802 4982 3004 5048 credit,
3040 4983 3185 5039 bene
3210 4984 3345 5039 vivit
3377 5003 3389 5041 :
3425 5002 3625 5057 pacem
3657 4987 3717 5041 in

2073 5085 2136 5124 se
2165 5067 2359 5136 habet,
2392 5069 2451 5127 id
2481 5075 2570 5125 est
2599 5069 2922 5125 Christum.
3370 5082 3379 5093 '

2663 5212 2896 5270 CAPUT
2934 5213 3123 5269 XLIX.

2147 5360 2173 5387 ‹‹
2206 5337 2435 5403 Audite,
2458 5336 2686 5404 insulae,
2710 5342 2768 5393 et
2796 5338 3099 5405 attendite,
3131 5339 3330 5411 populi
3361 5341 3432 5396 de
3461 5340 3651 5414 longe.
3687 5364 3716 5392 »

2076 5426 2210 5481 Post
2239 5424 2597 5481 vocationem
2621 5425 3002 5497 reliquiarum
3028 5429 3222 5497 Israel,
3246 5433 3302 5484 et
3327 5429 3717 5501 abjectionem

2074 5512 2276 5586 pepuli
2306 5513 2365 5567 in
2387 5512 2794 5570 incredulitate
2816 5516 3215 5587 permanentis
3235 5516 3306 5572 de
3327 5517 3543 5589 quibus
3566 5519 3720 5576 dixe-

2072 5607 2165 5661 rat
2196 5619 2210 5660 :
2243 5602 2369 5661 Non
2399 5606 2489 5662 est
2504 5619 2619 5679 pax
2647 5603 2870 5679 impiis,
2893 5603 3037 5662 dicit
3065 5604 3351 5665 Dominus
3370 5624 3386 5678 ;
3408 5605 3621 5666 transit
3639 5608 3721 5667 ad
