4106 6190
393 308 513 372 963

397 531 634 588 nomine
674 527 935 600 loquitur
979 540 1172 581 sermo
1219 521 1454 576 divinus
1503 538 1573 576 ex
1622 534 1870 592 persona
1910 517 2039 574 Filii

398 621 520 678 Dei.
546 618 742 676 Insula
763 614 997 681 dicitur,
1021 630 1087 668 eo
1114 612 1268 684 quod
1293 611 1351 666 in
1373 609 1516 675 salo,
1542 608 1650 664 hoc
1671 612 1760 664 est
1780 608 1840 663 in
1864 607 2034 676 mari,

395 711 472 768 sit
502 708 710 781 posita.
745 705 877 760 Ideo
907 707 1102 758 autem
1125 698 1608 756 Ecclesiainsulm
1641 701 2034 768 comparatur,

395 799 538 872 quia
567 797 720 852 sicut
751 792 946 849 insula
973 791 1244 847 tunditur
1273 789 1546 844 fluetibus
1579 791 1635 842 et
1683 803 1794 841 non
1843 801 2036 842 move-

394 893 490 944 tur
522 907 535 944 :
570 887 652 943 ita
681 883 939 940 Ecclesia
968 881 1029 936 in
1059 881 1288 936 Christo
1322 879 1562 934 fundata
1593 873 2038 949 perturbationi-

394 980 505 1034 bus
536 975 932 1046 fluctibusque
961 971 1140 1043 hujus
1156 968 1350 1026 smculi
1383 967 1756 1024 smvientibus
1777 963 2037 1035 undique

393 1065 684 1132 tunditur,
711 1063 810 1118 sed
836 1079 952 1116 non
974 1063 1261 1115 movetur.
1293 1057 1557 1113 Fundata
1575 1059 1664 1109 est
1679 1052 1836 1108 enim
1860 1067 2040 1123 super

394 1161 642 1230 petram.
665 1151 874 1231 Audite
903 1147 1160 1220 (inquit),
1183 1145 1410 1212 insulae,
1435 1143 1544 1199 hoc
1575 1145 1682 1231 est,
1705 1140 2032 1212 intelligite,

393 1229 662 1300 Ecclesia;
691 1229 1054 1294 diversarum
1101 1232 1388 1306 gentium,
1421 1248 1549 1303 quae
1580 1229 1848 1285 dicturus
1878 1245 2032 1295 sum,

394 1338 451 1389 et
473 1329 773 1394 attendite,
799 1324 998 1398 populi
1025 1325 1094 1378 de
1116 1321 1371 1394 longe,id
1395 1325 1485 1376 est
1507 1320 1578 1374 ab
1601 1318 1877 1374 extremis
1911 1317 2035 1372 fini-

395 1421 506 1475 bus
530 1424 718 1473 terrae.
745 1438 765 1465 α
794 1413 1078 1469 Dominus
1108 1411 1180 1466 ab
1211 1414 1372 1464 utero
1391 1409 1613 1463 vocavit
1634 1424 1790 1474 me,»
1816 1407 2032 1461 subau-

394 1508 488 1563 dis
509 1523 612 1579 per
629 1501 957 1562 Gabrielem
986 1497 1676 1570 archangelum,dicendo
1698 1497 1769 1552 ad
1791 1494 2030 1567 Joseph:

395 1619 424 1647 «
455 1593 586 1652 Noli
617 1593 837 1657 timere,
870 1588 1086 1660 Joseph
1119 1586 1201 1641 fili
1234 1587 1436 1652 David,
1468 1586 1731 1658 accipere
1787 1585 2032 1640 Mariam

393 1685 700 1755 conjugem
731 1685 916 1735 tuam.
952 1677 1139 1732 Pariet
1168 1675 1324 1730 enim
1357 1673 1632 1743 filium,et
1661 1673 1894 1729 vocabis
1927 1690 2034 1728 no-

393 1788 528 1828 men
587 1771 717 1840 ejus
771 1768 974 1823 Jcsum
1008 1764 1212 1838 (Matth.
1247 1768 1308 1833 1).
1341 1785 1370 1814 »
1407 1787 1434 1813 ‹‹
1469 1763 1550 1818 De
1580 1766 1778 1818 ventre
1826 1762 2032 1817 matris

392 1877 555 1928 mete,
587 1881 615 1910 »
649 1857 758 1912 hoc
804 1860 894 1911 est
941 1859 1256 1926 antequam
1311 1869 1600 1918 nascerer,
1637 1875 1662 1901 ‹‹
1699 1851 2037 1906 recordatus

391 1954 482 2006 est
509 1945 766 2004 nominis
796 1944 910 2000 mei
945 1967 973 1994 ››
1006 1943 1160 2016 quod
1218 1941 1456 1998 nomine
1513 1940 1831 1996 Salvatoris
1883 1941 2034 1996 frue-

393 2056 503 2094 P8P.

463 2151 489 2176 ‹‹
523 2125 723 2181 Posuit
763 2141 828 2179 os
885 2138 1106 2189 meum,
1143 2143 1170 2169 ››
1203 2120 1259 2175 id
1317 2122 1407 2174 est
1462 2118 1636 2173 verba
1693 2117 1811 2173 oris
1869 2117 2031 2173 mei:

393 2239 420 2266 ‹‹
452 2215 619 2288 quasi
669 2213 932 2287 gladium
983 2215 1246 2265 acutum.
1284 2232 1311 2258 »
1343 2209 1420 2264 Os
1451 2206 1680 2262 Domini
1709 2205 2039 2278 appellatur

390 2305 503 2360 isto
537 2305 595 2358 in
625 2302 751 2357 loco
782 2299 1126 2372 Evangelica
1154 2297 1420 2353 doctrina
1451 2301 1507 2350 et
1537 2312 1728 2352 sermo
1760 2295 2038 2352 illius.De

389 2393 498 2450 hoc
529 2391 724 2464 gladio
755 2388 898 2444 dicit
927 2387 1052 2460 ipse
1081 2385 1366 2442 Dominus
1400 2401 1414 2440 :
1451 2408 1479 2434 «
1513 2385 1638 2440 Non
1669 2384 1798 2440 veni
1831 2401 2036 2456 pacem

390 2482 620 2538 mittere
674 2478 736 2534 in
789 2482 1030 2544 terram,
1079 2475 1182 2531 sed
1228 2473 1490 2548 gladium
1549 2473 1754 2546 (Matth.
1785 2472 1862 2545 x).
1899 2495 1926 2522 »
1967 2475 2038 2529 Et

388 2567 712 2644 apostolis:
749 2590 777 2617 «
811 2565 1096 2638 Spiritum
1127 2563 1364 2636 (inquit)
1403 2563 1522 2619 oris
1577 2563 1667 2618 sui
1727 2561 2038 2618 interficiet

387 2657 640 2731 impium
675 2657 881 2726 (Thess.
914 2657 1000 2722 ιι).
1024 2677 1052 2705 ››
1087 2655 1157 2709 Et
1187 2653 1332 2708 illud
1364 2668 1376 2708 :
1409 2677 1434 2702 «
1469 2653 1540 2708 Et
1567 2650 1828 2725 gladium
1862 2651 2040 2724 Spiri-

394 2753 516 2816 tus,
547 2747 703 2820 quod
735 2749 825 2803 est
851 2744 1094 2800 verbum
1127 2742 1228 2798 Dei
1261 2741 1418 2814 (Eph.
1450 2742 1550 2813 vn).
1586 2764 1614 2790 ››
1680 2761 1701 2790 ι
1736 2741 1798 2796 In
1828 2742 2040 2797 umbra

389 2853 603 2893 manus
646 2852 764 2891 sua;
821 2833 1072 2907 protexit
1117 2849 1232 2897 me,
1269 2853 1298 2880 »
1331 2831 1440 2886 hoc
1471 2834 1559 2886 est
1589 2830 1648 2884 in
1681 2830 2037 2903 protectione

292 2995 299 2999 _
389 2925 709 2981 divinitatis
739 2941 857 2980 suae
889 2927 957 2978 ut
989 2922 1114 2978 sine
1147 2923 1382 2994 peccato
1438 2935 1736 2975 manerem
1765 2924 1824 2974 et
1855 2917 2038 2974 mira-

389 3013 523 3071 cula
553 3014 822 3080 facerem,
855 3028 927 3068 ne
957 3012 1086 3084 ipsa
1117 3026 1250 3065 caro
1282 3012 1588 3080 assumpta
1619 3025 1653 3063 a
1679 3007 1867 3063 Verbo
1897 3006 2035 3062 vile-

391 3107 596 3158 sceret.
623 3102 875 3173 Ideoque
901 3100 1045 3155 dicit
1072 3099 1133 3154 in
1163 3099 1392 3166 umbra,
1421 3097 1561 3170 quia
1603 3095 1733 3168 ipsa
1762 3094 2038 3150 divinitas

817 299 1228 367 HAYMONIS
1261 294 1800 362 HALBERS‘I‘A’I‘.
1833 290 2082 358 EPISC.
2111 289 2285 358 OPP.
2316 291 2515 356 PARS
2544 293 2594 356 Ι.
2621 325 2702 340 -
2729 289 3134 357 GOMMEN'I‘.
3165 287 3362 355 BIBL.

396 441 684 500 Ecelesias
715 440 784 494 de
806 437 1080 511 gentibus
1101 436 1502 506 congregatas,
1525 434 1582 486 et
1601 428 2036 485 eisinsularum
2063 430 2119 496 Α
2151 445 2426 500 magnam
2485 432 2710 500 partem
2765 427 3102 484 Judmorum
3153 427 3225 482 ad
3274 430 3330 480 te
3369 440 3634 480 revocare
3677 441 3795 480 non
3883 491 3890 498 η

3674 291 3796 354 964

2145 517 2333 590 potui.
2368 518 2498 573 Haec
2538 521 2734 573 autom
2788 518 3088 583 dicuntur,
3120 521 3188 571 ut
3237 514 3488 571 liberum
3533 511 3798 570 hominis

2147 609 2508 663 monstretur
2562 607 2895 662 arbitrium.
2945 605 3046 662 Dei
3104 605 3262 661 enim
3318 620 3524 659 vocare
3579 607 3692 669 est,
3735 607 3800 658 et

2148 700 2415 751 nostrum
2440 696 2694 752 credere.
2730 697 3025 762 Quantum
3083 712 3221 768 ergo
3269 695 3340 748 ad
3391 691 3522 748 illos
3558 691 3796 748 Judaeos

2147 785 2398 858 pertinet
2453 785 2556 857 qui
2605 785 2891 841 increduli
2951 786 3420 858 permanserunt,
3450 781 3511 836 in
3539 798 3793 836 vacuum

2143 873 2430 930 laboravit
2459 874 2804 930 sustinendo
2837 874 3196 948 passionem,
3227 875 3284 928 et
3312 889 3455 926 vane
3498 870 3796 925 fortitudi-

2147 981 2280 1024 nem
2311 979 2480 1020 suam
2513 965 2902 1036 consumpsit,
2928 963 3038 1020 hoc
3059 967 3150 1018 est
3177 962 3237 1016 in
3267 966 3482 1016 vanum
3515 959 3794 1032 fatigatus

2145 1058 2234 1108 est
2264 1070 2367 1126 pro
2397 1053 2483 1108 eis
2513 1057 2570 1109 et
2601 1070 2832 1125 passus,
2867 1053 3007 1125 quia
3031 1053 3090 1108 in
3123 1051 3209 1108 eis
3239 1049 3384 1106 nihil
3443 1049 3663 1122 proluit
3689 1048 3795 1122 qui

2145 1142 2459 1204 noluerunt
2488 1143 2742 1198 credere.
2767 1166 2794 1192 «
2815 1143 2964 1215 Ergo
2978 1141 3276 1214 judicium
3301 1155 3558 1205 meum,»
3571 1137 3681 1194 hoc
3702 1143 3794 1194 est

2143 1231 2415 1288 discretio
2445 1256 2473 1282 ‹‹
2508 1249 2642 1287 cum
2677 1231 2918 1287 Domino
2950 1252 2978 1280 »
3019 1234 3204 1303 patre,
3259 1228 3401 1302 quia
3455 1227 3584 1300 ipse
3631 1225 3795 1298 judi-

2143 1322 2298 1377 cabit
2327 1325 2524 1376 utrum
2556 1321 2756 1376 omnia
2785 1338 2913 1392 qua:
2944 1319 3118 1376 debui
3148 1319 3235 1375 eis
3268 1319 3456 1375 facere
3502 1315 3741 1371 fecerim
3770 1333 3786 1370 :

2142 1411 2342 1466 dicens
2368 1411 2428 1466 in
2460 1409 2768 1483 Evangelio
2801 1427 2815 1464 :
2849 1433 2875 1458 «
2913 1407 3098 1464 Multa
3126 1408 3278 1463 bona
3309 1423 3486 1481 opera
3512 1409 3792 1478 Operatus

2143 1517 2275 1556 sum
2303 1499 2468 1556 vobis
2497 1499 2679 1571 (Joan.
2710 1502 2790 1567 x).
2826 1520 2854 1546 ››
2883 1519 2912 1548 ‹‹
2944 1497 3014 1552 Et
3052 1513 3200 1570 opus
3250 1513 3448 1552 meum
3501 1511 3639 1550 cum
3671 1493 3788 1549 Deo

2144 1604 2294 1657 meo,
2329 1610 2356 1637 »
2389 1586 2497 1642 hoc
2527 1590 2617 1643 est
2645 1586 2956 1659 presentia
2983 1584 3165 1642 illius.

2213 1700 2240 1727 ‹‹
2277 1677 2346 1732 Et
2373 1693 2531 1732 nunc
2575 1674 2721 1731 dicit
2767 1673 3076 1746 Dominus,
3109 1674 3370 1730 formans
3401 1689 3496 1729 me
3523 1689 3594 1728 ex
3623 1677 3788 1728 utero

2145 1783 2376 1822 servum
2390 1763 2499 1820 sibi
2506 1769 2594 1836 ,ut
2607 1764 2881 1820 reducam
2900 1765 2971 1819 ad
2986 1781 3180 1833 eum,»
3202 1762 3488 1820 subaudis
3508 1785 3535 1812 «
3549 1761 3794 1828 Jacob,»

2146 1855 2276 1910 ideo
2308 1871 2442 1910 sum
2473 1870 2699 1910 servus.
2727 1876 2756 1903 «
2788 1855 2862 1908 Et
2893 1852 3068 1909 Israel
3101 1870 3215 1908 non
3257 1850 3732 1926 congregabitur,
3768 1871 3796 1898 η

2143 1943 2201 1999 id
2229 1948 2318 2000 est
2357 1961 2472 1999 non
2522 1946 2892 1998 convertetur
2939 1942 3013 1997 ad
3062 1941 3258 2010 fidem,
3291 1939 3429 1996 licet
3458 1942 3703 2012 propter
3732 1954 3800 1993 ea

2143 2031 2574 2088 venerim.llinc
2606 2032 2784 2087 datur
2802 2029 3048 2103 intelligi
3080 2047 3216 2085 cum
3247 2028 3680 2100 dicit,formans
3706 2043 3798 2082 me

2144 2139 2212 2177 ex
2243 2127 2404 2176 utero
2435 2136 2666 2178 servum
2700 2119 2835 2189 sibi,
2867 2117 3035 2174 illum
3079 2116 3408 2190 appellasse
3438 2116 3714 2188 superius
3744 2121 3801 2171 et

2145 2210 2256 2266 isto
2289 2211 2348 2264 in
2379 2209 2503 2265 loco
2548 2224 2780 2264 servum
2829 2206 2929 2279 qui
2978 2207 3264 2262 formatus
3312 2209 3422 2262 est.
3464 2205 3600 2261 Ideo
3641 2204 3800 2260 venit

2147 2299 2329 2355 Filius
2360 2299 2484 2367 Dei,
2517 2302 2582 2353 ut
2611 2297 2914 2353 reduceret
2933 2295 3114 2352 Jacob
3145 2299 3437 2352 errantem
3471 2295 3544 2349 ad
3573 2297 3826 2350 Creato--

2145 2405 2268 2443 rem
2299 2386 2660 2454 suum,sicut
2689 2385 2831 2441 dicit
2859 2384 3142 2458 apostolis
3175 2401 3189 2440 :
3222 2384 3304 2440 Ite
3335 2383 3410 2439 ad
3439 2383 3683 2439 domum
3716 2381 3802 2438 Is-

2146 2476 2284 2533 rael.
2318 2500 2344 2526 «
2397 2477 2469 2531 Et
2517 2493 2634 2532 non
2682 2492 2814 2530 sum
2847 2475 3067 2530 missus
3116 2471 3229 2528 nisi
3259 2473 3331 2529 ad
3363 2489 3499 2529 oves
3537 2471 3799 2544 perditas

2147 2564 2324 2621 Israel
2357 2564 2566 2639 (Matth.
2599 2564 2717 2638 xv.)
2751 2587 2778 2613 »
2815 2587 2836 2613 α
2871 2564 2941 2619 Et
2968 2562 3332 2636 glorificatus
3361 2579 3497 2618 sum
3528 2561 3589 2616 in
3609 2559 3800 2616 oculis

2145 2654 2444 2726 Domini,»
2463 2652 2913 2725 subaudis,quia
2929 2657 3116 2708 totum
3135 2651 3424 2707 mundum
3443 2649 3588 2706 mihi
3609 2649 3794 2716 dedit,

2145 2743 2299 2800 sicut
2341 2741 2457 2798 dixi
2491 2757 2804 2816 resurgens
2848 2758 2884 2797 a
2930 2739 3215 2796 mortuis:
3268 2763 3296 2789 «
3331 2739 3479 2795 Data
3520 2742 3613 2794 est
3644 2735 3792 2792 mihi

2144 2832 2336 2888 omnis
2367 2835 2626 2905 potestas
2655 2829 2715 2885 in
2746 2829 2889 2886 ccelo
2918 2833 2976 2885 et
3005 2829 3064 2884 in
3095 2833 3251 2885 terra
3279 2828 3467 2898 (Matth
3511 2826 3737 2900 xxvm.)
3769 2848 3798 2876 ιι

2143 2922 2223 2976 Ac
2253 2919 2303 2976 si
2334 2920 2554 2976 diceret
2586 2936 2599 2975 :
2635 2918 2862 2974 Perdidi
2895 2935 3076 2974 unam
3101 2922 3356 2991 gentem,
3387 2921 3446 2973 et
3467 2933 3602 2972 ecce
3640 2920 3799 2971 totus

2146 3009 2404 3065 mundus
2432 3009 2491 3063 in
2523 3024 2617 3064 me
2647 3007 2864 3063 credet.
2898 3022 2942 3059 ‹‹·
2960 3011 3110 3062 Deus
3141 3023 3308 3062 meus
3339 3005 3530 3062 factus
3554 3009 3647 3060 est
3676 3005 3798 3060 for-

2150 3097 2342 3154 titudo
2374 3115 2526 3164 mea,
2561 3119 2589 3148 ››
2619 3095 2758 3170 quia
2786 3096 2958 3152 tertia
2985 3096 3080 3152 die
3109 3094 3417 3152 resurrexi.
3451 3093 3614 3150 Licet
3641 3093 3800 3149 enim

391 3189 702 3245 invisibilis
721 3193 830 3244 est.
857 3211 884 3237 ‹‹
909 3187 1108 3242 Posuit
1129 3203 1221 3242 me
1253 3187 1405 3242 sicut
1435 3167 1708 3257 sagittam
1731 3183 2033 3239 electam.»
2069 3167 2114 3234 (ἶ
2151 3186 2366 3243 diceret
2397 3186 2617 3260 pendes
2636 3167 2706 3240 in
2739 3201 2932 3254 cruce,
2966 3209 2993 3236 ‹‹
3014 3185 3190 3254 Deus,
3213 3185 3368 3240 Deus
3396 3199 3588 3249 meus,
3621 3199 3802 3255 quare

391 3278 538 3332 Cum
567 3275 710 3330 dicit
741 3275 1018 3346 sagittam
1041 3273 1306 3341 electam,
1325 3273 1580 3330 ostendit
1608 3273 1822 3328 habere
1851 3272 2036 3328 Deum

392 3363 640 3436 sagittas
688 3361 994 3434 plurimas,
1033 3384 1060 3410 ››
1093 3362 1192 3417 sed
1239 3378 1355 3416 non
1405 3360 1638 3418 electas.
1672 3359 1906 3433 Sagitta:
1935 3361 2038 3416 Dei

395 3449 814 3524 omnipotentis
843 3455 986 3506 sunt
1015 3449 1332 3523 prophetae,
1357 3449 1626 3522 apostoli,
1646 3453 1704 3506 et
1734 3451 2037 3523 apostolici

391 3539 498 3598 viri
520 3539 620 3613 qui
645 3538 704 3594 in
725 3543 846 3596 toto
866 3539 1006 3596 orbe
1037 3539 1400 3610 discurrunt,
1433 3539 1504 3594 de
1533 3539 1750 3611 quibus
1779 3539 1994 3596 dicitur
2019 3557 2034 3596 :

393 3653 420 3680 ‹‹
455 3629 692 3702 Sagitta:
724 3632 837 3684 tuae
869 3632 1076 3696 acutae,
1106 3625 1502 3700 potentissimi
1562 3616 1760 3699 populi
1821 3627 1932 3682 sub
1980 3631 2038 3681 te

392 3720 602 3776 cadent
629 3720 798 3788 (Psal.
830 3721 1004 3786 xux).
1041 3740 1068 3767 »
1100 3739 1128 3767 ‹‹
1161 3717 1222 3772 In
1256 3716 1527 3790 pharetra
1581 3733 1690 3772 sua
1732 3715 2040 3772 abscondit

395 3826 544 3876 me,»
582 3807 690 3864 hoc
721 3811 810 3863 est
838 3807 897 3862 in
931 3822 1169 3879 corpore
1200 3805 1482 3861 humano.
1516 3805 1596 3860 Ex
1625 3821 1875 3877 persona
1899 3804 2040 3860 divi-

393 3897 596 3954 nitatis
659 3898 832 3952 modo
877 3896 1156 3968 loquitur.
1194 3895 1471 3951 Pharetra
1519 3893 1752 3960 dicitur,
1785 3911 1852 3950 eo
1883 3894 2038 3966 quod

393 3987 541 4042 ferat
571 3990 841 4042 mortem.
873 3984 998 4040 Alio
1029 3984 1088 4039 in
1122 3983 1246 4040 loco
1287 3983 1570 4040 Dominus
1599 3983 1774 4039 hamo
1803 4000 2039 4056 compa-

395 4080 577 4142 ratur,
611 4075 751 4146 quia
779 4073 932 4129 sicut
962 4073 1034 4127 ab
1066 4072 1240 4128 hamo
1297 4071 1512 4128 latente
1561 4071 1618 4126 in
1651 4088 1786 4128 esca
1812 4070 2042 4142 capitur

395 4161 688 4235 piseis,sic
719 4159 990 4216 diabolus
1011 4176 1045 4214 a
1064 4159 1366 4215 divinitate
1396 4176 1525 4231 quae
1555 4158 1729 4215 latuit
1749 4159 1807 4214 in
1838 4159 2042 4215 huma-

396 4251 578 4304 nitate
607 4253 816 4320 captus
845 4251 953 4303 est.
988 4247 1151 4303 Unde
1197 4247 1269 4303 ad
1301 4247 1539 4303 beatum
1586 4249 1695 4304 Job
1755 4247 2040 4304 Dominus

396 4337 660 4410 loquitur
691 4353 704 4393 :
741 4358 770 4387 α
801 4335 1081 4408 Nunquid
1140 4334 1335 4408 capies
1371 4334 1664 4392 leviathan
1696 4337 1872 4394 hamo
1901 4337 2036 4410 (Job.

396 4427 588 4500 xm?»

2146 3293 2239 3332 me
2269 3273 2628 3348 dereliquisti
2658 3274 2828 3348 (Psal.
2877 3273 3104 3331 xxvm?
3135 3296 3164 3324 ››
3214 3273 3425 3330 affectu
3461 3271 3799 3330 humanita-

2145 3366 2222 3424 tis
2249 3365 2498 3438 loquens
2529 3381 2544 3420 :
2577 3368 2775 3421 tamen
2813 3382 2929 3421 non
2961 3363 3272 3436 dereliquit
3300 3361 3491 3419 illum.

2222 3476 2246 3506 ι
2277 3455 2349 3510 Et
2368 3452 2516 3510 dixit
2534 3453 2678 3509 mihi
2707 3475 2736 3506 »
2761 3453 2917 3510 Deus
2943 3453 3110 3510 Pater
3141 3469 3154 3508 :
3180 3475 3207 3502 «
3233 3451 3444 3508 Parum
3465 3455 3580 3518 est,
3607 3472 3636 3500 ιι
3661 3449 3798 3507 sub-

2147 3543 2318 3601 audis
2349 3541 2480 3612 tibi,
2509 3564 2538 3593 «
2564 3546 2628 3598 ut
2651 3541 2735 3598 sis
2747 3541 3191 3598 mihiservusad
3204 3539 3582 3598 suscitandas
3603 3539 3794 3595 tribus

2145 3633 2346 3701 Jacob,
2375 3636 2433 3688 et
2463 3632 2616 3688 feces
2646 3631 2822 3688 Israel
2844 3630 3286 3688 convertendas.
3313 3653 3341 3678 ››
3359 3629 3467 3685 Pro
3479 3627 3722 3686 miseria
3737 3633 3796 3685 et

2147 3721 2517 3794 despectione
2528 3719 2899 3794 appellantur
2918 3721 3090 3788 feces,
3115 3724 3174 3775 ct
3193 3723 3285 3776 est
3302 3735 3551 3775 sensus:
3587 3718 3792 3774 Parum

2146 3815 2236 3866 est
2266 3809 2370 3866 tibi
2405 3813 2470 3864 ut
2498 3825 2602 3882 pro
2625 3825 2744 3864 una
2763 3812 2936 3882 gente
2951 3807 3320 3864 solummodo
3343 3805 3522 3863 Israel
3549 3809 3793 3862 mortem

2147 3899 2462 3965 sustineas,
2495 3898 2598 3954 sed
2630 3914 2734 3970 pro
2765 3897 3042 3954 omnibus
3071 3897 3366 3971 gentibus.
3399 3894 3541 3952 Tale
3571 3895 3714 3967 quid
3743 3896 3798 3948 et

2145 3989 2272 4062 ipse
2302 3987 2484 4044 Filius
2510 3986 2722 4042 oravit:
2746 3985 2955 4042 «Pater
2968 3985 3307 4059 (inquiens),
3322 3984 3370 4041 si
3391 3983 3674 4058 possibile
3689 3985 3794 4049 est,

2147 4080 2408 4134 transeat
2437 4093 2472 4132 a
2502 4092 2595 4132 me
2624 4074 2772 4131 calix
2802 4076 2914 4132 iste
2945 4075 3129 4148 (Matth
3157 4079 3333 4151 xxyr),
3366 4095 3394 4126 »
3439 4072 3727 4128 Videlicet
3749 4069 3796 4127 si

2147 4165 2424 4240 possibile
2453 4169 2562 4232 est,
2587 4167 2652 4219 ut
2689 4163 2816 4220 sine
2847 4163 3084 4220 interitu
3125 4163 3461 4220 Judaaorum
3484 4161 3653 4217 salus
3672 4177 3800 4234 gen-

2147 4257 2299 4312 tium
2329 4256 2452 4322 fiat,
2480 4257 2741 4309 transeat
2769 4270 2804 4308 a
2834 4269 2927 4308 me
2956 4252 3107 4308 calix
3153 4251 3469 4325 passionis.
3504 4273 3534 4301 «
3571 4250 3716 4306 Dedi
3745 4255 3794 4306 te

2148 4346 2208 4400 in
2239 4345 2430 4400 lucem
2461 4341 2748 4416 gentium,
2782 4363 2810 4392 »
2847 4341 3018 4411 idest,
3041 4345 3108 4398 ut
3126 4357 3333 4398 omnes
3350 4344 3557 4414 gentes
3587 4336 3798 4395 illumi-

2148 4451 2252 4491 nes
2279 4450 2408 4506 quae
2433 4433 2504 4488 ad
2538 4431 2714 4486 fidem
2745 4447 2936 4488 meam
2982 4431 3268 4487 venerint.
3321 4453 3350 4482 «
3400 4429 3471 4484 Et
3513 4428 3602 4485 sis
3640 4426 3793 4484 salus

469 4540 498 4568 «
531 4517 600 4572 Et
629 4515 774 4571 dixit
803 4513 948 4570 mihi
982 4531 994 4568 :
1019 4514 1231 4571 Servus
1263 4529 1430 4602 meus
1459 4530 1520 4569 es
1552 4517 1638 4582 tu,
1673 4513 1870 4582 Israel,
1903 4516 2042 4588 quia
2071 4537 2120 4602 Ι)
2151 4540 2283 4579 mea
2299 4537 2486 4594 usque
2506 4521 2578 4576 ad
2605 4524 2930 4576 extremum
2953 4525 3140 4586 terra,
3161 4518 3432 4586 nhocest,
3461 4520 3530 4573 ut
3545 4515 3790 4573 salutem

395 4606 457 4661 in
480 4611 533 4663 te
563 4603 875 4678 gloriabor.
904 4626 932 4653 »
951 4604 1166 4660 Servus
1194 4601 1522 4676 appellatur
1551 4602 1676 4674 ipse
1709 4603 1888 4660 Filius
1920 4605 2039 4673 Dei,

397 4713 464 4752 eo
496 4694 651 4766 quod
681 4693 740 4748 in
772 4693 1050 4748 omnibus
1089 4691 1374 4748 voluntati
1407 4691 1506 4747 Dei
1539 4691 1726 4747 Patris
1757 4694 2038 4765 paruerit.

399 4783 576 4840 Israel
603 4786 818 4847 autem,
838 4781 978 4852 quia
998 4797 1067 4836 ex
1099 4779 1274 4836 Israel
1306 4780 1592 4854 originem
1621 4781 1816 4838 carnis
1845 4782 2039 4838 traxit.

397 4873 469 4929 Et
500 4868 882 4936 benedicitur,
915 4867 975 4922 in
1006 4871 1061 4923 te
1109 4866 1404 4940 gloriabor
1435 4883 1448 4922 :
1483 4869 1622 4940 quia
1667 4869 1866 4924 omnia
1913 4887 2041 4942 quae

397 4963 523 5036 ipse
538 4959 718 5016 Filius
730 4961 1002 5030 operatus
1014 4957 1205 5023 est,ad
1220 4956 1454 5012 laudem
1469 4957 1654 5013 Patris
1670 4957 1790 5030 egit
1805 4959 2037 5015 dicens:

397 5075 427 5102 ‹‹
463 5051 628 5106 Pater
684 5049 743 5102 in
804 5064 896 5102 me
955 5062 1221 5112 manens,
1251 5045 1376 5118 ipse
1433 5045 1574 5100 facit
1630 5063 1806 5117 opera
1858 5049 2037 5118 (Joan.

396 5140 535 5212 XIV).
573 5162 599 5188 ι)

466 5229 538 5285 Et
566 5243 672 5300 ego
707 5225 846 5295 dixi,
871 5247 899 5276 ››
934 5223 1220 5282 subaudis
1249 5224 1322 5280 ad
1354 5223 1584 5280 Patrem
1611 5239 1622 5279 :
1651 5247 1678 5274 ‹‹
1705 5224 1768 5280 In
1787 5241 2040 5283 vacuum

397 5316 676 5385 laboravi,
705 5316 831 5372 sine
890 5331 1069 5370 causa
1114 5318 1172 5370 et
1201 5329 1345 5370 vane
1400 5313 1805 5370 fortitudinem
1846 5331 2039 5372 meam

399 5403 760 5478 consumpsi.
795 5403 987 5460 »Acsi
1043 5403 1260 5460 diceret
1316 5400 1448 5459 aliis
1504 5402 1740 5459 verbis:
1801 5403 2041 5463 Dicente

399 5493 546 5550 mihi
577 5495 742 5552 Patre
775 5494 890 5550 ista
914 5510 1042 5566 quae
1069 5491 1262 5560 retuli,
1295 5507 1402 5565 ego
1451 5492 1723 5564 respondi
1753 5493 1804 5548 ei
1839 5511 1852 5549 :
1887 5497 2038 5561 Quo-

401 5581 576 5642 modo
603 5585 660 5640 te
689 5580 1026 5658 glorificavi,
1060 5580 1272 5640 Pater?
1300 5580 1364 5638 In
1411 5597 1630 5640 vanum
1673 5580 1950 5656 laboravi,
1982 5587 2041 5643 et

2151 4630 2253 4687 per
2281 4627 2459 4684 quam
2489 4608 2908 4666 salvandisunt
2935 4607 3134 4681 populi
3148 4605 3787 4680 perapostolosannun-

2150 4701 2280 4757 ties.
2315 4699 2486 4756 Salus
2517 4697 2619 4754 Dei
2651 4697 2839 4753 Patr-is
2862 4697 3079 4752 dicitur
3101 4695 3302 4764 Filius,
3324 4695 3467 4768 quia
3496 4711 3603 4767 per
3631 4693 3788 4748 illum

2150 4787 2400 4846 decrevit
2429 4787 2653 4843 salvare
2682 4803 2870 4860 genus
2899 4785 3248 4842 humanum.

2221 4902 2249 4929 ‹‹
2285 4878 2414 4933 Haec
2445 4875 2589 4932 dicit
2609 4875 2895 4931 Dominus
2917 4875 3251 4947 redemptor
3270 4871 3471 4942 Israel,
3501 4896 3528 4922 ››
3551 4872 3612 4928 id
3631 4874 3717 4928 est
3733 4869 3793 4924 fi-

2151 4966 2368 5023 delium
2400 4970 2458 5021 et
2481 4965 2538 5019 in
2561 4981 2623 5021 se
2641 4965 3026 5020 credentium.
3055 4986 3081 5014 ‹‹
3104 4963 3355 5019 Sanctus
3375 4962 3528 5034 ejus,
3555 4984 3584 5011 »
3609 4959 3666 5016 id
3686 4961 3792 5022 est,

2150 5054 2349 5128 populi
2381 5053 2578 5120 Israel,
2617 5075 2644 5104 «
2677 5053 2748 5108 ad
2769 5053 3268 5124 contemptibilem
3291 5050 3574 5118 animam,
3610 5049 3680 5104 ad
3703 5046 3800 5102 ab—

2149 5143 2468 5199 ominatam
2499 5145 2730 5220 gestem
2741 5141 2830 5209 ,ad
2845 5158 3076 5197 servum
3091 5137 3649 5197 dominorum.»Vox
3663 5137 3792 5192 Pro-

2151 5232 2336 5305 phetaa
2365 5231 2436 5288 ad
2472 5230 2684 5286 Filium
2713 5247 2783 5285 ex
2809 5247 3062 5302 persona
3091 5229 3302 5286 Patris.
3337 5227 3687 5300 Redemptor
3709 5227 3792 5278 ls-

2151 5320 2289 5388 rael,
2328 5319 2388 5376 id
2420 5324 2512 5376 est
2550 5317 2807 5376 virorum
2853 5318 3178 5396 videntium
3211 5318 3420 5386 Deum,
3450 5314 3667 5372 dicitur
3693 5310 3794 5368 Dei

2151 5409 2334 5466 Filius
2365 5425 2378 5464 :
2414 5407 2551 5480 quia
2579 5408 2704 5480 ipse
2725 5423 2832 5462 nos
2862 5407 3112 5464 redemit
3135 5422 3339 5462 cruore
3359 5398 3784 5478 sanguinissui.

2145 5498 2232 5554 Ad
2245 5495 2744 5570 contemptibilem
2757 5495 3017 5552 animam
3029 5495 3192 5564 dicit,
3205 5494 3264 5552 id
3277 5497 3386 5563 est,
3404 5493 3479 5550 ad
3501 5489 3786 5550 Christum

2148 5586 2249 5663 qui
2278 5589 2650 5661 contemptus
2681 5587 2772 5644 est
2799 5584 3064 5644 aJudaais
3076 5588 3133 5644 et
3161 5585 3474 5660 despectus
3495 5574 3788 5641 clamanti-
