4046 6188
231 336 351 403 965

1273 335 1681 403 COMMENT.
1729 338 1808 402 IN
1852 336 2152 404 ISAIAM.
2199 378 2276 387 —-
2319 342 2463 405 LIB.
2512 342 2624 405 II.~

3512 353 3632 422 966

231 474 382 528 bus:
411 495 441 523 «
465 471 751 546 Crucifige
780 489 915 529 cum
947 475 1123 543 (Joan.
1158 476 1297 544 xxx),
1326 496 1351 523 ››
1383 479 1441 529 et
1481 473 1620 530 talia
1662 475 1878 547 hujus-
1908 479 1962 544 Α
1992 476 2175 543 litate,
2208 481 2263 532 et
2291 478 2389 549 qui
2426 478 2482 532 in
2514 480 2771 535 tenebris
2800 484 2859 535 et
2888 481 2946 536 in
2979 483 3190 540 umbra
3220 487 3425 542 mortis
3464 473 3633 544 sede-

231 560 459 618 ccmodi
490 560 698 616 multa.
730 561 1142 617 Abominatam
1175 567 1407 636 gentem
1442 562 1696 634 appellat
1726 564 1882 619 (lhri-

232 655 391 706 stum
419 654 477 706 et
503 650 807 705 Nazarzeos
838 650 986 721 ejus,
1012 650 1111 723 qui
1143 651 1201 704 in
1234 655 1464 707 tantum
1497 655 1637 706 sunt
1665 651 1885 708 abomi-

233 739 460 795 nabiles
489 742 548 794 et
576 737 951 794 detestabiles
980 756 1046 794 ac
1069 740 1377 811 respuendi
1421 740 1575 811 apud
1623 740 1878 809 Judaeos,

231 833 299 883 ut
329 826 591 900 quotidie
622 831 712 881 ter
745 826 803 881 in
844 828 1156 899 synagogis
1204 845 1405 883 eorum
1458 828 1883 883 maledicantur

229 917 527 972 dicentes:
553 916 709 987 quod
731 920 966 986 propter
993 915 1124 971 illos
1156 917 1481 971 amiserunt
1506 934 1773 988 regnum,
1800 917 1880 972 lo-

229 1022 390 1073 cum,
420 1009 479 1060 et
505 1008 761 1076 gentem.
795 1004 1039 1058 Servum
1071 1004 1444 1060 dominorum
1472 1009 1641 1060 vocat
1691 1006 1881 1060 Domi-

232 1110 379 1148 num
408 1092 613 1148 Jesum
662 1090 984 1163 Christum,
1012 1092 1112 1165 qui
1163 1093 1332 1164 quasi
1378 1111 1579 1148 servus
1629 1112 1744 1149 non
1792 1098 1884 1149 est

231 1182 588 1253 dedignatus
622 1183 775 1236 stare
805 1185 940 1236 ante
967 1180 1237 1249 Pilatum,
1255 1183 1503 1248 Annam,
1521 1185 1579 1237 et
1597 1182 1881 1254 Caiphan,

231 1276 290 1326 et
318 1267 633 1340 dijudicari
663 1269 736 1324 ab
770 1268 886 1323 illis
917 1272 981 1323 ut
1010 1268 1157 1324 latro
1183 1275 1239 1325 et
1262 1269 1617 1337 malefactor,
1643 1288 1775 1325 cum
1798 1288 1884 1325 es-

231 1365 323 1415 set
352 1358 566 1413 unicus
597 1356 778 1412 Filius
810 1357 907 1412 Dei
943 1357 1150 1413 Patris.
1177 1381 1202 1407 ‹‹
1230 1359 1415 1431 Reges
1442 1359 1770 1414 videbunt»
1795 1377 1885 1414 ve-

232 1447 495 1503 nientem
526 1446 600 1502 ad
622 1445 916 1518 judicium
948 1446 1008 1501 in
1028 1446 1215 1519 gloria
1235 1464 1451 1519 magna
1466 1453 1522 1503 et
1539 1450 1880 1520 majestate;

232 1562 259 1587 ‹‹
294 1540 356 1592 et
383 1539 743 1608 consuagent
772 1536 1085 1608 principes,
1122 1558 1149 1586 »
1176 1537 1483 1605 subaudis,
1505 1538 1883 1593 ecclesiarum

233 1627 305 1681 de
337 1625 505 1682 soliis
547 1624 674 1680 suis
722 1625 795 1679 ad
843 1624 1251 1680 honorandum
1298 1630 1374 1694 te,
1408 1649 1435 1675 ‹‹
1470 1631 1527 1682 et
1557 1627 1883 1682 adorabunt

232 1716 339 1787 (te)
370 1718 605 1787 propter
634 1713 944 1769 Dominum
970 1737 997 1763 »
1025 1713 1274 1782 Patrem,
1300 1740 1327 1765 «
1355 1715 1494 1787 quia
1516 1715 1704 1770 ﬁdelis
1737 1720 1883 1781 est,»

231 1802 507 1860 videlicet
536 1802 677 1874 quia
704 1818 831 1874 quae
860 1802 964 1858 tibi
997 1804 1284 1875 promisit,
1312 1821 1484 1877 opere
1509 1803 1788 1876 implevit,
1813 1805 1885 1859 de

231 1892 659 1966 gloriﬁcatione
688 1894 791 1946 tua
818 1894 875 1946 et
913 1890 1101 1947 salute
1151 1892 1437 1964 gentium.
1473 1915 1501 1942 «
1531 1894 1601 1947 Et
1649 1895 1886 1965 propter

232 1984 512 2037 sanctum
556 1978 733 2034 Israel
784 1979 881 2051 qui
932 1978 1105 2053 elegit
1135 1985 1208 2034 te.
1247 2004 1274 2030 ››
1305 1980 1425 2035 Vox
1474 1981 1767 2053 prophetae
1811 1981 1883 2035 ad

236 2069 454 2125 Filium
486 2067 610 2124 Dei.
638 2068 823 2140 Reges
848 2068 1101 2139 appellat
1123 2072 1179 2123 et
1200 2068 1492 2141 principes
1514 2069 1808 2141 apostolos
1829 2072 1886 2123 et

234 2155 592 2231 apostolicos
640 2156 794 2211 viros
842 2172 1164 2228 omnesque
1214 2162 1463 2212 rectores
1511 2162 1569 2213 et
1617 2158 1884 2212 doctores

233 2250 458 2303 sancta:
485 2243 774 2311 Ecclesiae,
806 2244 908 2316 qui
936 2244 996 2299 in
1029 2244 1119 2300 die
1143 2245 1355 2316 judicii
1391 2246 1713 2317 judicaturi
1747 2250 1886 2302 sunt

233 2351 378 2391 cum
407 2333 656 2389 Domino
681 2332 881 2389 orbem
914 2332 974 2387 in
1006 2333 1300 2405 aequitate,
1334 2335 1486 2389 sicut
1532 2334 1645 2407 ipsi
1688 2334 1834 2389 dixit
1867 2351 1881 2388 :

236 2445 266 2474 ‹‹
297 2424 487 2477 Amen
517 2419 645 2477 dico
674 2419 860 2488 vobis,
893 2421 1033 2493 quia
1070 2421 1346 2478 sedebitis
1377 2427 1436 2478 et
1466 2440 1567 2479 vos
1605 2422 1884 2493 judican-

232 2518 325 2569 tes
356 2510 670 2567 duodecim
700 2510 890 2565 tribus
920 2509 1095 2565 Israel
1126 2511 1277 2578 (Luc.
1310 2510 1468 2582 xxu).
1504 2533 1532 2559 ››

309 2624 340 2651 ‹‹
376 2600 510 2656 Haec
524 2598 667 2655 dicit
686 2599 985 2665 Dominus,
1006 2599 1332 2654 iisubaudis
1354 2600 1507 2655 Deus
1529 2600 1695 2654 Pater
1710 2600 1780 2654 ad
1803 2599 1888 2654 Fi-

227 2690 409 2745 lium.
437 2711 465 2739 ‹‹
490 2688 553 2743 In
584 2691 842 2759 tempore
873 2687 1105 2759 placito,
1133 2710 1159 2736 ››
1184 2688 1240 2742 id
1265 2692 1355 2743 est
1381 2687 1439 2741 in
1473 2687 1565 2742 die
1595 2686 1886 2758 passionis

229 2783 291 2835 et
324 2776 836 2843 resurrectionis,«
859 2776 1123 2832 exaudivi
1146 2780 1200 2832 te
1221 2797 1248 2825 ››
1278 2775 1887 2831 resuscitandoamor-

228 2867 381 2934 tuis,
407 2889 435 2916 «
459 2864 521 2919 in
551 2863 645 2919 die
673 2863 903 2932 salutis,
938 2886 966 2914 ››
999 2864 1108 2919 hoc
1136 2868 1225 2919 est
1269 2864 1505 2936 quando
1554 2881 1657 2937 pro
1698 2864 1886 2920 salute

226 2953 477 3029 generis
506 2952 751 3008 humani
772 2952 1105 3025 passionem
1128 2951 1463 3008 sustinuisti
1486 2969 1500 3008 :
1521 2976 1547 3001 ‹‹
1574 2952 1886 3007 auxilialus

225 3060 374 3100 sum
407 3042 515 3097 tui.
540 3063 571 3090 ››
592 3042 848 3112 Tempus
878 3040 1156 3113 placitum
1178 3040 1321 3096 dicit
1340 3044 1574 3113 tempus
1595 3041 1887 3112 passionis

223 3127 807 3201 resurrectionisque
837 3128 1133 3201 cjus,quia
1160 3128 1719 3201 complacuitilli,ut
1738 3128 1796 3183 in
1819 3146 1885 3183 eo

1989 564 2130 619 bant
2161 570 2217 620 ct
2248 565 2436 621 lucem
2468 568 2619 633 (Luc.
2654 569 2714 639 1),
2739 568 2795 623 id
2824 572 2916 623 est
2945 569 3265 639 Christum,
3290 575 3485 632 videre
3518 594 3633 633 non

1988 657 2273 722 poterant,
2295 654 2393 725 qui
2419 658 2507 708 est
2526 654 2624 709 lux
2645 673 2779 711 vera
2800 675 2927 729 quae
2960 657 3254 715 illuminat
3286 664 3485 718 omnia
3506 682 3634 735 qua;

1989 739 2325 796 illuminant
2356 743 2614 813 (10mm);
2650 745 2797 799 dixit
2830 745 2953 816 ipse
2986 746 3165 802 Filius
3197 749 3294 803 Dei
3330 754 3391 803 ut
3425 751 3637 807 illumi-

1991 834 2288 894 narentur,
2321 832 2554 902 quando
2587 833 2731 887 dixit
2764 851 2777 887 :
2813 858 2837 883 α
2878 835 3281 892 Paenitentiam
3327 838 3500 909 agite,
3531 858 3632 912 ap-

1989 919 2405 990 propinquabit
2433 921 2589 975 enim
2625 939 2867 994 regnum
2902 924 3177 980 cmlorum
3230 926 3432 998 (Matth.
3468 934 3567 997 ιν).
3603 950 3631 979 ››

1991 1029 2018 1055 ‹‹
2050 1006 2236 1077 Super
2264 1008 2409 1074 vias,
2444 1032 2469 1055 ››
2503 1009 2611 1064 hoc
2642 1016 2731 1065 est
2758 1012 2814 1064 in
2845 1012 3112 1068 doctrina
3150 1010 3547 1086 apostolorum
3578 1021 3635 1073 et

1990 1094 2464 1166 prophetarum,«
2484 1103 2796 1168 pascentur
2820 1122 2847 1149 ››
2871 1100 2953 1154 illi
2977 1103 3074 1173 qui
3099 1103 3364 1160 exierunt
3382 1106 3454 1161 de
3482 1112 3637 1163 tene-

1992 1182 2113 1238 bris
2142 1182 2529 1253 inﬁdelitatis,
2564 1186 2823 1243 dicentes
2852 1206 2863 1243 :
2893 1178 3226 1248 «Dominus
3256 1195 3443 1265 pascit
3465 1212 3559 1251 me
3579 1200 3638 1252 et

1992 1269 2135 1324 nihil
2170 1272 2312 1325 mihi
2342 1272 2542 1339 deerit,
2578 1273 2635 1328 in
2666 1274 2787 1329 leco
2819 1293 3048 1347 pascuae
3081 1278 3159 1334 ibi
3188 1296 3281 1335 me
3328 1281 3635 1338 collocavit

1992 1359 2160 1429 (Pa-al.
2194 1363 2351 1427 xxn).
2389 1382 2414 1409 ››
2449 1384 2476 1409 ‹‹
2510 1363 2581 1416 Et
2613 1363 2670 1416 in
2717 1364 2992 1419 omnibus
3044 1366 3259 1438 planis,
3291 1389 3319 1417 »
3354 1370 3638 1427 subaudis

1992 1446 2217 1501 semitis
2249 1448 2709 1521 Scripturarum,
2734 1453 3014 1524 expositis
3046 1458 3104 1509 et
3125 1455 3434 1511 elucidatis
3456 1475 3490 1512 a
3511 1475 3642 1513 san-

1992 1535 2100 1589 ctis
2131 1537 2491 1604 doctoribus,
2522 1539 2634 1594 erit
2667 1563 2694 1589 «
2729 1557 2951 1612 pascua
2979 1559 3204 1599 eorum.
3244 1566 3266 1595 ι

2067 1647 2095 1674 ‹‹
2126 1626 2249 1680 Non
2272 1626 2532 1681 esurient
2554 1648 2581 1676 ››
2606 1629 2783 1709 verba
2804 1629 2902 1683 Dei
2933 1652 2953 1679 α
2982 1648 3170 1702 neque
3193 1633 3395 1688 sitient
3416 1657 3443 1683 ››
3468 1634 3642 1706 positi

1993 1712 2053 1767 in
2078 1712 2220 1785 ipsis
2243 1713 2636 1771 doctrinis.De
2657 1716 2765 1773 hac
2796 1717 2988 1772 esurie
3020 1723 3076 1773 et
3105 1719 3201 1775 siti
3231 1721 3517 1777 Dominus
3539 1740 3644 1795 per

1994 1801 2309 1873 prophetas
2336 1802 2598 1875 loquitur
2630 1820 2643 1858 :
2670 1828 2697 1854 «
2723 1805 2952 1860 Mittam
2984 1806 3199 1862 famem
3230 1808 3291 1863 in
3324 1813 3496 1878 terra,
3521 1827 3638 1866 non

1994 1890 2205 1944 famem
2239 1890 2408 1962 panis
2441 1909 2629 1963 neque
2659 1892 2818 1947 sitim
2850 1909 3035 1964 aquae,
3070 1896 3171 1950 sed
3204 1897 3481 1952 audiendi
3512 1915 3639 1954 ver-

1994 1979 2135 2033 bum
2167 1979 2267 2033 Dei
2296 1979 2496 2048 (Amos.
2524 1984 2670 2049 vm).
2696 2004 2723 2030 «
2751 1982 2929 2037 Sacra
2959 1984 3261 2056 Scriptura
3294 1985 3352 2041 in
3385 1987 3638 2058 quibus-

1994 2067 2127 2121 dam
2159 2067 2300 2122 locis
2331 2072 2420 2124 est
2448 2069 2636 2137 cibus,
2669 2069 2729 2124 in
2762 2062 3118 2141 quibusdam
3150 2077 3343 2144 potus.
3379 2073 3641 2130 Ubicun-

1994 2171 2106 2226 que
2137 2156 2293 2209 enim
2326 2174 2462 2211 cum
2494 2157 2839 2213 difﬁcultate
2870 2159 3147 2227 sumitur,
3183 2160 3351 2217 cibus
3382 2166 3505 2231 est;
3541 2163 3642 2219 ubi

1994 2249 2188 2298 autem
2218 2245 2385 2300 facile
2423 2245 2791 2317 intelligitur,
2826 2236 3156 2319 potus'est.
3186 2250 3309 2304 Non
3359 2252 3641 2318 esurient,

1994 2332 2203 2404 inquit,
2238 2350 2424 2404 neque
2455 2333 2655 2389 sitient
2683 2334 2884 2390 fideles
2916 2335 2973 2390 in
3008 2340 3213 2391 sancta
3232 2336 3490 2393 Ecclesia
3506 2356 3643 2394 con-

1994 2421 2207 2490 stituti,
2241 2421 2351 2476 hoc
2382 2426 2495 2489 est,
2521 2423 2775 2477 obscura
2819 2427 2876 2478 et
2926 2429 3127 2495 aperta
3172 2425 3458 2497 patebunt
3502 2426 3641 2482 illis.

1998 2531 2025 2559 «
2058 2510 2183 2565 Non
2216 2511 2502 2581 percutiet
2532 2528 2630 2566 eos
2660 2517 2837 2567 aestus
2870 2516 2926 2568 et
2955 2513 3065 2579 sol,
3099 2535 3128 2562 »
3159 2513 3219 2568 id
3259 2519 3368 2583 est,
3404 2517 3648 2573 adversa

1994 2596 2173 2668 hujus
2206 2597 2402 2652 saeculi
2435 2616 2547 2652 non
2570 2600 2866 2653 nocebunt
2885 2600 2991 2671 eis,
3019 2624 3045 2649 «
3072 2601 3211 2672 quia
3232 2603 3539 2658 miserator
3557 2621 3648 2660 eo-

1997 2702 2126 2739 rum
2152 2708 2180 2732 »
2204 2685 2470 2741 Christus
2494 2710 2520 2736 (ι
2546 2693 2703 2758 reget
2725 2704 2823 2742 eos
2850 2710 2876 2737 ››
2898 2689 2999 2759 qui
3030 2705 3129 2744 eos
3155 2690 3401 2744 redemit
3429 2693 3643 2762 pretio-

1995 2772 2230 2828 sissimo
2254 2774 2539 2846 sanguine
2562 2791 2668 2828 suo
2688 2796 2715 2825 «
2734 2781 2789 2829 et
2807 2776 2877 2829 ad
2898 2777 3084 2830 fontes
3107 2793 3394 2847 aquarum
3416 2778 3644 2849 potabit

1995 2877 2150 2925 eos,»
2172 2861 2437 2915 doctrina
2453 2861 2677 2916 Veteris
2694 2868 2751 2917 et
2766 2863 2905 2918 Novi
2926 2863 3385 2932 Testamenti,de
3403 2882 3520 2937 qua
3537 2864 3643 2920 ali-

1995 2950 2053 3005 bi
2076 2950 2293 3005 dicitur
2315 2967 2327 3005 :
2353 2974 2380 3000 ‹‹
2411 2951 2698 3006 llaurietis
2727 2968 2911 3024 aquas
2942 2953 2999 3007 in
3031 2953 3246 3025 gaudio
3276 2955 3348 3009 de
3379 2955 3641 3012 fontibus

1996 3040 2312 3094 Salvatoris
2333 3041 2486 3113 (Sup.
2510 3044 2631 3110 xu),
2660 3064 2687 3091 ››
2713 3041 2833 3097 sive
2863 3041 3113 3115 gratiam
3145 3042 3399 3115 Spiritus
3429 3045 3640 3101 sancti.

2070 3150 2097 3178 ‹‹
2121 3129 2187 3182 Et
2217 3145 2428 3199 ponam
2462 3146 2665 3185 omnes
2697 3134 2926 3185 montes
2959 3147 3120 3186 meos
3150 3131 3211 3186 in
3238 3130 3453 3199 viam,»
3474 3133 3533 3188 id
3555 3136 3646 3189 est

224 3218 557 3276 redimeret
585 3233 770 3291 genus
814 3217 1164 3272 humanum.
1197 3217 1506 3273 Exaudivit
1552 3234 1686 3272 eum
1738 3222 1886 3272 Deus
1917 3210 1959 3277 C
1999 3221 2133 3272 ante
2168 3216 2369 3272 faciem
2403 3218 2800 3289 apostolorum
2833 3236 3095 3274 meorum
3117 3225 3174 3275 et
3194 3221 3646 3292 praedicatorum

222 3306 675 3380 Pater,quando
706 3306 804 3362 ille
835 3306 1038 3374 oravit,
1070 3306 1303 3363 dicens:
1329 3305 1597 3362 Clariﬁca
1618 3306 1891 3373 me,Deus

221 3396 593 3468 Pater,apud
625 3395 1021 3467 temetipsum.
1049 3395 1120 3450 Et
1141 3394 1237 3450 ille
1267 3395 1605 3466 respondit:
1631 3417 1657 3444 «
1682 3395 1753 3450 Et
1773 3394 1890 3450 cla-

216 3483 548 3551 riﬁcavi,et
576 3484 792 3539 iterum
841 3482 1174 3539 clariﬁcabo
1204 3484 1381 3553 (Joan.
1414 3486 1536 3553 xu).
1572 3506 1600 3533 »
1633 3484 1891 3555 Tempus

218 3573 527 3649 placitum
557 3570 812 3644 appellat
841 3576 1077 3643 tempus
1108 3571 1400 3644 passionis
1431 3575 1488 3627 et
1517 3573 1890 3627 resurrectio-

217 3665 330 3721 nis
361 3662 518 3733 ejus.
542 3660 648 3716 Vel
678 3661 853 3716 etiam
882 3664 1119 3733 tempus
1150 3660 1430 3733 placitum
1462 3665 1653 3733 potest
1681 3661 1793 3715 dici
1818 3661 1891 3715 ab

214 3752 482 3809 exordio
513 3748 943 3822 praedicationis
972 3750 1318 3821 ejus,usque
1346 3750 1418 3805 ad
1450 3754 1775 3805 extremum
1799 3750 1894 3820 ju-

214 3840 379 3898 dicii
415 3839 593 3910 diem.
626 3838 706 3894 De
755 3855 870 3910 quo
916 3842 1176 3909 tempore
1220 3837 1533 3910 Apostolus
1582 3837 1889 3909 loquitur:

215 3955 246 3981 α
271 3908 881 3999 Ecce,i‘nquiens,tem
889 3944 1000 4000 pus
1016 3908 1528 3999 acceptabile,ecce
1544 3908 1673 3981 dies
1684 3925 1892 3981 salutis

213 4020 306 4091 (II
348 4020 385 4075 ζ
404 4033 487 4073 or.
519 4018 621 4085 νι).
662 4039 682 4063 n
718 4038 745 4065 «
779 4016 849 4071 Et
878 4015 1097 4071 servavi
1130 4019 1185 4070 te
1219 4038 1247 4065 ››
1281 4033 1315 4070 a
1346 4018 1531 4070 morte
1576 4015 1647 4069 ad
1687 4015 1888 4084 vitam,

210 4131 247 4159 ‹‹
289 4111 364 4164 et
395 4105 531 4161 dedi
560 4110 615 4161 te
646 4104 705 4159 in
742 4104 930 4160 fcedus
977 4104 1176 4177 populi
1212 4126 1239 4153 ››
1270 4104 1628 4160 Judzeorum.
1663 4104 1724 4158 In
1775 4103 1893 4160 illis

206 4194 473 4255 scilicet
504 4193 604 4266 qui
635 4193 868 4249 credere
896 4192 1205 4248 voluerunt
1234 4192 1293 4246 in
1325 4192 1561 4248 amicita
1598 4192 1891 4264 apostolo-

202 4301 400 4353 rum,
434 4283 652 4356 quibus
683 4282 808 4354 ipse
838 4282 985 4337 dixit
1012 4299 1023 4338 :
1051 4305 1078 4331 «
1102 4282 1236 4338 Jam
1268 4298 1382 4337 non
1413 4281 1603 4337 dicam
1634 4298 1735 4337 vos
1765 4299 1891 4337 ser-

195 4393 357 4443 vos,
393 4372 499 4428 sed
531 4371 751 4427 amicos
800 4387 961 4426 meos
1012 4371 1188 4444 (Joan.
1221 4370 1335 4443 xv).
1370 4392 1398 4419 »
1428 4370 1513 4425 Ad
1564 4371 1703 4442 quid
1754 4386 1891 4443 ergo

195 4460 522 4523 suscitavi
552 4460 650 4517 te?
680 4483 707 4511 ‹‹
743 4464 810 4515 ut
840 4459 1154 4516 sustitares
1180 4462 1419 4525 terram,
1456 4482 1483 4507 »
1518 4459 1574 4513 id
1606 4464 1695 4514 est
1725 4459 1889 4513 habi-

188 4558 458 4610 tatores
487 4554 652 4604 terrae
685 4549 754 4604 de
779 4546 1123 4603 infidelitate
1165 4548 1235 4602 ad
1281 4548 1478 4615 fidem,
1512 4554 1569 4602 et
1598 4549 1667 4603 de
1699 4564 1889 4603 errore

188 4637 583 4701 idololatria:
608 4638 680 4693 ad
712 4654 912 4693 verum
966 4635 1066 4691 Dei
1115 4634 1375 4703 cultum;
1410 4658 1438 4685 ‹‹
1473 4640 1530 4690 et
1559 4636 1888 4707 possideres

186 4739 426 4789 terras
457 4726 790 4782 hereditate
811 4725 1146 4797 dissipatas,
1170 4747 1197 4772 ››
1215 4742 1342 4796 qua:
1365 4723 1748 4780 habitatorem
1774 4744 1887 4781 non

182 4817 540 4879 habebant
567 4815 774 4883 Deum,
798 4815 858 4869 id
880 4819 968 4869 est
996 4812 1440 4869 multitudinem
1462 4813 1729 4884 gentium
1753 4831 1890 4885 prag-

183 4907 598 4968 destinatam
631 4904 701 4959 ad
735 4904 930 4959 vitam.
968 4903 1046 4957 De
1080 4920 1197 4974 qua
1246 4901 1581 4956 haereditate
1632 4902 1798 4958 Pater
1828 4904 1889 4957 in

179 4996 475 5076 psalmo
509 5011 523 5048 :
557 5017 584 5044 «
620 4992 873 5060 Postula,
902 4992 1111 5065 inquit,
1144 5009 1179 5047 a
1211 5007 1323 5060 me,
1348 4995 1404 5046 et
1434 4991 1583 5045 dabo
1616 4991 1717 5046 tibi
1751 5008 1889 5064 gen-

179 5097 300 5146 tes
345 5083 763 5140 haereditatem
791 5086 955 5137 tuam
982 5082 1150 5153 (Psal.
1184 5082 1267 5153 ιι).
1304 5102 1331 5128 ››

278 5200 319 5228 ‹‹
374 5172 453 5228 Ut
483 5171 707 5227 diceres
736 5171 830 5227 his
860 5171 961 5243 qui
992 5170 1168 5225 vincti
1220 5173 1378 5237 sunt,
1411 5170 1574 5225 Exite
1607 5192 1633 5219 »
1667 5171 1738 5225 de
1768 5170 1891 5225 vin-

172 5264 390 5327 culis
438 5265 833 5334 peccatorum,
869 5261 941 5315 de
990 5258 1206 5331 quibus
1258 5257 1531 5313 Salomon
1579 5258 1888 5329 loquitur:

168 5348 503 5413 Vinculis
522 5353 890 5421 peccatorum
913 5364 1156 5403 suorum
1176 5346 1583 5419 unusquisque
1604 5346 1888 5401 constrin-

162 5446 419 5521 gitur.
452 5461 480 5488 (ι
514 5439 586 5494 Et
614 5437 709 5494 his
739 5437 840 5509 qui
870 5436 930 5491 in
961 5435 1221 5492 tenebris
1252 5440 1577 5503 morantur,
1611 5456 1639 5485 »
1673 5435 1890 5491 subau-

162 5534 300 5594 dis
364 5527 602 5584 diceres
632 5549 660 5577 «
695 5524 1054 5594 revelamini,
1092 5548 1121 5575 »
1153 5525 1264 5581 hoc
1311 5528 1401 5581 est
1446 5522 1887 5580 illuminamini.

157 5623 313 5691 His
347 5616 469 5693 qui
499 5615 561 5675 in
588 5613 866 5687 tenebris,
900 5614 1118 5691 inquit,
1151 5618 1336 5686 erant,
1360 5613 1470 5672 hoc
1491 5616 1580 5672 est
1600 5612 1660 5669 in
1692 5613 1893 5671 inﬁde-

1921 4577 1966 4640 D

2001 3305 2200 3361 omnia
2221 3306 2641 3377 impedimenta
2663 3306 2842 3379 hujus
2859 3306 3055 3362 saeculi
3079 3308 3136 3363 in
3155 3307 3644 3381 tranquillitatem

2001 3398 2354 3450 convertam.
2381 3418 2407 3445 ‹‹
2434 3395 2503 3449 Et
2531 3395 2752 3450 semitae
2784 3412 2926 3450 mea:
2957 3395 3435 3466 exaltabuntur,»
3459 3398 3516 3454 id
3537 3404 3649 3467 est,

2002 3483 2084 3538 illi
2117 3484 2215 3555 qui
2250 3500 2441 3538 meam
2471 3483 2869 3539 humilitatem
2902 3483 3113 3540 imitati
3146 3486 3379 3552 fuerint,
3388 3488 3557 3557 juxta
3588 3487 3653 3541 il-

2002 3571 2103 3627 lud
2129 3589 2141 3627 :
2169 3572 2423 3627 «Omnis
2453 3572 2553 3643 qui
2583 3589 2646 3628 se
2679 3572 2973 3640 humiliat,
2998 3572 3348 3628 exaltabitur
3369 3574 3648 3643 (Luc.x1v,

2001 3662 2181 3733 xvm).
2205 3683 2233 3711 »
2261 3661 2485 3715 Montes
2515 3665 2795 3715 vocantur
2824 3660 3071 3731 apostoli
3102 3664 3159 3715 et
3187 3660 3488 3731 apostolici
3516 3660 3645 3730 viri,

2000 3750 2087 3804 vel
2120 3749 2257 3820 quia
2288 3749 2345 3803 in
2366 3748 2594 3803 Christo
2626 3752 2766 3802 sunt
2797 3746 3155 3818 fundati,qui
3175 3753 3264 3802 est
3285 3766 3454 3803 mons
3481 3765 3647 3803 mon-

2002 3838 2172 3904 tium,
2206 3836 2293 3891 vel
2326 3836 2466 3906 quia
2495 3836 2555 3890 in
2586 3835 2915 3906 exemplum
2948 3838 3087 3888 sunt
3138 3837 3379 3890 mundo.
3414 3837 3646 3891 Semita:

2002 3930 2199 3979 autem
2249 3923 2622 3995 appellantur
2669 3934 2891 3977 omnes'
2923 3922 3243 3989 credentes,
3279 3941 3382 3996 pro
3431 3923 3647 3980 Christi

2004 4013 2237 4069 nomine
2283 4029 2343 4067 se
2391 4010 2790 4065 humiliantes.
2824 4011 2930 4076 Qui
2982 4010 3101 4065 siut
3147 4011 3247 4066 isti
3292 4011 3506 4084 quibus
3555 4013 3648 4069 via

2002 4106 2381 4174 przeparatur,
2415 4099 2787 4154 manifestius
2819 4100 3181 4156 demonstrat
3219 4118 3353 4157 cum
3385 4101 3527 4158 dicit
3558 4119 3571 4159 :

2076 4212 2103 4241 ‹‹
2135 4190 2278 4245 Ecce
2306 4188 2403 4243 isti
2434 4211 2462 4240 »
2496 4188 2798 4244 credentes
2835 4211 2862 4237 «
2895 4190 2966 4245 de
3017 4189 3188 4262 longe
3236 4190 3489 4261 venient,
3526 4215 3554 4241 »
3586 4193 3647 4249 id

2000 4283 2107 4347 est,
2127 4279 2198 4332 de
2215 4276 2435 4333 oriente
2451 4277 2523 4331 ad
2543 4278 2719 4333 fidem
2737 4282 2795 4333 et
2813 4278 3099 4333 unitatem
3120 4285 3334 4335 sancta:
3356 4280 3648 4352 Ecclesiae,

2002 4385 2117 4422 non
2149 4366 2276 4422 loco
2326 4367 2427 4422 sed
2461 4366 2572 4421 ﬁde
2609 4383 2621 4421 :
2654 4390 2681 4417 «
2713 4372 2769 4422 et
2798 4383 2929 4423 ecce
2977 4367 3075 4422 alii
3110 4390 3136 4415 ››
3170 4367 3368 4423 fideles
3417 4370 3651 4426 venient

2000 4480 2027 4506 «
2065 4458 2136 4511 ab
2169 4455 2441 4527 aquilone
2468 4460 2524 4511 et
2554 4456 2723 4523 mari,
2758 4478 2785 4506 »
2819 4456 2875 4510 id
2909 4460 2997 4510 est
3026 4455 3342 4521 occidente,
3369 4460 3425 4509 et
3453 4455 3550 4510 isti
3578 4457 3649 4511 de

2001 4552 2155 4601 terra
2174 4544 2436 4599 australi.
2455 4544 2570 4599 Hoc
2592 4544 2921 4597 ostenditur
2943 4542 3259 4596 multitudo
3281 4543 3645 4599 credentium

1998 4653 2124 4707 quae
2147 4651 2181 4689 a
2210 4639 2459 4705 quatuor
2488 4630 2693 4686 mundi
2721 4629 2987 4701 partibus
3012 4629 3070 4683 in
3097 4630 3319 4684 unitate
3348 4630 3479 4685 fidei
3503 4648 3647 4686 con-

1991 4725 2202 4795 juncta
2231 4725 2341 4786 est,
2365 4721 2437 4774 de
2466 4719 2683 4789 quibus
2712 4722 2770 4772 et
2797 4718 3082 4773 Dominus
3103 4718 3282 4774 dicit:
3310 4742 3337 4768 ‹‹
3363 4719 3530 4774 Multi
3550 4736 3645 4775 ve-

1999 4812 2161 4866 nient
2190 4810 2261 4865 ab
2305 4808 2527 4863 oriente
2576 4810 2633 4861 et
2679 4806 2998 4875 occidente,
3034 4812 3092 4863 et
3121 4808 3464 4864 recumbent
3511 4826 3645 4865 cum

1997 4898 2312 4961 Abraham,
2348 4897 2528 4964 Isaac,
2552 4901 2610 4951 et
2636 4896 2837 4965 Jacob,
2857 4897 2915 4951 in
2940 4914 3117 4971 regno
3138 4898 3417 4953 caelorum
3440 4899 3643 4970 (Matth.

2001 4991 2140 5056 vm).
2165 5011 2192 5037 »
2218 4987 2343 5041 Non
2366 4989 2561 5041 autem
2586 4986 3216 5059 intelligendum,quod
3241 4987 3499 5042 localiter
3517 5004 3649 5043 con-

2001 5080 2315 5150 gregentur
2340 5076 2398 5130 in
2435 5076 2749 5145 unum,sed
2784 5077 3094 5150 ﬁde.Licet
3121 5078 3180 5130 in
3213 5093 3425 5148 corpus
3449 5076 3645 5147 sejun-

2000 5172 2235 5239 gantur,
2252 5165 2492 5221 minime
2509 5170 2758 5237 possunt
2775 5165 3032 5237 separari
3050 5170 3419 5237 mente,quos
3431 5164 3648 5221 Christi

2002 5256 2181 5312 nectit
2211 5254 2487 5310 inviolata
2518 5254 2793 5309 charitas.

2072 5369 2098 5395 ‹‹
2135 5344 2410 5410 Laudate,
2444 5342 2593 5408 coeli,
2620 5364 2647 5390 »
2674 5341 2781 5397 hoc
2810 5345 2898 5397 est
2927 5342 3118 5415 angeli
3150 5344 3250 5416 qui
3281 5342 3562 5400 habitatis
3585 5344 3643 5399 in

2000 5434 2165 5505 coelo,
2199 5456 2226 5483 ‹‹
2258 5437 2316 5488 et
2363 5430 2610 5502 exsulta,
2643 5435 2872 5498 terra,»
2905 5431 3181 5504 angelicae
3227 5432 3473 5489 virtutes
3517 5450 3645 5507 qua:

1999 5528 2164 5580 terrae
2190 5519 2474 5594 praeestis,
2502 5518 2592 5575 vel
2636 5518 2905 5576 homines
2945 5521 3095 5591 justi
3146 5522 3249 5595 qui
3300 5522 3646 5581 inhabitatis

1998 5628 2148 5684 eam,
2179 5625 2283 5687 pro
2316 5608 2504 5667 salute
2529 5608 2760 5687 generis
2780 5608 3027 5668 humani
3044 5612 3313 5689 gaudete.
3339 5635 3367 5666 «
3389 5610 3646 5674 Jubilate
