2023 3094
129 205 184 234 U73

129 270 203 307 plius
216 278 222 297 :
236 270 313 306 quod
337 270 466 306 spatium
482 271 676 299 crassitudine
699 271 774 299 aeris
794 270 952 307 aliquando
966 272 992 305 Α

129 314 210 341 nobis
226 314 413 349 splendorom
429 314 499 342 solis
515 315 668 343 abstrahit.
683 315 743 342 Non
761 315 865 342 cmlum
882 323 950 350 ergo

127 367 208 386 sacco
225 358 398 392 obvolvitur,
411 359 461 386 sed
481 359 629 387 interdum
646 359 706 387 sole
728 360 757 386 in
774 359 870 387 medio
886 359 950 387 caeli

125 403 230 439 posito,
247 411 296 430 aer
316 403 400 431 nobis
416 403 599 431 obscuratur.
616 403 776 440 Allegorice
791 406 888 431 autem
904 404 951 431 hic

126 450 168 475 est
183 456 308 475 sensus:
322 448 444 475 Induam
462 447 548 475 cmlos
572 448 709 482 tenebris,
724 448 752 475 id
778 450 822 475 est
847 448 950 475 faciam

127 494 157 519 ut
179 492 273 519 sancti
298 494 509 528 recognoscant
524 501 554 520 se
570 501 634 520 esse
660 495 825 528 peccatores
845 501 851 519 :
869 493 953 527 juxta

127 536 208 568 illud,
224 537 329 564 Justus
349 537 377 563 in
405 536 548 572 principio
564 539 719 564 accusutor
734 540 779 564 est
794 537 839 564 sui
860 537 950 573 (Prov.

126 582 215 614 xvm).
234 581 277 614 Et,
290 593 303 605 ‹‹
323 581 352 608 Si
379 581 540 609 dixerimus
556 581 624 617 quia
641 584 792 617 peccatum
817 590 875 608 non
900 581 952 608 ha-

126 625 239 660 bemus,
257 625 413 653 mendaces
434 625 545 653 erimus
562 626 585 661 (1
597 626 675 653 Joan.
693 626 723 662 1).
736 638 750 650 ››
765 626 799 653 Et
821 634 950 659 saccum,

126 670 152 697 id
178 672 224 697 est
248 669 505 706 cilicium,ponam
536 670 750 706 operimentum
779 679 891 704 eorum,
910 672 950 703 ut,

127 714 328 749 pceniteutiam
343 716 472 750 agentes,
489 714 587 742 dicant
601 723 668 742 cum
685 714 841 742 Psalmista
853 723 877 742 τα
893 715 951 750 Ego

126 761 235 792 autem,
247 759 317 786 dum
333 758 407 786 mihi
422 758 537 786 molesti
557 761 665 793 essent,
680 759 838 786 induebam
855 767 900 786 me
915 758 952 786 ci-

126 802 192 830 licio
208 803 293 838 (Psal.
310 803 416 839 xxxxv).
431 814 441 827 ι

159 859 173 871 ‹‹
199 847 342 875 Dominus
367 847 447 874 dedit
471 847 543 874 mihi
567 848 699 884 linguam
725 848 880 881 eruditam,
895 858 905 873 1
922 848 951 875 id

124 894 167 919 est
183 891 310 925 doctam,
322 903 336 916 ‹‹
351 893 384 919 ut
400 891 491 919 sciam
512 894 678 920 sustentare
694 901 772 925 eum,
785 892 834 928 qui
850 892 952 928 lapsus

124 938 176 969 est,
200 936 296 963 verbo.
310 948 324 960 υ
334 935 447 963 Hebraei
472 936 576 964 nolunt
599 936 653 964 hoc
679 937 785 964 referre
811 937 846 964 ad
870 936 951 964 Chri-

123 983 213 1012 stum,
230 980 280 1008 sed
297 980 395 1016 potius
410 981 446 1008 ad
463 980 580 1015 Isaiam,
597 981 644 1009 cui
661 981 804 1009 Dominus
819 981 950 1017 linguam

123 1024 269 1052 eruditam
286 1025 366 1052 dedit
382 1027 414 1052 ut
429 1027 608 1053 sustentaret
627 1026 769 1062 populum
783 1026 950 1060 Judaicum,

122 1072 149 1097 et
158 1069 211 1105 qui
222 1069 314 1097 multa
322 1070 479 1105 opprobria.
490 1070 525 1097 ab
537 1070 578 1097 eis
590 1069 741 1103 sustinuit,
752 1070 782 1097 in
794 1072 908 1098 tantum
919 1071 952 1097 ut

122 1122 205 1141 serra
220 1112 316 1149 lignea
331 1116 489 1141 secaretur.
502 1114 557 1141 Sed
570 1114 674 1142 melius
686 1117 729 1141 est
744 1116 776 1141 ut
790 1114 951 1142 referamus

122 1158 198 1185 illud
213 1158 249 1185 ad
265 1158 423 1185 Dominum
446 1158 548 1186 Jesum
567 1157 727 1192 Christum,
741 1158 788 1194 qui
806 1158 950 1186 eruditam

121 1202 256 1238 linguam
276 1201 378 1229 habuit
394 1202 429 1229 ad
445 1203 657 1230 consolandum
680 1204 836 1230 mcerentes
856 1204 884 1230 et
905 1211 952 1230 re-

120 1247 288 1274 vocandum
303 1247 339 1274 ad
355 1246 556 1282 penitentiam
582 1249 758 1282 peccatores,
774 1250 803 1275 et
825 1247 875 1283 qui
900 1256 952 1283 pro

120 1291 217 1319 salute
227 1291 341 1327 generis
353 1291 475 1319 humani
487 1291 548 1319 haec
560 1291 620 1327 pati
632 1291 733 1319 voluit.
748 1292 890 1319 Dominus
901 1291 953 1327 (in-

119 1336 209 1372 quit),
217 1336 245 1363 id
257 1338 300 1363 est
309 1336 386 1363 Deus
398 1336 482 1363 Pater
491 1336 572 1363 dedit
581 1336 653 1363 mihi
664 1335 795 1372 linguam
808 1336 952 1363 eruditam

118 1381 147 1408 in
163 1380 231 1417 lege
241 1381 379 1416 omnique
394 1380 548 1416 sapientia,
562 1382 594 1407 ut
605 1380 696 1408 sciam
709 1383 874 1408 sustentare
885 1389 951 1407 cum

118 1425 212 1453 verbo
223 1424 274 1461 qui
289 1424 391 1460 lapsus
402 1427 456 1458 est,
468 1425 610 1452 subaudis
626 1425 656 1452 in
672 1427 826 1460 peccatum
836 1427 864 1452 et
880 1433 954 1452 mor-

116 1472 193 1504 tem,
212 1478 305 1506 genus
319 1469 454 1497 videlicet
469 1469 644 1497 humanum.
658 1470 719 1502 Quo
733 1469 820 1497 verbo
837 1469 907 1496 dicit
923 1477 953 1497 se

112 1516 289 1542 sustentare
309 1522 403 1550 genus
423 1513 608 1541 humanum?
623 1514 717 1542 Verbo
737 1513 954 1550 prmdicationis

111 1562 140 1586 et
159 1558 343 1594 pwnitentiaz
358 1558 490 1586 dicendo.
503 1569 516 1583 ι(
529 1558 732 1585 Paenitentiam
749 1559 835 1594 agile,
850 1566 954 1594 appro-

111 1603 276 1639 pinquavit
296 1602 375 1631 enim
398 1611 521 1639 regnum
544 1603 683 1630 caelorum
699 1602 801 1637 (Matth.
814 1611 874 1630 ιν.»
896 1602 952 1629 Et:

149 1648 259 1675 Venite
269 1648 305 1675 ad
318 1656 373 1683 me,
385 1656 487 1675 omnes
498 1647 549 1683 qui
561 1647 700 1675 laboratis
710 1649 738 1674 et
750 1646 860 1674 onerati
872 1646 952 1680 estis,
969 1640 990 1673 C

115 1695 143 1720 et
159 1701 218 1728 ego
233 1701 284 1720 vos
304 1692 432 1720 reficiam
445 1692 548 1728 (Matth.
560 1692 611 1727 x1).
627 1703 640 1716 ››
652 1692 732 1725 Quod
758 1692 838 1725 dicit,
855 1691 953 1719 Domi-

114 1746 175 1765 nus
191 1737 275 1764 dedit
290 1736 362 1764 mihi
378 1736 509 1773 linguam
521 1736 677 1769 eruditam,
691 1745 744 1763 vox
760 1735 954 1763 humanitatis

117 1784 165 1809 est
178 1790 185 1810 :
201 1781 364 1809 secundum
380 1790 468 1817 quam
480 1783 508 1809 et
519 1783 585 1817 post
597 1781 764 1817 passionem
781 1789 813 1808 ac
829 1789 955 1808 resurre-

117 1827 255 1854 ctionem
284 1826 365 1859 dixit,
388 1838 401 1851 (ι
426 1826 500 1853 Data
527 1828 572 1854 est
600 1825 671 1853 mihi
701 1828 830 1862 potestas
859 1825 955 1853 omnis

115 1871 228 1905 (Matth.
240 1872 371 1905 xxvni).»
383 1871 530 1903 Quantum
546 1870 624 1898 enim
640 1871 675 1898 ad
692 1870 874 1898 divinitatem
891 1878 954 1906 pcr-

114 1915 210 1949 tinet,
222 1915 323 1943 omnia
337 1915 467 1950 possidet
487 1914 663 1942 aaternaliter
684 1923 751 1942 curn
771 1915 880 1942 Patren
895 1913 955 1941 Eri-

114 1960 195 1996 git,»
209 1959 238 1986 id
256 1962 300 1987 est
310 1959 413 1993 elevat,
430 1970 442 1985 υ
454 1967 550 1993 mane,
563 1970 577 1984 ι)
589 1959 644 1987 hoc
655 1962 700 1986 est
711 1960 746 1986 ab
758 1958 873 1987 exordio
885 1966 955 1985 meae

114 2003 300 2036 nativitatis,
312 2003 356 2031 vel
372 2003 600 2040 pradicationis.

153 2061 170 2074 ‹‹
191 2048 279 2076 Mane
294 2048 380 2084 erigit
402 2048 475 2076 mihi
496 2057 636 2083 aurem,»
654 2048 682 2075 id
708 2049 752 2075 est
776 2047 955 2075 intellectum

111 2093 246 2125 mentis,
258 2104 272 2118 ‹‹
286 2095 318 2120 ut
333 2093 478 2121 audiam»
491 2092 576 2121 illum
588 2104 601 2117 ‹‹
615 2092 701 2128 quasi
715 2092 890 2129 magistrum
904 2103 918 2116 »
929 2093 958 2119 et

112 2147 153 2166 ne
171 2137 237 2166 alia
252 2137 356 2173 loquor
367 2137 423 2165 nisi
436 2145 500 2173 qua
512 2137 548 2164 ab
562 2137 613 2165 illo
628 2137 758 2165 audiero.
771 2137 811 2164 De
822 2136 876 2163 hoc
887 2135 958 2163 dicit

110 2183 184 2219 ipse
210 2182 241 2209 in
262 2182 417 2218 Evangelio
436 2182 559 2210 Joannis
573 2190 596 2209 τι
610 2182 697 2217 Egon
709 2182 820 2217 meipso
841 2189 898 2208 non
915 2180 956 2207 lo-

111 2236 202 2264 quor
214 2227 302 2263 (lacn.
313 2229 400 2261 x1v).»
409 2226 552 2262 Loquitur
563 2226 705 2254 Dominus
717 2234 796 2253 more
808 2224 955 2261 discipuli,

111 2272 171 2308 qui
192 2271 342 2299 matutino
358 2273 489 2307 tempore
505 2279 522 2298 a
535 2271 676 2307 magistro
693 2271 823 2297 docetur.

152 2328 168 2342 ‹‹
186 2315 336 2344 Dominus
348 2316 424 2344 Deus
440 2315 555 2352 aperuit
570 2314 643 2343 mihi
659 2323 769 2348 aurem,
784 2326 797 2338 η
810 2314 837 2341 id
854 2316 897 2341 est
913 2313 956 2341 in-
974 2328 996 2359 Ι)

109 2360 334 2397 telligentiam.
347 2372 360 2385 ‹‹
378 2361 437 2396 Ego
453 2362 552 2387 autem
574 2368 631 2387 non
648 2359 825 2394 contradico,
840 2370 853 2383 υ
870 2358 898 2385 id
915 2360 959 2385 est

107 2408 231 2433 contra
247 2405 426 2432 voluntatem
442 2404 521 2432 illius
538 2413 594 2431 non
611 2412 675 2440 ago.
689 2416 701 2427 ‹‹
714 2404 882 2430 Retrorsum
900 2411 957 2430 non

107 2450 180 2484 abi,
198 2461 214 2474 η
225 2450 281 2477 hoc
296 2452 339 2477 est
361 2458 378 2477 a
395 2449 545 2476 voluntate
570 2448 648 2476 illius
674 2457 730 2475 non
757 2448 873 2482 recessi,
890 2447 959 2483 quia

106 2504 187 2532 quae
210 2494 318 2530 placita
332 2495 402 2521 sunt
416 2494 441 2521 ei
457 2493 531 2521 facio
547 2501 673 2529 semper.
868 2513 872 2515 .

153 2551 170 2564 α
192 2538 309 2574 Corpus
324 2547 422 2566 meum
439 2538 506 2565 dedi
522 2537 763 2574 percutientibus,
778 2549 791 2561 ››
807 2537 916 2564 Judmis
931 2539 960 2564 ct

105 2583 276 2612 militibus
285 2582 435 2616 Romanis,
444 2591 496 2618 pro
509 2581 603 2610 salute
614 2582 728 2618 generis
739 2581 859 2609 humani
870 2582 958 2616 (Joun.

103 2629 200 2664 vnn),
218 2639 231 2651 ‹‹
248 2630 277 2654 et
292 2619 382 2664 genas
398 2636 479 2655 meas
493 2626 700 2655 vellentibus.»
714 2627 798 2654 Genze
814 2629 883 2653 sunt
898 2626 960 2654 loca

103 2673 168 2703 ubi
192 2672 327 2708 primum
344 2672 436 2700 barba
451 2672 602 2700 nascitur:
616 2674 684 2699 tunc
696 2671 775 2698 dedit
790 2679 880 2707 genas
892 2680 961 2698 suas

102 2719 182 2746 sive
211 2716 335 2744 barbam
357 2717 393 2744 ad
412 2716 590 2750 vellendum,
603 2716 719 2751 quando
736 2715 903 2743 velaverunt
923 2716 962 2743 ia-

99 2763 202 2792 ciem
218 2761 328 2796 ejus,et
339 2761 450 2789 dabant
461 2760 486 2789 ei
498 2760 666 2796 alapas,illo
678 2768 734 2787 non
747 2761 960 2787 contemnente.

104 2821 118 2835 σ
136 2805 286 2840 Faciem,
300 2817 313 2830 κ
326 2806 356 2834 id
380 2808 425 2834 est
440 2805 643 2842 pwnitentiam
670 2804 832 2838 meam,vel
859 2804 962 2832 faciem

95 2850 263 2890 corporis
278 2862 289 2877 ι
308 2859 366 2881 non
383 2850 472 2880 averti
485 2862 499 2876 »
511 2850 571 2880 sive
597 2859 653 2879 non
680 2849 823 2878 declinavi
839 2861 853 2876 «
871 2850 907 2878 ab
922 2849 964 2878 in-

655 206 859 236 COMMENT.
884 205 922 235 IN
945 205 1092 236 lSAlAM.
1111 224 1148 228 -—-
1165 208 1237 237 LIB.
1262 208 1299 238 Il.

1772 213 1830 241 974

1009 273 1196 307 crepantibus
1212 276 1240 301 et
1255 275 1495 311 consqucntibus.
1512 287 1521 300 ν
1536 275 1600 303 Πωο
1612 277 1711 305 omnia
1727 276 1757 304 in
1770 286 1835 313 pas-

1008 316 1088 343 sione
1106 317 1185 345 illius
1202 318 1326 354 legimus
1342 319 1510 355 adimpletu.

1043 373 1055 385 ιι
1072 361 1215 390 Dominus
1231 363 1318 399 Deus,
1333 376 1346 388 υ
1359 365 1500 392 subaudis
1520 365 1612 398 Pater,
1628 377 1637 389 ι
1653 365 1807 393 auxiliator
1818 376 1832 390 ››

1008 413 1089 432 meus
1110 407 1330 441 subaudis,fuit
1346 408 1375 436 in
1403 411 1549 444 passione,
1563 421 1576 434 ι(
1594 409 1658 437 ideo
1684 418 1741 437 non
1765 418 1831 437 sum

1007 450 1176 484 confusus,»
1189 451 1251 479 ideo
1268 461 1325 480 non
1342 453 1456 486 erubui,
1475 462 1567 489 neque
1583 454 1711 481 sustinui
1728 462 1832 490 oppro-

1008 493 1115 521 brium.
1128 495 1211 522 Tunc
1227 497 1386 524 sustineret
1401 498 1613 532 confusionem,
1626 499 1650 525 si
1676 499 1763 526 tertia
1785 498 1833 526 die

1007 546 1065 564 non
1096 539 1403 574 resurrexissct.ldeo,
1421 542 1491 576 quia
1518 542 1581 578 ipse
1607 544 1652 570 est
1679 542 1833 570 auxiliator

1008 590 1118 616 meus,u
1130 584 1213 618 posui
1225 584 1329 611 faciem
1340 593 1434 612 meam
1447 588 1478 613 ut
1490 588 1601 621 petram
1612 586 1830 619 durissimamn

1007 627 1040 652 ut
1055 634 1071 653 a
1087 627 1222 662 passione
1239 636 1295 655 non
1308 637 1354 656 me
1366 631 1535 656 avertcrcm.
1550 642 1563 654 ι(
1574 630 1609 657 Et
1623 630 1682 658 scio
1694 630 1831 666 quoniam

1007 679 1063 697 non
1081 671 1255 704 confundar,
1268 684 1281 696 ›ι
1295 673 1323 700 id
1340 676 1384 700 est
1399 682 1456 701 non
1473 673 1583 709 peribo.

1043 725 1057 739 ‹‹
1072 715 1168 749 Juxta,
1185 727 1195 740 ι
1214 716 1243 743 id
1269 719 1313 744 est
1341 726 1430 753 prope
1461 720 1505 746 est
1518 729 1531 743 α
1543 718 1620 746 Deus
1634 729 1647 743 ››
1660 719 1743 746 Pater
1753 730 1767 743 ι(
1783 719 1833 755 qui

1001 758 1148 794 justificat
1159 768 1234 787 me.»
1245 762 1508 797 Tuncjustificavit
1516 762 1735 798 illum,quando
1746 763 1832 791 dixit:

1006 802 1057 829 Hic
1068 805 1112 830 est
1124 804 1215 832 Filius
1226 814 1309 833 meus
1319 805 1454 840 dilectus,
1465 806 1495 834 in
1507 815 1564 842 quo
1573 806 1645 834 mihi
1657 806 1832 843 complacui.

1006 848 1041 874 Et
1055 849 1172 883 quando
1188 849 1271 877 illum
1287 850 1372 877 tertia
1387 851 1433 878 die
1449 850 1600 878 suscitavit
1613 859 1619 878 :
1632 851 1702 884 Quis
1718 854 1833 879 contra-

1006 892 1077 919 dicit
1094 892 1186 920 mihi?
1202 894 1232 921 Id
1248 896 1301 927 est,
1319 894 1384 930 quis
1400 897 1495 931 potest
1511 895 1607 922 dicere
1627 904 1673 923 me
1691 904 1749 923 non
1769 903 1834 923 esse

1003 937 1164 972 justuni?«
1182 938 1299 966 Stemus
1315 939 1414 973 simul,
1430 951 1440 964 -
1459 939 1601 967 subaudis
1623 940 1659 967 ad
1672 939 1831 975 judicium.

1006 992 1019 1006 ι(
1032 981 1101 1013 Quis
1118 984 1162 1009 est
1178 983 1363 1011 adversarius
1380 984 1485 1012 meus?
1497 995 1511 1008 η
1528 984 1646 1011 accedat
1658 996 1671 1009 ι(
1689 984 1725 1012 ad
1746 992 1803 1012 me.
1818 995 1832 1009 υ

1006 1025 1075 1053 Tale
1090 1029 1134 1053 est
1151 1026 1221 1054 illud
1235 1028 1312 1063 quod
1324 1030 1352 1055 et
1367 1028 1396 1055 in
1408 1028 1563 1065 Evangelia
1575 1028 1646 1056 dicit
1658 1038 1682 1056 ;‹‹
1695 1029 1765 1062 Quis
1776 1029 1832 1065 (in-

1006 1070 1079 1106 quit)
1091 1079 1125 1098 cx
1139 1071 1221 1099 vobis
1237 1075 1340 1108 arguet
1356 1081 1402 1100 me
1418 1074 1454 1100 de
1470 1067 1607 1109 peccato?
1619 1085 1632 1097 ι›
1643 1073 1718 1109 (Luc.
1728 1076 1781 1107 Ill).
1798 1073 1833 1101 Et

1005 1116 1050 1142 est
1065 1124 1170 1143 sensus
1196 1116 1355 1152 superioris
1369 1117 1505 1145 versiculi
1519 1126 1525 1144 :
1539 1118 1568 1145 Si
1589 1118 1656 1153 quis
1667 1117 1784 1153 (inquit)
1799 1126 1834 1145 ex

1006 1159 1087 1187 vobis
1102 1160 1211 1188 Judaeis
1227 1163 1311 1196 putat
1326 1170 1371 1188 me
1383 1162 1463 1196 juste
1482 1161 1654 1189 crucifixum
1671 1163 1700 1189 et
1715 1161 1833 1197 aliquod

1007 1204 1110 1231 fecisse
1125 1207 1289 1240 peccatum,
1307 1206 1425 1233 accedat
1441 1207 1476 1233 ad
1494 1215 1541 1234 me
1561 1208 1594 1234 ut
1609 1206 1778 1242 judicemus
1794 1206 1834 1234 si-

1007 1248 1079 1275 mul.

1043 1304 1056 1316 ‹‹
1074 1293 1146 1320 Ecce
1161 1293 1303 1321 Dominus
1324 1294 1400 1321 Deus
1421 1294 1577 1322 auxiliator
1598 1303 1692 1328 meus,
1709 1295 1776 1330 quis
1791 1296 1836 1323 est

1007 1345 1041 1364 ex
1051 1337 1132 1364 vobis
1145 1337 1194 1372 qui
1207 1338 1382 1365 condemnet
1395 1347 1441 1365 me
1449 1338 1478 1365 ?»
1487 1338 1592 1366 Nullus
1603 1341 1700 1374 potest
1712 1347 1758 1366 me
1769 1347 1835 1366 con-

1008 1381 1156 1408 demnare.
1171 1393 1183 1405 α
1201 1382 1272 1409 Ecce
1294 1390 1396 1410 omnes
1415 1382 1519 1415 Judaei,
1532 1383 1581 1418 qui
1599 1382 1671 1410 mihi
1687 1382 1834 1410 contradi-

1007 1426 1175 1461 cunt,quasi
1188 1426 1395 1453 vestimentum
1407 1428 1603 1461 conterentur,
1615 1427 1693 1454 tinea
1701 1427 1835 1455 comedet

1008 1478 1084 1505 eos,-
1098 1470 1126 1497 id
1144 1473 1187 1497 est
1204 1471 1320 1506 propria
1332 1470 1519 1498 conscientia.
1534 1471 1615 1499 Sicut
1625 1470 1834 1499 vestimentum

1009 1515 1123 1542 duobus
1139 1515 1234 1542 modis
1262 1516 1456 1549 consumitur,
1468 1518 1612 1543 vetustate
1640 1516 1791 1552 temporis,
1807 1518 1835 1543 et

1009 1559 1087 1586 tinea
1104 1568 1110 1586 :
1129 1559 1168 1586 ita
1183 1558 1223 1586 illi
1240 1559 1310 1595 quia
1329 1562 1460 1596 tempore
1475 1560 1670 1596 quadraginta
1690 1568 1834 1588 annorum

1010 1603 1066 1631 sibi
1083 1604 1150 1631 dato
1166 1604 1201 1630 ad
1219 1604 1421 1639 pwnitentiam
1446 1604 1603 1632 noluerunt
1615 1604 1753 1639 converti,
1771 1613 1837 1632 con-

1008 1648 1069 1675 triti
1085 1649 1155 1675 sunt
1170 1648 1393 1676 advenientibus
1409 1649 1561 1683 Romanis,
1579 1651 1607 1676 et
1623 1648 1653 1676 in
1666 1648 1731 1685 ipsa
1746 1649 1838 1677 tribu-

1008 1693 1116 1720 latione
1139 1693 1257 1729 propria
1277 1693 1457 1721 conscientia
1481 1694 1695 1729 torquebantur
1708 1702 1741 1722 eo
1758 1694 1836 1730 quod

1009 1746 1067 1764 non
1083 1737 1276 1765 credidissent
1296 1737 1324 1765 in
1341 1738 1466 1765 Christo.
1477 1738 1525 1766 Vel
1541 1738 1630 1765 etiam
1646 1738 1732 1766 modo
1748 1738 1836 1773 positi

1009 1782 1039 1809 in
1055 1782 1149 1818 poenis
1169 1782 1284 1816 inferni,
1298 1783 1496 1810 recordatione
1511 1783 1634 1818 propria:
1650 1781 1835 1810 conscientia

1009 1828 1193 1861 torquentur.

1046 1870 1133 1903 «Quis
1141 1879 1175 1897 ex
1185 1870 1267 1898 vobis
1277 1882 1285 1894 ι
1296 1870 1464 1898 infidelibus
1472 1870 1582 1898 Judaeis
1591 1881 1604 1895 ι(
1613 1870 1721 1898 timens
1731 1870 1835 1904 Deum,

1010 1914 1161 1948 audiens,u
1172 1914 1201 1941 id
1213 1917 1267 1950 est,
1276 1914 1441 1951 intelligens
1451 1923 1575 1942 «vocem
1586 1914 1659 1942 servi
1671 1914 1745 1949 sui,-
1754 1914 1783 1942 id
1794 1922 1836 1948 es,

1011 1958 1075 1986 Filii
1092 1958 1315 1992 sui,dicentis:«
1333 1959 1535 1987 Pcenitentiam
1552 1959 1628 1995 agite
1645 1959 1746 1995 (Matth.
1759 1958 1836 1994 1v):»

1010 2005 1038 2031 et
1053 2012 1106 2039 0pc
1122 2003 1284 2039 adimplet?
1299 2003 1413 2031 Nullus.
1426 2004 1488 2031 Duo
1504 2006 1574 2032 sunt
1589 2004 1719 2038 timores,
1731 2003 1794 2031 dum
1810 2004 1839 2031 et

1010 2048 1175 2075 servitutcs.
1185 2048 1235 2075 Est
1248 2048 1334 2075 timor
1344 2048 1457 2076 servilis
1468 2057 1526 2084 quo
1538 2048 1623 2076 timet
1634 2056 1736 2076 servus
1748 2046 1839 2075 domi-

1011 2101 1094 2128 num,
1107 2092 1213 2120 timens
1230 2092 1371 2128 ﬂagellari
1387 2093 1424 2120 ab
1440 2092 1504 2128 illo;
1516 2095 1561 2121 est
1575 2094 1603 2120 et
1614 2093 1704 2120 timor
1718 2092 1838 2127 amoris,

1011 2145 1069 2173 quo
1081 2137 1163 2164 timet
1174 2137 1253 2164 ﬁlius
1264 2139 1387 2173 patrem,
1398 2146 1521 2173 sperans
1532 2138 1567 2165 ab
1580 2137 1630 2166 illo
1641 2137 1839 2165 hereditatem

1012 2181 1151 2217 accipere.
1164 2181 1203 2209 De
1215 2190 1273 2217 quo
1287 2181 1392 2209 timore
1407 2182 1454 2209 hic
1466 2182 1597 2218 loquitur
1607 2182 1643 2209 ad
1656 2180 1839 2217 Judaeos,qui

1013 2225 1069 2253 Deo
1085 2225 1192 2253 servire
1206 2226 1235 2253 et
1251 2225 1353 2253 timere
1375 2225 1537 2253 debuerant
1554 2233 1560 2252 :
1578 2226 1723 2260 quatenus
1738 2224 1774 2251 ab
1789 2224 1839 2252 illo

1013 2270 1212 2297 bzereditatem
1235 2269 1334 2306 patriae
1351 2269 1476 2297 caelestis
1496 2270 1679 2296 mererentur
1698 2268 1838 2304 accipere.

1013 2314 1052 2341 De
1074 2314 1128 2342 hoc
1153 2314 1240 2341 etiam
1266 2314 1373 2340 timore
1398 2312 1542 2341 diciturzu
1557 2313 1675 2340 Initium
1691 2312 1840 2349 sapientis:

1012 2360 1101 2386 timor
1117 2358 1231 2386 Domini
1246 2359 1337 2394 (Prov.
1350 2360 1398 2392 1).:
1412 2358 1447 2385 Et
1460 2366 1483 2385 ει(
1497 2357 1598 2386 Timor
1613 2357 1727 2385 Domini
1742 2356 1841 2385 omnia

1013 2405 1132 2439 superat
1143 2403 1223 2439 (Eccl.
1235 2405 1309 2436 xxv),
1325 2414 1338 2426 η
1354 2404 1383 2430 et
1400 2404 1503 2430 czetcra
1517 2402 1564 2430 his
1581 2401 1699 2430 similia.
1711 2401 1840 2437 Subjun-

1013 2447 1092 2484 gitur
1102 2456 1169 2482 ergo
1181 2447 1216 2474 de
1231 2446 1294 2482 ipso
1312 2446 1384 2474 Filio
1396 2447 1494 2480 Dei,et
1504 2447 1614 2474 dicitur
1624 2456 1649 2475 τα
1659 2447 1758 2480 Quis,»
1770 2446 1840 2473 sub-

1014 2492 1097 2520 audis
1114 2491 1204 2519 Filius
1215 2491 1292 2524 Dei,u
1306 2491 1467 2519 ambulavit
1483 2491 1512 2518 in
1528 2491 1667 2525 tenebris,
1680 2493 1708 2518 et
1722 2499 1777 2518 non
1795 2492 1841 2518 est

1014 2537 1113 2564 lumen
1131 2537 1185 2572 ei,n
1198 2536 1224 2564 id
1242 2538 1286 2564 est
1306 2536 1399 2572 gloria
1423 2536 1451 2563 in
1477 2536 1527 2563 illo
1551 2536 1669 2572 populo,
1687 2535 1763 2563 sicut
1778 2534 1841 2571 ipse

1016 2582 1088 2609 dixit
1099 2591 1122 2609 :«
1136 2582 1225 2610 Nemo
1234 2581 1375 2617 propheta
1386 2583 1430 2609 est
1442 2582 1505 2609 sine
1515 2580 1697 2615 honore,nisi
1709 2580 1737 2607 in
1746 2580 1842 2616 patria.

1016 2636 1069 2655 sua
1084 2626 1184 2662 (Matth.
1198 2634 1263 2659 x111;
1280 2626 1362 2652 Marc.
1376 2634 1419 2659 vx;
1437 2626 1500 2653 Luc.
1517 2626 1564 2662 1v).
1579 2637 1592 2649 η
1609 2625 1690 2658 Quod
1711 2633 1778 2661 ergo
1798 2624 1841 2652 lu-

1017 2680 1083 2698 men
1099 2671 1140 2698 vel
1156 2679 1218 2706 qum
1234 2670 1325 2705 gloria
1340 2672 1401 2697 erat
1417 2669 1487 2697 Filio
1503 2669 1553 2698 Dei
1568 2670 1686 2705 quando
1702 2677 1842 2705 conspue.

1017 2716 1103 2743 batur
1117 2717 1145 2742 et
1162 2714 1292 2750 colaphis
1306 2714 1490 2741 medebatur?
1503 2714 1639 2741 Dicamus
1657 2717 1684 2741 et
1699 2714 1792 2747 aliter,
1805 2714 1841 2741 ad

1017 2759 1138 2796 gentiles
1155 2758 1209 2786 hoc
1225 2758 1393 2786 referentes.
1404 2758 1457 2791 Qui
1469 2759 1586 2794 gentilis
1604 2759 1729 2795 populus
1743 2759 1844 2786 ambu-

1017 2804 1085 2832 lavit
1100 2804 1130 2831 in
1149 2803 1277 2831 tenebris
1295 2802 1486 2837 infidelitatis,
1499 2806 1527 2831 et
1547 2812 1604 2831 non
1624 2806 1686 2831 erat
1701 2804 1726 2832 ei
1742 2803 1843 2832 lumen

1018 2849 1048 2878 in
1064 2849 1160 2884 corde,
1171 2848 1200 2877 id
1216 2850 1260 2877 est
1275 2847 1422 2884 Christus,
1440 2847 1490 2886 qui
1504 2848 1576 2877 dixit
1589 2857 1595 2878 :
1608 2860 1622 2875 α

1806 2917 1829 2932 '-'-:'
