4106 6190
403 398 524 460 975

408 619 548 692 quia
577 636 692 675 non
719 621 807 673 est
835 615 886 672 ei
917 615 1136 683 lumen,
1157 616 1246 671 vel
1271 616 1342 671 de
1362 615 1614 684 Christo,
1637 613 1725 671 vel
1747 615 1817 669 de
1847 613 2051 687 gentili

406 707 644 780 populo,
667 727 696 756 (ι
721 707 922 777 Sperct
951 703 1008 760 in
1038 705 1272 761 nomine
1305 703 1556 772 Domini,
1581 709 1637 760 et
1657 703 1942 758 innitatur
1961 719 2054 758 su-

405 813 510 868 per
539 795 855 852 Dominum
885 813 1084 865 suum,
1109 819 1137 845 »
1162 795 1448 865 subaudis
1473 814 1486 850 :
1511 799 1568 849 et
1601 798 1738 849 tunc
1759 794 1950 850 veniet
1979 793 2050 848 ad

404 883 603 941 lumen
634 884 835 958 gaudii
865 888 923 940 et
951 883 1163 939 laetitiae
1193 901 1356 940 meae.

477 995 507 1024 α
530 973 676 1030 Ecce
703 989 910 1031 omnes
937 991 1039 1030 vos
1064 996 1091 1025 »
1115 974 1299 1030 Judmi
1326 997 1354 1024 «
1387 975 1771 1030 accendentes
1803 973 1998 1045 ignem
2023 995 2052 1023 »

405 1062 656 1134 invidiae,
677 1063 765 1121 vel
807 1063 1005 1137 ignem
1033 1063 1378 1119 vastationis
1436 1069 1640 1120 contra
1677 1080 1779 1120 vos
1820 1067 2054 1135 propter

403 1155 641 1226 peccata
665 1156 880 1222 vestra,
911 1173 938 1203 ‹‹
969 1156 1028 1208 et
1067 1152 1312 1208 accincti
1346 1152 1621 1221 ﬂammis,
1653 1175 1679 1201 »
1711 1151 1770 1207 id
1802 1156 1910 1220 est,
1936 1152 2054 1207 cir-

403 1242 663 1300 cumdati
685 1243 960 1315 peccatis.
980 1242 1202 1314 Ignem,
1230 1258 1346 1312 quo
1368 1259 1650 1296 succensa
1678 1246 1766 1296 est
1797 1242 1999 1297 civitas
2019 1259 2054 1298 a

406 1331 706 1403 Romanis,
721 1331 833 1404 ipsi
853 1331 1504 1403 accenderunt,quando
1523 1329 1734 1386 Filium
1757 1330 1855 1386 Dei
1880 1331 2054 1386 morti

401 1424 791 1490 tradiderunt,
822 1420 1088 1477 succensi
1135 1419 1268 1492 igne
1316 1419 1422 1476 zeli
1468 1423 1526 1476 et
1573 1419 1800 1477 invidia:
1852 1425 2055 1476 contra

405 1529 562 1583 eum,
577 1513 713 1570 Ideo
731 1527 868 1584 ergo
889 1509 1031 1590 dicit
1047 1507 1291 1565 accincti
1313 1509 1590 1578 ﬂammis,
1604 1510 1745 1580 quia
1764 1508 1916 1566 sicut
1931 1511 2056 1582 jus-

405 1606 504 1661 tus
539 1599 786 1674 quilibet
831 1598 1233 1654 circumdatur
1277 1595 1615 1668 virtutibus,
1661 1597 1746 1652 ita’
1788 1603 2056 1669 peccator

405 1689 843 1762 iniquitatibus.
871 1711 898 1738 ‹‹
931 1685 1243 1742 Ambulate
1271 1685 1330 1740 in
1362 1685 1586 1741 lumine
1617 1686 1770 1759 ignis
1799 1688 1998 1757 vestri,
2025 1711 2054 1738 »

407 1779 468 1839 id
497 1781 630 1849 est,,
653 1778 715 1836 in
760 1775 1138 1834 tribulatione
1168 1773 1521 1846 captivitatis
1551 1792 1728 1848 quam
1757 1775 1923 1832 vobis
1953 1793 2054 1849 pa-

815 394 1224 458 HAYMONIS
1257 391 1794 454 HALBERSTAT.
1829 388 2070 452 EPISC.
2102 388 2276 452 OPP.
2309 391 2535 452 PARS.
2569 392 2614 452 Ι.
2651 425 2726 436 —
2755 391 3158 457 COMMENT.
3193 392 3392 454 BIBL.

407 529 614 588 mundi
631 529 1008 600 (Joan.vm).»
1023 527 1132 583 Sed
1158 525 1296 598 quid
1325 525 1742 598 subjungitur?
1759 525 1894 580 Ideo
1918 539 2054 596 ergo
2079 522 2134 591 Α

3684 393 3800 452 9ῖ6

2235 547 2262 574 ‹‹
2289 523 2699 582 Consolabitur
2721 542 2926 582 omnes
2945 525 3356 598 ruinasejus.»
3377 525 3463 583 De
3479 524 3804 599 gentilitate

2161 611 2234 667 ad
2263 613 2438 668 ﬁdem
2468 613 2770 670 venientes
2791 617 2847 670 et
2867 630 2966 670 eas
2991 613 3312 688 complens.
3336 615 3408 670 Et
3434 619 3524 671 est
3554 631 3801 672 sensus:

2159 702 2279 774 Ego
2301 707 2450 758 Deus
2471 703 2902 776 omnipotentes
2931 703 3030 776 qui
3053 701 3195 760 olim
3216 703 3511 760 Abraham
3532 703 3808 777 multipli-

2161 783 2304 858 cavi,
2331 809 2572 864 possum
2611 793 2788 848 etiam
2826 791 3115 850 consolari
3145 791 3487 861 Ecclesium,
3509 799 3568 850 et
3598 809 3810 867 augere

2163 879 2314 936 ﬁlios
2331 883 2480 954 ejus.
2493 905 2514 931 α
2531 883 2601 936 Et
2614 887 2790 954 ponet
2805 883 3102 939 desertum
3120 883 3310 955 ejus,»
3321 882 3378 938 id
3395 887 3484 939 est
3503 882 3807 956 primitiva

2161 969 2452 1039 Ecclesiae,
2477 994 2506 1021 ‹‹
2529 971 2697 1044 quasi
2720 971 2980 1040 delicias,
3007 975 3066 1028 et
3086 969 3464 1028 solitudinem
3489 971 3622 1043 ejus
3639 971 3810 1043 quasi

2162 1058 2398 1115 hortum
2424 1061 2712 1133 Domini,»
2738 1060 2850 1117 hoc
2880 1065 2990 1134 est,
3014 1077 3142 1133 quae
3173 1064 3348 1118 antea
3375 1059 3606 1117 deserta
3635 1065 3762 1118 erat
3780 1078 3809 1117 a

2162 1147 2300 1217 Deo,
2323 1147 2382 1204 id
2415 1154 2506 1205 est
2533 1150 2812 1206 derelicta
2836 1155 2894 1208 et
2921 1150 2982 1205 in
3011 1149 3392 1208 solitudinem
3423 1149 3680 1219 redacta,
3703 1150 3811 1208 ha-

2163 1239 2296 1293 heat
2341 1239 2398 1292 in
2433 1257 2494 1294 se
2525 1239 2914 1296 habitatorem
2973 1240 3179 1309 Deum,
3210 1244 3270 1295 et
3325 1239 3583 1312 proferat
3641 1241 3810 1298 ﬂores

2161 1327 2466 1398 virtutum,
2481 1333 2538 1383 et
2560 1329 2785 1385 fructus
2805 1329 2972 1386 bonae
2992 1328 3370 1402 operationis.
3386 1352 3414 1380 «
3441 1328 3736 1386 Gaudium
3758 1334 3812 1388 et

2163 1415 2362 1472 laetitia
2385 1417 2712 1474 invenietur
2731 1418 2791 1475 in
2814 1435 2902 1474 ea.
2921 1419 3256 1476 Gratiarum
3285 1419 3435 1474 actio
3464 1423 3526 1474 et
3549 1436 3660 1474 vox
3687 1417 3808 1474 lauo

2163 1505 2313 1562 dis.»
2337 1507 2443 1562 Pro
2465 1507 2763 1564 beneﬁciis
2791 1507 2906 1564 sibi
2929 1525 2962 1564 a
2980 1507 3096 1564 Dec
3119 1505 3366 1565 collatis.
3392 1507 3464 1564 Et
3482 1505 3622 1580 quia
3650 1508 3809 1564 rede-

2163 1595 2275 1651 mit
2302 1613 2430 1652 eam
2471 1597 2757 1669 sanguine
2797 1596 3090 1670 passionis
3129 1613 3270 1666 sua,
3303 1597 3524 1669 gratias
3573 1597 3812 1657 referret

2165 1685 2217 1741 ei
2248 1689 2304 1741 et
2333 1684 2536 1742 laudes
2569 1685 2703 1742 ﬁdei
2739 1703 2805 1742 ac
2837 1685 3243 1743 confessionis.

2237 1775 2583 1832 «Attendite
2613 1776 2684 1832 ad
2729 1791 2824 1831 me
2872 1773 3127 1848 populus
3157 1789 3346 1845 meus,
3372 1797 3402 1825 »
3431 1775 3490 1832 id
3539 1778 3632 1833 est
3677 1792 3814 1848 apo-

407 1868 638 1937 restis,«
661 1871 718 1925 et
737 1866 800 1922 in
821 1864 1078 1922 flammis
1101 1887 1128 1914 »
1151 1864 1496 1920 vastationis
1515 1869 1571 1920 et
1592 1866 1880 1922 miseriam
1908 1884 2056 1938 quas
2085 1897 2134 1964 Β
2167 1863 2303 1920 stoli
2333 1864 2470 1930 mei,
2499 1885 2526 1916 α
2556 1867 2614 1920 et
2653 1863 2846 1920 tribus
2877 1881 3028 1932 mea,
3056 1886 3084 1914 »
3104 1864 3163 1920 id
3197 1869 3308 1934 est,
3335 1863 3438 1938 qui
3480 1863 3816 1922 credidistis

406 1955 818 2020 succendistis.
843 1955 924 2012 De
971 1971 1152 2010 manu
1203 1971 1352 2022 mea,
1375 1975 1405 2004 »
1429 1954 1489 2008 id
1539 1959 1628 2009 est
1676 1956 1746 2011 de
1798 1955 2060 2028 potentia
2086 1953 2132 1964 “’
2163 1971 2234 2010 ex
2264 1953 2484 2010 Judazis
2511 1953 2599 2009 vel
2643 1953 2940 2026 gentibus,
2967 1976 2996 2004 ‹‹
3028 1953 3226 2010 audite
3255 1970 3408 2010 me.»
3430 1953 3545 2011 Iste
3586 1957 3680 2010 est
3708 1969 3812 2025 po-

409 2063 560 2118 mea,
584 2046 870 2106 subaudis
909 2045 1022 2101 hoc
1061 2042 1284 2099 malum
1313 2042 1498 2109 vobis,
1519 2061 1552 2098 o
1584 2043 1922 2117 impiissimi
1951 2045 2055 2101 Ju-

411 2137 540 2197 deet.
563 2135 701 2196 Tale
727 2139 818 2192 est
847 2133 956 2189 hoc
987 2133 1144 2206 quod
1175 2131 1288 2188 alio
1328 2132 1388 2187 in
1435 2132 1559 2187 loco
1601 2134 1854 2190 dicitur:
1881 2133 1940 2190 Si
1969 2139 2059 2190 est

409 2225 634 2284 malum
663 2223 724 2278 in
755 2223 988 2279 civitate
1018 2222 1173 2293 quod
1207 2221 1488 2276 Dominus
1529 2238 1644 2275 non
1684 2222 1820 2277 fecit
1853 2223 2056 2293 (Amos.

410 2315 519 2382 in),
541 2335 570 2364 ‹‹
600 2311 663 2368 in
693 2309 1015 2378 doloribus,
1043 2331 1070 2357 »
1102 2308 1387 2364 subaudis
1414 2309 1757 2366 vastationis
1787 2314 1846 2366 et
1875 2311 2056 2382 capti-

407 2401 628 2470 vitatis,
653 2421 682 2452 «
702 2397 1034 2466 dormieris,
1063 2419 1090 2446 »
1113 2395 1202 2452 vel
1224 2396 1524 2452 doloribus
1555 2397 1766 2453 inferni
1792 2401 2058 2472 jacentes

408 2491 524 2548 ista
553 2487 944 2556 sustinebitis,
966 2485 1236 2543 videlicet
1277 2486 1577 2566 ﬂammam
1623 2492 1681 2542 et
1727 2487 1923 2562 ignem
1954 2491 2058 2546 tri-

407 2577 750 2638 lmlationis.

1048 2665 1280 2722 CAPUT
1325 2666 1414 2721 LI.

481 2783 510 2813 ι(
531 2757 765 2828 Audite,
780 2756 881 2830 qui
902 2755 1218 2827 sequimini
1241 2755 1398 2828 quod
1415 2755 1647 2826 justum
1669 2760 1836 2813 estet
1857 2757 2060 2830 quaeri-

407 2849 486 2908 tis
517 2847 892 2906 Dominum.»
916 2843 1198 2917 Superius
1228 2843 1460 2901 locutus
1479 2849 1570 2901 est
1597 2849 1800 2902 contra
1827 2847 2059 2904 Judzeos

405 2936 764 3008 incredulos,
787 2935 890 3009 qui
921 2933 980 2990 in
1012 2933 1355 2990 inﬁdelitate
1387 2939 1873 3006 permanserunt:
1901 2953 2058 2993 nunc

409 3025 729 3101 alloquitur
749 3022 1046 3096 apostolos
1066 3025 1125 3078 et
1140 3039 1374 3078 onmem
1396 3021 1641 3078 chorum
1663 3024 2054 3082 credentium:

404 3117 618 3174 Audite
645 3113 882 3186 (inquit)
903 3129 1020 3180 me,
1042 3128 1075 3167 0
1106 3111 1375 3183 apostoli,
1399 3113 1458 3167 id
1488 3117 1578 3168 est
1607 3113 1911 3170 audientes
1941 3131 2056 3182 me,

410 3201 720 3275 intelligite
740 3219 868 3274 qum
891 3200 1019 3256 dico
1045 3217 1057 3256 :
1083 3201 1184 3271 qui
1207 3199 1524 3272 sequimini
1545 3206 1602 3258 et
1621 3203 1721 3274 qui
1744 3203 2057 3259 imitamini

400 3307 518 3362 per
533 3269 711 3346 fidem
731 3269 888 3360 quod
901 3269 1134 3358 justum
1158 3293 1266 3356 est,
1289 3269 1350 3344 id
1371 3293 1460 3344 est
1478 3269 1799 3360 Christum,
1823 3295 1880 3349 et
1901 3311 2054 3366 qute-
2086 3269 2130 3337 ο

409 3377 540 3436 ritis
555 3375 872 3434 Dominum
889 3376 1002 3432 ﬁde
1019 3381 1077 3431 et
1093 3376 1478 3442 devotione,et
1493 3395 1609 3433 non
1626 3379 1790 3436 lucra
1807 3385 2056 3440 terrena.

411 3491 442 3520 «
459 3465 852 3538 Attendite,»o
873 3463 1136 3538 populi,«
1151 3465 1222 3520 ad
1246 3471 1471 3537 petram
1490 3468 1646 3523 unde
1663 3468 1840 3525 excisi
1857 3471 2058 3539 estis,»

409 3556 472 3614 id
499 3555 683 3615 estad
699 3552 1122 3627 Abraham,qui
1143 3558 1310 3628 petra
1329 3555 1439 3611 fuit
1459 3560 1696 3628 propter
1714 3557 2058 3616 ﬁrmitatem

409 3642 567 3712 ﬁdei,
583 3643 652 3700 de
671 3659 787 3715 quo
807 3642 1197 3715 processistis,
1223 3667 1252 3694 ‹‹
1277 3646 1334 3698 et
1363 3644 1436 3699 ad
1469 3661 1777 3702 cavernam
1807 3646 1976 3717 laci,»
1997 3647 2056 3704 id

409 3733 600 3792 estad
633 3733 840 3792 Suram
861 3731 932 3788 de
963 3748 1082 3804 qua
1110 3731 1287 3788 excisi
1317 3731 1481 3789 estis.
1502 3732 1604 3789 Vel
1635 3733 1840 3792 aliter:
1865 3738 2061 3794 Atten-

408 3823 532 3881 dite
549 3823 624 3882 ad
647 3827 892 3896 petram,
906 3821 967 3877 id
983 3825 1074 3878 est
1093 3823 1165 3878 ad
1183 3820 1501 3890 Christum,
1518 3823 1674 3880 unde
1693 3824 1870 3882 excisi
1891 3827 2054 3895 estis,

408 3928 579 3986 aquo
601 3911 778 3982 ﬁdem
799 3910 1128 3983 accepistis,
1143 3915 1199 3967 et
1219 3929 1253 3967 a
1273 3928 1390 3984 quo
1407 3911 1723 3968 Christiani
1745 3915 2054 3973 vocamini.

403 4000 638 4073 Deque.
673 4004 840 4072 petra
869 3999 1013 4056 dicit
1047 3999 1402 4072 Apostolus:
1429 4023 1456 4050 «
1492 4000 1662 4057 Petra
1699 4007 1894 4060 autem
1933 4010 2059 4062 erat

407 4089 679 4147 Christus
699 4089 746 4161 (l
773 4091 902 4146 Cor.
925 4091 1042 4158 x).»
1061 4089 1377 4146 Cavernam
1407 4088 1518 4146 laci
1539 4108 1859 4163 possumus
1883 4093 2056 4151 intel-

397 4175 593 4249 ligere
608 4175 764 4234 latus
781 4175 998 4232 Christi
1019 4178 1175 4248 quod
1197 4179 1528 4248 perfossum
1551 4181 1882 4249 estlancea,
1903 4181 2057 4240 sicut

409 4265 542 4337 ipse
556 4262 704 4322 dixit
723 4263 784 4320 in
803 4261 1032 4336 psalmo
1055 4281 1102 4320 :«
1131 4266 1425 4322 Foderunt
1453 4285 1666 4325 manus
1691 4287 1852 4327 meas
1873 4275 1931 4327 et
1950 4288 2054 4344 pe-

409 4353 514 4412 des
534 4368 696 4411 meos
717 4353 888 4428 (P801.
909 4355 1082 4422 xx1).»
1099 4353 1179 4410 De
1201 4370 1316 4426 quo
1353 4355 1530 4412 excisi
1566 4375 1794 4428 sumus,
1819 4360 2055 4431 quando

407 4443 588 4502 exivit
613 4443 858 4518 sanguis
879 4442 1298 4516 redemptionis
1328 4449 1558 4514 nostrae,
1582 4449 1638 4502 et
1658 4464 1811 4520 aqua
1831 4449 2052 4522 baptis-

408 4533 606 4604 matis.
639 4533 960 4591 Possumus
1007 4533 1182 4590 etiam
1214 4551 1518 4590 cavernam
1570 4534 1680 4592 laci
1729 4536 2054 4610 intelligere

2166 2043 2364 2115 pulus,
2389 2047 2446 2098 et
2474 2041 2598 2096 istae
2630 2046 2771 2097 sunt
2799 2041 3010 2111 tribus,
3032 2042 3104 2098 de
3133 2041 3349 2114 quibus
3370 2039 3605 2098 Gabriel
3634 2039 3815 2113 loqui-

2165 2135 2266 2187 tur
2293 2131 2368 2187 ad
2395 2130 2632 2203 Joseph.
2659 2153 2686 2181 ‹‹
2721 2131 2850 2203 Ipse
2879 2129 3036 2187 enim
3069 2129 3297 2188 salvum
3327 2129 3500 2187 faciet
3529 2128 3817 2203 populum

2167 2237 2344 2276 suum
2373 2237 2407 2276 a
2437 2219 2690 2292 peccatis
2721 2229 2923 2274 eorum
2955 2218 3158 2290 (Matth.
3182 2223 3246 2289 ι).
3269 2240 3298 2271 ››
3323 2219 3394 2274 Et
3423 2219 3565 2291 quid
3615 2217 3814 2292 praeci-

2167 2308 2252 2382 pit
2282 2313 2348 2364 ut
2379 2309 2658 2365 audiant?
2681 2332 2709 2359 «
2735 2307 2882 2374 Quia
2911 2307 3058 2378 lex,»
3079 2307 3294 2382 inquit,
3319 2307 3608 2365 subaudis
3638 2308 3815 2365 Evan-

2167 2397 2324 2471 gelii,
2351 2421 2378 2448 ‹‹
2406 2415 2441 2453 a
2469 2414 2562 2455 me
2593 2399 2764 2468 exiet,
2789 2401 2846 2454 et
2876 2397 3174 2470 judicium
3213 2413 3479 2469 meum,»
3498 2395 3559 2452 id
3599 2401 3693 2454 est
3719 2396 3813 2452 de-

2168 2490 2412 2556 cretum,
2439 2511 2464 2536 «
2499 2487 2560 2542 in
2590 2487 2850 2554 lucem,»
2882 2487 2992 2544 hoc
3022 2491 3132 2556 est,
3162 2486 3224 2542 in
3254 2486 3432 2545 ﬁdem
3460 2487 3812 2560 populorum

2168 2600 2196 2627 ‹‹
2233 2575 2557 2648 requiescet
2584 2576 2684 2648 qui
2714 2576 2774 2632 in
2804 2576 3113 2634 tenebris»
3145 2575 3512 2634 inﬁdelitatis
3531 2599 3560 2627 «
3591 2580 3812 2634 erant»

2159 2667 2330 2738 juxta
2376 2665 2520 2720 illud
2557 2683 2625 2722 ;‹‹
2659 2664 2914 2738 Pupulus
2945 2665 3047 2738 qui
3095 2665 3438 2724 ambulabat
3465 2665 3528 2724 in
3557 2665 3816 2723 tenebris

2165 2755 2310 2810 vidit
2338 2753 2527 2810 lucem
2555 2771 2832 2827 magnam
2853 2754 3004 2828 (Iani.
3029 2756 3166 2824 1x).»
3185 2754 3484 2813 Judicium
3516 2755 3814 2812 discretio-

2168 2843 2261 2900 nis
2288 2843 2422 2912 fuit,
2454 2848 2519 2898 ut
2545 2842 2765 2900 Judaeis
2805 2843 3139 2901 nolentibus
3177 2844 3430 2914 credere,
3460 2841 3714 2917 gentiles
3741 2843 3818 2900 ad

2166 2933 2344 2988 ﬁdem
2386 2935 2752 2988 vocarentur.
2786 2931 2916 2988 Haec
2967 2948 3094 3004 quae
3143 2931 3420 3000 diximus,
3453 2947 3524 2988 ex
3565 2946 3815 3004 persona

2167 3019 2298 3078 Filii
2329 3019 2429 3076 Dei
2458 3019 2686 3092 prolata
2706 3025 2846 3078 sunt
2873 3037 2887 3076 :
2912 3019 3022 3078 hoc
3046 3037 3179 3078 vero
3209 3019 3366 3092 quod
3396 3019 3686 3093 sequitur,
3710 3036 3814 3077 vox

2167 3111 2354 3168 Patris
2381 3114 2472 3166 est
2500 3111 2572 3166 de
2603 3109 2766 3166 Filio.

2238 3223 2266 3252 «
2293 3201 2474 3273 Prope
2521 3204 2612 3257 est
2649 3201 2852 3273 justus
2881 3215 3074 3269 meus,
3097 3222 3126 3250 »
3157 3199 3216 3256 id
3255 3203 3368 3270 est,
3398 3213 3576 3272 prope
3613 3202 3708 3256 est
3750 3201 3820 3254 ut

2168 3295 2445 3348 nascatur
2471 3307 2540 3347 ex
2565 3289 2788 3363 virgine
2830 3289 3012 3346 Filius
3042 3305 3208 3346 meus
3233 3305 3248 3344 :
3273 3311 3303 3340 «ι
3335 3305 3451 3345 non
3491 3287 3812 3344 morabitur

2169 3379 2444 3453 amplius.
2478 3380 2764 3452 Egressus
2793 3382 2883 3434 est
2911 3377 3176 3436 Salvator
3191 3394 3427 3444 meus,»
3446 3377 3509 3439 id
3554 3381 3650 3434 est
3686 3377 3809 3449 jam

2167 3490 2204 3528 a
2231 3487 2324 3526 me
2355 3468 2590 3543 genitus
2613 3485 2626 3524 :
2651 3467 2982 3541 egredietur
2999 3470 3259 3541 tempore
3279 3485 3314 3525 a
3332 3470 3540 3524 matre.
3571 3466 3808 3523 Justum

2166 3557 2423 3631 appellat
2451 3556 2736 3614 Dominus
2767 3560 2932 3630 pater
2949 3555 3138 3614 ﬁlium
3166 3573 3346 3614 suum
3365 3560 3434 3614 et
3452 3556 3803 3622 Savatorem,

2165 3647 2306 3721 quia
2323 3663 2427 3720 per
2441 3646 2608 3704 illum
2623 3647 2912 3719 justificat
2926 3650 2984 3704 et
3001 3645 3188 3703 salvat
3201 3663 3407 3704 omnes
3421 3644 3638 3702 electos
3651 3661 3807 3701 suos.

2165 3737 2330 3805 Quod
2361 3741 2558 3793 autem
2581 3736 2712 3808 subj
2722 3735 2946 3809 ungit,«
2968 3740 3026 3793 et
3046 3735 3288 3794 brachia
3308 3751 3442 3792 mea
3458 3733 3709 3808 populos
3719 3733 3808 3806 ju-

2163 3827 2506 3894 dicabant,»
2529 3824 2824 3898 apostolos
2851 3823 2979 3880 vult
3006 3823 3256 3897 intelligi
3279 3828 3337 3882 et
3358 3823 3711 3898 apostolicos
3727 3820 3805 3876 vi-

2165 3933 2283 3983 ros,
2304 3916 2402 3989 qui
2415 3913 2739 3987 judicaturi
2761 3919 2903 3970 sunt
2921 3930 3124 3971 omnes
3146 3917 3352 3988 gentes
3372 3913 3432 3969 in
3455 3911 3802 3986 diejudicii:

2165 4006 2319 4062 sicut
2347 4003 2472 4076 ipse
2502 4003 2788 4060 Dominus
2818 4002 3106 4074 promisit,
3131 4001 3332 4060 dicens
3355 4017 3406 4059 :«
3429 4001 3580 4059 Cum
3598 3999 3806 4059 sederit

2164 4092 2482 4168 (inquiens)
2515 4090 2696 4148 Filius
2735 4090 2993 4148 hominis
3040 4091 3101 4148 in
3147 4091 3283 4148 sede
3331 4092 3640 4164 majestate
3667 4105 3800 4155 sua,

2163 4182 2443 4241 sedebitis
2473 4187 2531 4238 et
2559 4198 2660 4237 vos
2708 4197 2887 4254 super
2913 4180 3082 4238 sedes
3112 4179 3441 4249 duodecim,
3473 4179 3802 4252 judicantes

2163 4270 2475 4328 duodecim
2495 4269 2686 4327 tribus
2711 4267 2889 4326 Israel
2909 4269 3114 4340 (Matth.
3136 4274 3398 4338 xvm).»«
3423 4269 3517 4326 Me
3545 4266 3802 4334 insulae,»

2162 4362 2220 4418 id
2247 4364 2338 4418 est
2362 4358 2611 4434 gentiles
2639 4358 2728 4416 vel
2758 4357 3048 4428 Ecclesiae,
3071 4382 3100 4411 «
3128 4358 3572 4432 exspectabant,
3597 4379 3628 4410 ιι
3658 4356 3803 4415 sicut

2160 4451 2340 4508 Jacob
2372 4448 2552 4505 dixit:
2579 4472 2607 4500 «
2630 4449 2758 4504 Non
2787 4447 3017 4505 deﬁciet
3039 4447 3312 4522 princeps
3333 4465 3403 4504 ex
3427 4447 3460 4504 J
3468 4449 3606 4516 uda,
3626 4447 3801 4504 donec

2159 4539 2353 4596 veniat
2383 4537 2486 4610 qui
2528 4537 2853 4595 mittendus
2884 4542 2974 4595 est
3006 4554 3020 4594 :
3053 4537 3268 4610 etipse
3303 4537 3416 4594 erit
3453 4534 3798 4610 exspectatio

406 4621 746 4696 sepulcrum
765 4623 1100 4692 Domini,de
1121 4639 1256 4695 quo,
1281 4623 1405 4694 ipse
1426 4640 1758 4698 resurgens,
1785 4625 2052 4685 innume-
2080 4642 2128 4708 Β
2157 4628 2420 4704 gentium
2441 4627 2576 4696 (Gen
2617 4631 2797 4696 xux);
2821 4649 2849 4678 »
2878 4649 2906 4678 ‹‹
2939 4631 2998 4682 et
3045 4625 3354 4683 brachium
3401 4642 3621 4694 meum,
3643 4646 3670 4673 »
3689 4623 3798 4678 hoc

405 4711 620 4769 rabiles
651 4711 804 4769 ﬁlios
823 4711 936 4768 sibi
965 4713 1190 4784 genuit,
1215 4712 1407 4769 Tertio
1437 4713 1614 4770 etiam
1645 4717 1839 4782 modo,
1865 4734 2054 4774 caver-

405 4815 544 4860 nam
557 4799 673 4858 laci.
689 4817 1007 4873 possumus
1023 4800 1213 4857 dicere
1230 4801 1702 4876 Ecclesiam,qum
1719 4805 1819 4861 diu
1837 4806 2054 4864 sterilis

404 4889 536 4959 fuit,
559 4894 619 4946 et
646 4890 717 4946 de
745 4907 865 4962 qua
895 4889 1154 4962 quotidie
1183 4891 1526 4958 excidimur,
1550 4891 1609 4948 id
1639 4899 1729 4950 est
1753 4895 2054 4952 nascimur

403 4994 508 5052 per
536 4977 834 5037 lavacrum
864 4979 1161 5051 baptismi.

477 5089 509 5120 ι(
522 5068 820 5126 Attendite
839 5068 912 5125 ad
928 5069 1222 5124 Abraham
1244 5073 1468 5140 patrem
1485 5074 1830 5142 vestrum,et
1845 5074 2048 5130 Saram

403 5173 532 5230 quas
561 5157 788 5230 peperit
813 5175 973 5215 vos.»
999 5157 1159 5214 Idem
1192 5173 1402 5214 sensus
1433 5162 1524 5214 est
1553 5159 1651 5230 qui
1675 5165 1732 5214 et
1751 5161 2046 5233 superius,

401 5246 544 5319 quia
563 5263 771 5315 unum,
787 5246 844 5303 id
866 5250 955 5304 est
974 5247 1167 5304 solum
1182 5271 1210 5298 ‹‹
1233 5248 1430 5304 vocavi
1449 5265 1603 5318 eum,
1617 5271 1643 5297 »
1657 5248 1858 5305 dicens
1877 5268 1925 5306 ;‹‹
1946 5251 2047 5307 Exi

403 5335 476 5391 de
491 5339 650 5392 terra
677 5339 783 5392 tua
808 5339 866 5393 et
893 5337 1240 5411 cognatione
1271 5342 1373 5392 tua
1393 5337 1545 5407 (Gen.
1563 5341 1722 5407 x10,»
1749 5343 1806 5394 et
1843 5345 2048 5396 caetera

403 5439 532 5494 qua
552 5424 634 5480 ibi
655 5430 989 5498 sequuntur
1011 5444 1061 5483 :«
1085 5428 1157 5482 Et
1175 5425 1442 5482 benedixi
1465 5427 1516 5482 ei
1536 5425 1596 5482 in
1617 5429 1894 5486 omnibus
1918 5446 2048 5502 ope-

402 5509 568 5567 ribus
587 5514 733 5582 suis,
755 5519 815 5572 et
844 5515 1221 5589 multiplicavi
1243 5533 1378 5572 eum
1401 5517 1461 5571 in
1483 5533 1626 5572 auro
1655 5523 1712 5574 et
1742 5517 2048 5575 filiis.Con-

713 5619 850 5676 ergo
880 5605 1166 5663 Dominus
1193 5605 1352 5672 Sion,
1379 5628 1406 5655 »
1429 5605 1486 5661 id
1519 5610 1609 5663 est
1633 5607 1951 5665 Ecclesiam
1984 5607 2046 5665 in

399 5701 546 5743 anes
653 5703 703 5743 s.

399 5701 703 5761 apostous.

2159 4722 2248 4775 est
2276 4715 2488 4772 Filium
2528 4732 2724 4772 meum
2747 4738 2775 4765 ‹‹
2799 4715 3178 4772 sustinebunt
3210 4737 3240 4765 »
3261 4731 3364 4788 per
3393 4731 3571 4788 quem
3607 4710 3800 4770 omnia

2163 4807 2292 4864 feci.

2233 4919 2261 4947 «
2288 4897 2494 4952 Levate
2523 4893 2582 4948 in
2614 4892 2827 4950 οωιυω
2857 4893 3056 4952 oculos
3076 4899 3357 4963 vestros,»
3378 4911 3411 4949 ο
3431 4891 3691 4968 gentiles,
3707 4887 3799 4945 vel

2160 4983 2450 5050 Ecclesia,
2477 5003 2508 5036 ι
2531 4986 2588 5038 et
2623 4982 2830 5048 videte.
2847 5006 2874 5034 »
2899 4983 2959 5040 id
2999 4988 3089 5041 est
3122 4983 3509 5052 considerate,
3531 4981 3616 5038 vel
3643 4994 3796 5036 com-

2159 5072 2502 5146 prehendite
2523 5095 2550 5122 ‹‹
2576 5071 2716 5144 quia
2737 5071 2885 5141 coeli,
2913 5096 2942 5123 »
2963 5072 3250 5130 subaudis
3279 5071 3453 5140 aeris,
3477 5096 3508 5122 ‹‹
3541 5070 3687 5127 sicut
3711 5067 3801 5122 fu-

2159 5180 2294 5218 mus
2324 5160 2728 5234 liquiescent,»
2750 5161 2808 5218 id
2830 5166 2921 5219 est
2939 5166 3304 5230 evanescent,
3331 5184 3360 5211 ‹‹
3393 5166 3451 5217 et
3469 5164 3624 5217 terra
3649 5157 3795 5212 sicut

2154 5251 2571 5308 vestimentum
2603 5253 2902 5320 atteretur,
2931 5274 2952 5301 ι
2978 5251 3089 5308 hoc
3119 5255 3211 5308 est
3235 5248 3487 5318 deficiet,
3510 5273 3539 5300 ‹‹
3561 5253 3620 5304 et
3643 5242 3796 5302 habi-

2157 5345 2371 5397 tatores
2402 5340 2552 5411 ejus,
2572 5361 2600 5388 »
2624 5339 2682 5394 id
2713 5344 2803 5396 est
2829 5357 3034 5397 omnes
3065 5340 3284 5409 bestiae,
3316 5338 3706 5410 volucresque,
3733 5336 3794 5388 et

2155 5447 2362 5486 omnes
2391 5432 2668 5484 creaturae
2693 5445 2819 5500 quae
2847 5427 3092 5486 inventae
3125 5428 3342 5485 fuerint
3362 5432 3506 5485 tunc
3523 5422 3793 5499 temporis

2154 5519 2216 5574 in
2245 5535 2332 5586 ea,
2361 5539 2390 5570 ‹‹
2420 5517 2575 5573 sicut
2618 5517 2741 5574 haec
2785 5517 3130 5590 interibunt,
3153 5541 3183 5570 »
3215 5519 3274 5575 id
3317 5523 3408 5576 est
3450 5517 3646 5574 omnia
3671 5527 3792 5570 mo—

2153 5607 2397 5664 rientur.
2413 5607 2573 5662 Idem
2595 5611 2685 5664 est
2705 5607 2862 5680 quod
2888 5608 3176 5666 Dominus
3207 5608 3268 5665 in
3289 5607 3600 5682 Evangelia
3617 5601 3744 5661 dicit
3765 5615 3784 5656 :

2155 5719 2186 5754 ι(
2202 5695 2425 5756 αωιυω
2447 5700 2506 5754 et
2532 5701 2688 5754 terra
2716 5695 3054 5756 transibunt
3072 5697 3279 5772 (Matth.
3300 5701 3476 5770 xxiv),
3501 5719 3531 5751 »
3555 5711 3654 5772 per
3675 5691 3788 5749 im.-
