4046 6188
310 312 426 375 977

308 448 697 506 mutationem
747 445 1033 506 subaudis
1061 452 1117 506 et
1142 448 1205 506 in
1237 448 1721 520 meliorationem,
1754 454 1812 507 et
1841 468 1957 507 non
1986 442 2043 523 λ

302 555 412 612 per
433 536 774 594 essentiam.
806 538 983 594 Juxta
1009 540 1166 611 quod
1200 539 1474 595 Salomon
1504 538 1646 595 dicit
1677 556 1690 595 :
1728 562 1756 590 «
1779 541 1961 597 Gene-

307 627 456 684 ratio
476 625 734 699 praeterit
781 628 839 682 et
867 628 1190 707 .generatio
1248 628 1519 696 advenit;
1554 632 1708 684 terra
1738 647 1869 687 vero
1899 630 1961 686 in

298 721 589 773 internum
611 719 730 771 stat
750 716 945 784 (Eccle.
970 716 1069 788 1).»
1094 716 1206 772 Sed
1237 716 1374 772 licet
1404 716 1609 772 omnia
1634 721 1956 787 transeant,

307 827 333 857 ι
368 806 542 862 Salus
586 820 721 860 mea
750 804 810 860 in
842 806 1268 877 sempiternum
1316 806 1447 870 erit,
1478 810 1537 861 et
1556 806 1792 877 justitia
1830 824 1960 864 mea

302 912 420 952 non
445 894 732 951 deficiet.»
756 894 929 951 Salus
954 898 1011 951 et
1023 895 1261 966 justitia
1291 894 1391 951 Dei
1424 896 1611 950 Patris
1634 896 1816 952 Filius
1847 900 1955 965 est,

301 986 445 1058 quia
472 1001 578 1057 per
603 982 773 1039 illum
805 983 989 1040 salvat
1012 988 1069 1040 et
1091 984 1381 1056 justificat
1412 985 1853 1056 prmdestinatos
1883 988 1956 1042 ad

296 1075 502 1130 vitam.
522 1074 654 1129 Haec
684 1076 774 1129 est
803 1072 966 1129 salus
997 1074 1068 1128 de
1093 1090 1209 1145 qua
1234 1074 1379 1129 dixit
1408 1073 1641 1130 Simeon
1668 1092 1681 1130 :
1722 1098 1743 1125 ι
1778 1075 1954 1131 Vide-

297 1168 441 1219 runt
461 1162 615 1219 oculi
639 1161 754 1218 mei
777 1161 1045 1218 Salutare
1076 1166 1246 1218 tuum
1269 1164 1420 1235 (Luc.
1456 1166 1538 1232 ιι).
1570 1186 1592 1213 ι
1629 1165 1698 1219 Et
1725 1165 1904 1221 Jacob
1937 1181 1950 1219 :

301 1276 329 1304 «ι
360 1252 632 1309 Salutare
654 1250 879 1325 (inquit)
911 1255 1080 1308 tuum
1106 1253 1474 1326 exspectabo,
1506 1253 1750 1310 Domine
1798 1255 1951 1324 (Gen.

295 1342 472 1415 XLIX).
501 1364 530 1391 »

371 1454 401 1481 ‹‹
433 1429 645 1486 Audite
672 1445 790 1498 me,
824 1452 846 1483 ι
885 1446 918 1485 o
948 1428 1149 1502 populi
1179 1432 1237 1485 et
1266 1431 1567 1486 credentes
1599 1454 1625 1482 «
1661 1432 1760 1504 qui
1790 1432 1952 1488 scitis

288 1521 585 1593 justum,»
618 1519 677 1575 id
709 1522 797 1575 est
825 1518 1145 1587 Christum,
1169 1518 1420 1591 pepulus
1449 1519 1718 1577 videlicet
1738 1521 1945 1578 fidelis.

294 1632 322 1659 ‹‹
350 1609 469 1666 Lex
496 1624 650 1676 mea,
675 1607 794 1664 »'id
830 1611 918 1664 est
947 1607 1038 1664 lex
1065 1607 1386 1680 Evangelii,
1410 1631 1437 1658 «
1465 1608 1521 1664 in
1552 1609 1826 1665 cordibus
1855 1628 1950 1667 eo-

292 1715 490 1767 rum,»
522 1696 807 1755 subaudis
840 1695 1102 1753 fidelium
1136 1713 1151 1752 :
1188 1714 1304 1753 non
1338 1697 1396 1752 in
1429 1715 1528 1754 ore
1557 1698 1946 1769 solummodo,

284 1789 399 1846 sed
428 1788 489 1843 in
520 1786 698 1890 corde
719 1789 775 1842 et
802 1785 1156 1887 operatione.
1179 1786 1336 1890 ‘Vox‘
1355 1786 1458 1842 Dei
1500 1787 1790 1890 Fatris‘ad
1821 1805 1948 1845 crc-
1972 1826 2027 1890 ,Β

286 1879 517 1935 dentes.
551 1874 802 1932 Auditus
832 1875 892 1930 in
924 1891 1090 1930 sacro
1146 1874 1377 1947 eloquio
1438 1876 1823 1949 spiritualiter
1861 1882 1951 1933 est

285 1963 702 2038 requirendus.
736 1985 764 2012 ‹‹
794 1960 1004 2017 Audite
1035 1978 1149 2029 me,
1184 1984 1213 2013 »
1246 1962 1306 2017 id
1357 1967 1446 2019 est
1502 1963 1807 2036 intelligite
1845 1966 1948 2021 do-

289 2054 542 2111 ctrinam
573 2049 986 2124 evangelicam,
1020 2054 1078 2106 et
1104 2067 1277 2123 opere
1318 2053 1546 2108 studete
1603 2053 1944 2126 adimplere.

284 2165 318 2195 «ι
349 2142 544 2199 Nolite
569 2141 797 2210 timere,
833 2163 861 2191 »
893 2157 926 2196 ο
958 2140 1228 2212 apostoli,
1263 2163 1292 2191 «
1326 2142 1706 2213 opprobrium
1752 2143 1947 2198 homi-

282 2249 461 2299 num,
490 2252 520 2283 »
553 2228 611 2286 id
663 2234 753 2287 est
809 2229 1200 2286 contumelias
1250 2234 1307 2285 et
1336 2230 1795 2302 oppressionem,
1827 2255 1856 2281 ‹‹
1889 2236 1947 2288 et

282 2318 692 2394 blasphemiae
750 2335 953 2376 eorum
1002 2335 1075 2373 ne
1118 2319 1418 2374 metuatis.
1454 2341 1482 2368 »
1513 2319 1652 2375 Tale
1681 2323 1770 2376 est
1799 2320 1941 2377 illud

287 2411 446 2485 quod
467 2413 526 2466 et
545 2408 607 2464 in
626 2407 938 2480 Evangelio
968 2406 1300 2463 continetur
1322 2424 1335 2461 :
1358 2430 1387 2457 «
1410 2406 1598 2464 Nolite
1620 2408 1823 2465 timere
1844 2426 1943 2466 eos

284 2499 393 2574 qui
423 2498 698 2555 occidunt
728 2513 939 2569 corpus
970 2496 1171 2564 (Matth.
1204 2496 1281 2568 χ).
1316 2519 1344 2546 ››

359 2611 392 2638 ‹‹
425 2587 589 2644 Sicut
617 2584 774 2641 enim
803 2585 1245 2652 vestimentum,
1274 2606 1300 2633 »
1334 2585 1619 2640 subaudis
1649 2588 1942 2643 consumi-

280 2681 390 2733 tur
404 2691 618 2743 verme,
639 2674 730 2730 vel
763 2677 1049 2746 tempore,
1071 2696 1100 2724 «
1126 2673 1209 2729 sic
1231 2674 1495 2729 comedet
1519 2690 1618 2728 eos
1638 2675 1873 2741 vermis,
1909 2696 1937 2725 ››

278 2765 341 2822 id
393 2769 484 2821 est
532 2763 738 2836 prepia
794 2762 1173 2819 conscientia.
1207 2785 1236 2812 «
1268 2764 1336 2817 Et
1365 2762 1518 2817 sicut
1546 2762 1742 2817 lanam
1775 2786 1803 2814 »
1839 2765 1936 2820 de-

277 2858 453 2912 vorat
473 2853 648 2921 tinea,
678 2874 700 2902 ι
726 2852 810 2908 sic
832 2850 1131 2908 devorabit
1150 2868 1249 2907 eos
1270 2851 1480 2917 tinea,»
1509 2850 1648 2923 quia
1672 2850 1939 2909 similiter

278 2941 706 3001 conscientiam
738 2941 1035 3014 propriam
1067 2940 1573 3013 significat.Aliter
1607 2958 1619 2995 :
1651 2940 1806 2996 sicut
1834 2958 1935 2998 ve-

276 3033 637 3092 stimentum
684 3033 971 3085 vetustate
997 3032 1055 3084 et
1084 3028 1243 3083 tinea
1292 3027 1678 3098 consumitur,
1712 3030 1797 3085 sic
1827 3047 1935 3103 op-

276 3120 590 3195 probrium
610 3118 846 3174 illorum
870 3134 1002 3172 cum
1033 3115 1508 3190 persecutoribus
1533 3118 1931 3189 pertransibit,

281 3188 304 3261 λ
330 3210 513 3267 Salus
533 3212 730 3264 autem
753 3223 884 3262 mea
904 3228 933 3256 »
955 3188 1223 3262 Christus
1239 3228 1267 3255 «
1284 3206 1343 3261 in
1365 3188 1787 3278 sempiternum
1801 3208 1929 3275 erit,
1966 3188 2008 3257 Ο

275 3304 337 3355 et
362 3296 603 3371 justitia
659 3311 790 3351 mea
833 3294 893 3350 in
923 3295 1297 3368 generatione
1330 3298 1388 3350 et
1415 3295 1868 3367 generationem,
1904 3318 1933 3347 »

276 3388 338 3444 id
366 3386 545 3455 est,in
575 3385 775 3442 omnia
802 3388 1070 3457 tempora
1099 3385 1313 3440 futura.
1346 3384 1446 3438 Vel
1473 3383 1532 3438 in
1562 3384 1936 3455 generatione

274 3476 647 3540 Iudaeorum,
676 3478 734 3530 et
761 3474 1197 3547 generationem
1228 3472 1513 3545 gentium.

349 3587 385 3615 ‹‹
418 3568 735 3637 Consurge,
764 3578 1075 3635 consurge,
1108 3563 1353 3617 induere
1411 3562 1753 3617 fortitudine
1810 3565 1935 3619 bra-

271 3652 486 3710 chium
518 3651 767 3709 Domini.
798 3674 827 3701 »
856 3651 977 3707 Vox
1032 3650 1325 3723 prophetis
1380 3654 1438 3705 et
1486 3650 1684 3722 populi
1719 3650 1932 3720 fidelis,

268 3742 650 3816 deprecantis
680 3757 784 3814 pro
814 3741 1065 3797 adventu
1098 3738 1225 3795 Filii
1255 3739 1377 3794 Dei.
1411 3738 1455 3794 Ο
1478 3738 1782 3794 brachium
1814 3740 1931 3795 Do-

266 3831 447 3903 mini,
473 3831 532 3886 id
565 3834 653 3886 est
682 3829 810 3886 Filii
840 3828 943 3885 Dei
974 3827 1281 3899 altissime,
1313 3843 1485 3899 surge
1513 3828 1584 3883 de
1614 3827 1798 3899 gloria
1828 3845 1928 3901 pa-

264 3924 456 3977 ternae
483 3918 814 3990 majestatis
844 3918 917 3973 ad
948 3916 1370 3972 incarnationis
1419 3921 1531 3971 tum
1582 3918 1926 3988 mysterium

261 4008 722 4082 adimplendum
747 4024 762 4063 :
787 4022 1075 4079 consurge
1096 4006 1168 4060 ad
1188 4004 1595 4061 redimendum
1618 4022 1804 4077 genus
1827 4007 1930 4062 hu-

261 4114 540 4154 manum.
576 4097 823 4152 Induere
853 4094 1197 4151 fortitudine
1226 4093 1553 4149 divinitatis
1584 4098 1695 4149 tua;
1728 4099 1929 4151 contra

260 4188 590 4243 daemones.
626 4208 654 4235 ‹‹
687 4186 984 4256 Consurge
1041 4182 1196 4238 sicut
1244 4182 1303 4237 in
1336 4182 1543 4237 diebus
1574 4184 1835 4255 antiquis
1866 4185 1926 4239 in

259 4272 751 4348 generationibus
771 4270 1176 4327 seculorum.»
1203 4271 1273 4326 Et
1292 4274 1381 4325 est
1401 4287 1613 4327 sensus
1636 4288 1648 4326 :
1674 4272 1837 4326 Sicut
1868 4272 1925 4327 in

260 4362 539 4436 antiquis
567 4360 933 4434 temporibus
963 4358 1279 4415 auxiliatus
1309 4375 1372 4413 es
1404 4359 1619 4431 populo
1652 4365 1751 4415 tuo
1780 4362 1930 4417 edu-

257 4468 412 4509 cens
433 4467 570 4507 eum
593 4451 665 4507 de
685 4450 1015 4524 Egypto,et
1036 4448 1190 4504 sicut
1218 4447 1279 4502 in
1309 4447 1791 4519 generationibus
1821 4467 1924 4522 pa-

257 4547 433 4599 trum
466 4544 802 4596 nostrorum
835 4541 999 4627 tuam
1043 4535 1352 4593 ostendisti
1382 4535 1806 4627 fortitudinem,
1841 4538 1923 4593 sic
1955 4562 2003 4627 Β

256 4631 448 4687 modo
479 4628 607 4685 veni
639 4629 700 4683 in
730 4643 904 4684 carne
930 4625 1177 4682 liberare
1233 4641 1421 4697 genus
1478 4623 1805 4681 humanum
1854 4628 1925 4683 de

255 4736 455 4776 manu
513 4716 749 4773 diaboli.
784 4738 812 4765 ‹‹
848 4712 1124 4786 Nunquid
1161 4736 1188 4760 »
1221 4730 1254 4768 o
1313 4711 1555 4767 Domine
1613 4713 1787 4780 Deus,
1823 4715 1923 4785 qui

253 4807 517 4881 aqualis
547 4823 609 4862 es
640 4805 793 4860 Patri
826 4804 884 4859 in
916 4803 1216 4868 omnibus,
1251 4826 1280 4851 «
1305 4819 1420 4857 non
1450 4801 1789 4872 percussisti
1824 4821 1923 4859 su-

255 4897 543 4970 perbum,
578 4918 604 4943 »
637 4893 923 4950 subaudis
972 4891 1297 4960 diabolum,
1347 4890 1638 4961 projicens
1685 4907 1820 4945 eum
1853 4893 1924 4947 de

253 4986 436 5055 caelo,
466 4983 824 5040 «vulnerasti
847 4984 1219 5049 draconem,»
1253 4981 1634 5051 Pharaonem,
1668 4981 1725 5035 in
1753 4981 1920 5050 mari,

250 5075 356 5132 vel
386 5074 691 5131 diabolum
709 5073 739 5129 Ἰ

338 5188 370 5215 α
404 5163 687 5236 Nunquid
715 5163 878 5235 (non)
911 5164 977 5216 tu
1008 5160 1242 5218 siccasti
1292 5176 1454 5215 mare
1483 5176 1698 5231 aquam
1729 5159 1924 5233 abyssi

251 5251 634 5309 vehementis
670 5274 691 5300 ιι
730 5255 795 5307 ut
824 5249 1142 5308 transitum
1193 5249 1481 5322 praeberes
1530 5248 1745 5321 populo
1776 5250 1924 5305 tuo?

256 5365 289 5393 ‹‹
321 5341 437 5408 Qui
459 5340 709 5414 posuisti
732 5340 1089 5412 profundum
1113 5339 1297 5394 maris
1318 5338 1494 5404 viam,
1513 5342 1579 5393 ut
1608 5337 1926 5395 transirent

252 5428 501 5485 liberati
527 5449 549 5480 ι
576 5428 744 5485 electi
769 5430 875 5485 tui.
901 5430 970 5484 Et
989 5432 1079 5484 est
1101 5444 1313 5483 sensus
1337 5443 1348 5481 :
1378 5426 1559 5482 Sicuti
1585 5426 1705 5481 haec
1726 5427 1924 5482 omnia

247 5518 477 5585 fecisti,
510 5518 595 5573 sic
626 5534 859 5591 quoque
889 5517 1018 5576 veni
1052 5518 1124 5573 ad
1162 5516 1510 5574 salvandum
1541 5515 1791 5572 electum
1822 5533 1922 5589 po-

248 5606 475 5681 pulum
508 5611 702 5664 tuum.

1362 312 1770 377 COMMENT.
1817 315 1894 377 IN
1940 317 2236 380 ISAIAM.
2282 353 2359 364 —
2402 320 2550 382 LIB.
2599 322 2675 382 II.

3601 332 3721 396 978

2144 477 2171 504 «
2203 455 2275 511 Et
2302 473 2458 512 nunc
2489 455 2587 530 qui
2620 457 2906 532 redempti
2938 466 3081 519 sunt
3108 479 3142 521 a
3174 462 3480 537 Domino,»
3506 467 3722 529 subau-

2071 544 2163 600 dis
2186 546 2471 618 sanguine
2494 546 2620 602 Filii
2644 548 2794 619 ejus,
2820 571 2848 597 «
2869 552 3288 621 revertentur,»
3311 557 3383 612 de
3412 556 3723 631 iniquitate

2070 634 2143 689 ad
2169 634 2490 705 justitiam,
2550 658 2569 686 ι
2598 640 2656 691 et
2682 637 2918 693 venient
2948 638 3006 693 in
3039 640 3200 707 Sion,
3224 663 3252 692 »
3288 643 3346 698 id
3374 650 3465 701 est
3494 646 3554 702 in
3582 664 3723 721 prae-

2071 726 2296 778 sentem
2320 723 2937 798 Ecclesiam,vel,quod
2961 728 3175 784 melius
3198 736 3306 799 est,
3329 731 3389 787 in
3421 734 3719 794 caelestem

2068 811 2217 866 beati
2230 812 2491 868 tudinem
2507 812 3049 873 laudantesillum.«
3065 818 3135 873 Et
3147 817 3347 876 latitia
3358 822 3721 896 sempiterna

2068 917 2245 972 super
2274 902 2465 974 capita
2496 919 2720 970 eorum,
2759 926 2785 952 »
2813 904 2873 959 id
2907 910 2996 961 est
3025 905 3084 962 in
3137 908 3433 968 mentibus
3488 927 3715 970 eorum.

2065 990 2242 1045 Juxta
2287 989 2434 1045 illud
2492 992 2814 1047 Psalmistas
2846 996 3202 1066 octogesimo
3236 999 3407 1056 tertio
3438 1000 3665 1075 psalmo
3699 1020 3713 1060 :

2066 1101 2094 1127 ‹‹
2120 1078 2279 1134 Beati
2303 1081 2404 1151 qui
2432 1080 2701 1136 habitant
2722 1082 2779 1136 in
2804 1084 2976 1139 domo
3000 1088 3119 1153 tua,
3141 1084 3405 1157 Domine,
3424 1089 3485 1145 iu
3503 1091 3718 1149 εωοιιῐει

2065 1166 2415 1222 aemulorum
2440 1166 2769 1223 laudabunt
2789 1173 2902 1225 te.»
2927 1171 3057 1227 Haec
3086 1189 3200 1228 non
3232 1182 3482 1247 possunt
3500 1179 3716 1238 habere

2065 1254 2250 1309 sancti
2274 1255 2333 1309 in
2358 1257 2627 1327 praesenti
2651 1256 2864 1312 smculo
2897 1260 3068 1331 positi
3096 1279 3110 1329 ;
3143 1265 3298 1320 unde
3326 1269 3385 1321 et
3407 1267 3711 1340 sequitur:

2063 1364 2091 1391 ‹‹
2126 1343 2420 1398 Gaudium
2451 1348 2510 1400 et
2539 1344 2801 1401 laetitiam
2851 1348 3220 1419 obtinebunt,
3256 1373 3284 1401 »
3316 1346 3619 1425 subaudis,
3648 1357 3712 1413 in

2060 1431 2279 1487 cmlesti
2328 1433 2677 1489 Jerusalem.
2712 1436 2981 1509 «Fugiet
3039 1437 3207 1494 dolor
3262 1444 3321 1496 et
3377 1443 3651 1516 gemitus,
3684 1466 3713 1495 »

2060 1518 2214 1575 sicut
2244 1520 2459 1576 dicitur
2491 1522 2548 1577 in
2578 1523 2924 1596 Apocalypsi
2954 1525 3143 1598 capite
3170 1528 3455 1601 vigesimo
3486 1531 3709 1604 primo:

2058 1609 2364 1681 Abstergct
2390 1611 2539 1667 Deus
2563 1627 2797 1668 omnem
2820 1613 3139 1686 lacrymam
3165 1617 3239 1671 ab
3270 1612 3457 1674 oculis
3485 1634 3709 1677 eorum:

2058 1702 2117 1754 et
2146 1715 2306 1755 mors
2347 1698 2499 1755 ultra
2531 1715 2644 1754 non
2676 1701 2806 1769 erit,
2842 1718 3029 1775 neque
3078 1703 3296 1773 luctus,
3346 1723 3537 1780 neque
3594 1710 3711 1767 cla-

2060 1804 2207 1843 mor.

2130 1900 2160 1927 «
2192 1878 2444 1950 Ego,ego
2475 1877 2656 1949 ipse,»
2691 1879 2999 1951 subaudis,
3025 1880 3206 1937 Filius
3237 1881 3358 1950 Dei,
3390 1905 3418 1933 «
3448 1884 3710 1942 consola-

2057 1965 2165 2021 bor
2189 1983 2311 2035 vos,
2345 1988 2373 2017 »
2410 1966 2844 2033 redimendo,et
2872 1969 3064 2024 dando
3094 1969 3378 2043 Spiritum
3408 1976 3705 2041 sanetum,

2056 2054 2159 2126 qui
2199 2059 2289 2111 est
2342 2073 2517 2122 verus
2576 2056 2925 2112 consolator.
2959 2058 3104 2123 Quia
3153 2059 3379 2116 dixerat
3433 2062 3707 2135 superius

2055 2144 2308 2216 populus
2366 2145 2555 2200 fidelis
2613 2146 2831 2201 orando
2890 2147 2962 2201 ad
3017 2146 3355 2217 Dominum,
3416 2164 3706 2224 consurge

2055 2233 2124 2288 ad
2160 2250 2265 2288 nos
2298 2233 2607 2289 salvandos
2641 2251 2654 2289 :
2689 2235 3003 2305 respondet
3030 2235 3155 2306 ipse
3188 2252 3290 2307 per
3317 2238 3702 2309 prophetam:

2052 2320 2171 2393 Ego
2204 2321 2520 2393 (inquiens)
2544 2322 2893 2378 consolabor
2938 2340 3060 2389 vos,
3094 2327 3151 2377 et
3207 2340 3323 2379 non
3373 2325 3546 2381 alius.
3578 2327 3706 2383 Non

2052 2414 2318 2481 potentes
2350 2410 2530 2481 hujus
2563 2410 2910 2475 smculi,non
2944 2395 3236 2483 sapientes
3266 2412 3447 2484 hujus
3474 2413 3703 2470 mundi.

2052 2521 2080 2547 «
2115 2498 2257 2563 Quis
2290 2503 2375 2566 tu,
2414 2521 2440 2547 »
2472 2516 2504 2553 ο
2544 2498 2759 2553 chorus
2817 2498 3103 2565 fidelium,
3136 2523 3163 2549 «
3198 2505 3264 2555 ut
3292 2500 3551 2569 timeres,
3587 2525 3614 2552 »
3642 2502 3705 2560 id

2049 2591 2139 2642 est
2168 2592 2235 2641 ut
2260 2587 2465 2641 timere
2497 2586 2710 2641 debeas
2741 2608 2769 2635 ‹‹
2790 2587 2861 2641 ab
2894 2587 3131 2641 homine
3165 2589 3397 2644 mortali
3428 2594 3485 2645 et
3516 2608 3550 2645 a
3581 2589 3701 2647 filio

2048 2675 2433 2746 bominis,qui
2469 2674 2637 2745 quasi
2673 2676 2872 2729 fenum
2905 2676 3020 2729 cito
3051 2680 3301 2731 arescet:
3327 2681 3386 2733 et
3405 2668 3699 2735 oblituses

2046 2763 2277 2819 Domini
2309 2761 2542 2817 factoris
2576 2761 2745 2816 tui?»
2777 2762 3112 2833 Alloquitur
3139 2764 3386 2819 chorum
3415 2762 3702 2837 apostolo-

2045 2870 2197 2919 rum,
2220 2856 2285 2906 ut
2308 2868 2421 2905 non
2446 2850 2650 2905 timeat
2670 2850 2951 2906 saevitiam
2974 2854 3030 2906 et
3052 2855 3344 2907 tormenta
3363 2851 3697 2927 hominum,

2044 2942 2185 3014 quia
2211 2939 2324 3013 ipsi
2356 2939 2629 3011 peribunt
2658 2943 2714 2993 et
2756 2938 3093 2993 transibunt
3122 2940 3276 2996 sicut
3306 2941 3507 2997 fenum
3538 2944 3695 3014 quod

2043 3031 2157 3086 cito
2185 3032 2409 3084 arescet
2441 3046 2453 3084 :
2489 3027 2625 3100 quia
2649 3027 2840 3082 omnis
2874 3044 3006 3082 caro
3039 3027 3346 3084 fenum.Et
3374 3028 3697 3103 alloquitur

2043 3118 2221 3173 etiam
2254 3117 2385 3173 illos
2429 3116 2530 3189 qui
2566 3116 2773 3170 timore
2803 3116 3095 3187 passionis
3124 3117 3417 3188 perterriti
3447 3135 3693 3193 negave-

2045 3212 2177 3263 rant
2205 3224 2361 3272 eum,
2388 3210 2452 3260 ut
2482 3206 2828 3261 erubescant
2857 3205 2916 3259 in
2948 3222 3057 3260 sua
3085 3204 3412 3277 iniquitate,
3437 3210 3495 3264 et
3523 3210 3692 3266 robo-

2045 3301 2247 3352 rentur
2268 3296 2325 3350 in
2351 3297 2462 3351 fide
2486 3298 2723 3367 agentes
2754 3294 3427 3365 pmnitentiamQuando
3456 3298 3693 3373 (inquit)

2043 3385 2293 3441 timuisti
2344 3385 2645 3439 hominem
2694 3382 2999 3438 mortalem
3042 3387 3304 3457 tempore
3336 3386 3693 3459 afflictionis,

2045 3474 2294 3531 amisisti
2322 3474 2589 3529 timorem
2612 3472 2899 3527 Creatoris
2918 3473 3025 3528 tui.
3050 3497 3075 3521 ‹‹
3094 3473 3200 3538 Qui
3221 3476 3467 3530 tetendit
3495 3476 3691 3547 caelos,

2042 3568 2099 3619 et
2120 3563 2387 3618 fundavit
2411 3566 2645 3617 terram.
2665 3562 2734 3615 Et
2768 3560 3093 3616 formidasti
3118 3562 3342 3632 jugiter
3365 3566 3487 3617 tota
3512 3564 3626 3630 die,
3661 3585 3691 3613 ››

2042 3653 2100 3707 id
2132 3656 2222 3707 est
2277 3650 2438 3706 omni
2496 3654 2754 3719 tempore
2810 3647 3100 3718 passionis
3130 3670 3159 3697 «
3194 3664 3227 3702 a
3274 3648 3421 3704 facie
3475 3649 3691 3707 furoris

2040 3742 2169 3811 ejus
2203 3762 2230 3789 »
2265 3737 2653 3810 persecutoris
2683 3757 2711 3785 «
2741 3736 2841 3807 qui
2874 3740 2927 3789 te
2958 3734 3281 3790 tribulabat
3304 3758 3332 3785 »
3364 3735 3424 3790 in
3450 3753 3690 3810 corpore

2041 3851 2068 3879 «
2092 3834 2149 3883 et
2172 3831 2471 3900 paraverat
2494 3827 2565 3881 ad
2589 3825 2947 3895 perdendum
2976 3845 3002 3871 »
3026 3824 3084 3877 in
3108 3822 3324 3892 anima,
3358 3841 3475 3881 non
3507 3840 3692 3883 recor-

2040 3919 2187 3973 dans
2210 3916 2353 3971 illud
2379 3932 2391 3969 :
2421 3937 2447 3963 «
2473 3912 2659 3968 Nolite
2690 3913 2893 3967 timere
2916 3928 3013 3966 eos
3032 3912 3131 3982 qui
3155 3912 3432 3969 occidunt
3451 3930 3685 3987 corpus,

2039 4006 2297 4061 animam
2330 4008 2525 4059 autem
2561 4019 2674 4055 non
2709 4004 2957 4072 possunt
2988 4000 3251 4055 occidere
3303 4000 3509 4069 (Matth.
3541 4006 3621 4072 κ).
3657 4025 3688 4053 ››

2041 4117 2068 4145 ‹‹
2096 4094 2203 4149 Ubi
2226 4098 2316 4147 est
2349 4108 2504 4146 nunc
2538 4090 2696 4144 furor
2728 4088 3146 4144 tribulantis?»
3161 4089 3492 4162 Alloquitur
3511 4108 3692 4165 popu-

2038 4184 2159 4238 lum
2186 4182 2507 4247 fidelem,ut
2526 4177 2857 4234 consideret
2879 4180 3175 4250 quomodo
3196 4196 3401 4235 omnes
3422 4196 3691 4252 perseeu-

2036 4278 2190 4329 tores
2223 4276 2279 4326 et
2309 4285 2515 4325 omnes
2567 4266 2834 4322 homines
2888 4271 3297 4339 pertranseant
3328 4286 3361 4323 a
3392 4270 3687 4342 praesenti,

2037 4367 2101 4417 ut
2132 4378 2234 4433 per
2264 4360 2384 4415 haec
2415 4357 2739 4414 consolidet
2766 4373 2865 4413 eos
2898 4357 2956 4410 in
2988 4358 3122 4413 fide.

2106 4472 2135 4499 «
2159 4448 2283 4506 Cito
2303 4446 2547 4511 veniet,»
2573 4444 2859 4501 subaudis
2890 4442 3072 4499 Filius
3106 4461 3272 4499 meus
3303 4461 3407 4515 per
3425 4445 3691 4501 incarna-

2035 4536 2211 4595 tionis
2244 4536 2587 4610 mysterium
2603 4556 2629 4583 «
2646 4534 2966 4604 gradiens»
2999 4533 3325 4587 secundum
3353 4532 3689 4590 humanita-

2033 4632 2152 4684 tem
2185 4651 2212 4677 ‹‹
2238 4628 2309 4681 ad
2345 4622 2767 4696 aperiendum»
2799 4638 2899 4675 cor
2928 4621 3315 4692 superborum
3347 4620 3682 4691 hominum,

2031 4716 2117 4772 vel
2155 4716 2329 4771 etiam
2356 4714 2429 4768 ad
2462 4710 2840 4782 aperiendum
2872 4708 3190 4764 infernum.
3224 4709 3295 4765 Et
3322 4726 3440 4765 non
3469 4710 3688 4766 interﬁ-

2032 4806 2144 4861 ciet
2177 4819 2361 4874 usque
2393 4802 2464 4856 ad
2496 4799 2980 4865 internecionem,
3004 4798 3060 4853 id
3094 4802 3203 4865 est,
3237 4815 3352 4853 non
3382 4798 3687 4855 damnabit

2032 4895 2231 4949 statim
2292 4894 2355 4945 ut
2401 4888 2624 4945 venerit
2681 4893 3036 4960 peccatores,
3070 4889 3171 4943 sed
3225 4887 3585 4961 exspectabit
3610 4889 3681 4943 ad

2034 4979 2460 5056 paenitentiam,
2486 4978 2639 5034 sicut
2660 4977 2783 5049 ipse
2808 4978 3159 5050 prmdicavit,
3182 4977 3403 5043 dicens,
3436 5001 3463 5025 ‹‹
3498 4976 3683 5032 Pceni-

2033 5072 2281 5128 tentiam
2315 5069 2487 5143 agite,
2523 5068 3013 5141 appropinquavit
3044 5067 3199 5122 enim
3240 5082 3487 5139 regnum
3519 5064 3685 5122 coelo-

2033 5178 2165 5217 rum
2189 5159 2394 5233 (Matth.
2421 5159 2518 5230 ιν).
2548 5180 2575 5205 ››
2598 5158 2687 5225 Et,
2714 5180 2741 5205 ‹‹
2765 5156 2909 5211 ΝοΙο
2932 5159 3178 5211 mortem
3204 5154 3545 5227 peccatoris,
3578 5154 3683 5211 sed

2031 5255 2097 5307 ut
2129 5250 2316 5322 magis
2375 5250 2746 5303 convertatur
2804 5261 2838 5298 a
2896 5261 3004 5300 sua
3060 5243 3388 5316 iniquitate,
3420 5246 3479 5300 et
3527 5242 3683 5299 vivat

2032 5338 2444 5413 (E.z.ech.xvm).
2479 5358 2506 5387 »
2542 5335 2823 5405 Quodque
2881 5333 3208 5406 subjungit,
3244 5354 3272 5384 ‹‹
3304 5350 3419 5389 non
3450 5330 3684 5389 deficiet

2031 5430 2202 5503 panis
2225 5429 2373 5498 ejus,
2400 5448 2426 5474 »
2452 5424 2535 5478 vel
2564 5424 2633 5477 de
2658 5424 2783 5494 ipso
2818 5422 2960 5478 Filio
2992 5422 3438 5495 intelligendum
3468 5425 3559 5477 est
3579 5420 3681 5496 qui

2033 5519 2179 5574 dixit
2211 5533 2223 5571 :
2259 5538 2285 5564 «
2324 5516 2439 5586 Ego
2471 5529 2604 5567 sum
2640 5512 2809 5583 panis
2840 5509 3003 5567 vivus
3035 5515 3218 5582 (Joan.
3250 5511 3328 5584 v1)
3363 5528 3375 5567 :
3412 5533 3440 5562 ››
3471 5509 3575 5567 Vel
3609 5511 3681 5567 de

2035 5622 2273 5679 corpore
2294 5607 2351 5660 et
2379 5600 2665 5674 sanguine
2695 5598 2877 5673 illius,
2903 5600 2974 5657 de
2997 5616 3112 5673 quo
3129 5600 3284 5657 idem
3308 5599 3490 5657 Filius
3510 5598 3675 5667 dixit,
3770 5588 3948 5723 1

3272 5866 3443 6003 λβ
3580 5874 3699 5931 η
