4106 6190
355 304 476 368 9'19

777 301 1182 364 HAYMONIS
1215 295 1745 383 llALBERSTAT.
1779 289 2022 356 EPISC.
2055 287 2228 350 OPP.
2259 286 2487 349 PARS.
2521 287 2570 348 Ι.
2605 320 2681 331 -
2713 283 3118 348 COMMENT.
3149 283 3349 346 BlBL.

3641 283 3768 348 980

359 439 469 508 Qui
501 435 942 508 manducaverit
969 447 1180 507 panem
1225 430 1381 486 hunc
1427 429 1580 486 vivet
1609 427 1668 483 in
1699 429 2002 483 internum.
2032 420 2090 490 Α
2115 436 2321 478 omnes
2341 423 2674 493 peccatores
2695 422 2884 475 terrae.
2907 439 2935 468 »
2957 417 3356 508 (Psal.i.xnv.)
3377 418 3448 475 Et
3475 416 3766 476 Dominus

361 527 464 584 Vel
493 526 673 583 etiam
693 523 864 582 tertio
887 524 1059 579 modo
1081 522 1153 577 de
1179 519 1443 576 doctrina
1461 516 1807 592 Evangeliea
1837 515 2005 570 intel-

359 617 661 692 ligendum
695 617 802 680 est,
836 611 974 685 quia
1003 627 1308 682 nunquam
1339 607 1567 664 deﬁciet
1599 623 1612 664 :
1647 607 1747 664 sed
1779 623 2010 679 semper

360 707 759 763 observatores
787 717 926 756 suos
957 697 1171 772 pabulo
1200 698 1330 754 vita:
1359 701 1578 770 pascet.

433 818 461 844 α
489 795 608 866 Ego
653 808 784 848 sum
827 788 1113 846 Dominus
1165 788 1320 843 Deus
1378 792 1540 853 tuus,
1570 787 1670 860 qui
1724 786 2007 841 conturbo

359 898 579 954 mare,»
612 881 668 937 id
701 885 792 936 est
821 877 1181 935 habitatores
1211 877 1389 949 hujus
1438 876 1664 946 mundi,
1697 899 1725 925 ‹‹
1761 880 1818 932 et
1851 876 2005 930 intu-

359 974 630 1030 mescunt
659 971 874 1026 ﬂuctus
903 969 1084 1040 ejus,»
1116 967 1224 1023 hoc
1257 972 1344 1021 est
1375 965 1809 1038 persecutiones
1832 964 2009 1020 malo-

359 1079 490 1119 rum
520 1059 827 1116 hominum
855 1061 1296 1114 commoventur
1325 1060 1528 1111 contra
1557 1055 1791 1110 electos.
1835 1077 1863 1104 «
1897 1055 2008 1109 Do-

360 1151 558 1207 minus
579 1148 937 1206 exercituum
973 1162 1182 1202 nomcn
1217 1161 1483 1213 meum,»
1516 1144 1572 1198 id
1605 1148 1695 1199 cst
1730 1143 2010 1199 Dominus

359 1238 707 1296 militiarum
755 1235 1099 1307 angelorum
1131 1237 1188 1288 et
1219 1233 1548 1288 hominum.
1579 1233 2009 1305 Apostropbam

359 1328 581 1388 facitad
593 1327 789 1400 ipsum
803 1323 905 1380 Fili
915 1341 1013 1378 um
1023 1323 1286 1390 .Quando
1299 1321 1667 1377 conturbavit
1677 1322 1832 1377 Deus
1845 1322 2013 1377 Pater

359 1418 471 1474 hoc
492 1415 689 1471 mare?
711 1413 952 1480 Quando
975 1411 1209 1467 Judzeos
1231 1409 1429 1465 saevire
1459 1409 2009 1482 permisit,primum

360 1505 420 1561 in
442 1503 656 1560 Filium
679 1500 1092 1569 suum,deindc
1113 1499 1172 1554 in
1195 1499 1512 1572 apostolos,
1541 1503 1598 1555 et
1617 1500 1920 1555 credentes
1950 1499 2008 1554 in

361 1608 444 1651 se.
476 1593 547 1648 Et
575 1591 625 1648 si
657 1591 781 1664 ipse
811 1587 1202 1655 conturbavit,
1236 1605 1416 1660 quare
1469 1591 1742 1645 tenentur
1795 1587 1876 1643 rei
1927 1587 2012 1643 illi

360 1679 462 1753 qui
491 1695 591 1736 eos
622 1681 761 1734 sunt
811 1675 1150 1750 persecuti?
1181 1677 1346 1732 Tunc
1374 1676 1590 1732 dicitur
1618 1677 1742 1750 ipse
1771 1681 2010 1732 contur-

357 1767 550 1838 basse,
590 1765 824 1840 quando
854 1765 1123 1839 permisit
1153 1765 1488 1821 conturbari
1521 1783 1640 1822 eos.

430 1879 459 1909 «ι
483 1855 658 1930 Bosui
687 1855 930 1912 verbum
962 1871 1161 1910 meum
1193 1853 1253 1909 in
1285 1871 1384 1910 ore
1410 1858 1534 1920 tuo,
1571 1877 1598 1903 ››
1622 1854 1678 1910 id
1711 1858 1799 1910 est
1829 1853 2011 1927 pleni-

359 1943 626 2002 tudinem
659 1943 959 2018 sapientiae
981 1947 1040 2000 et
1062 1941 1318 1998 scientia:
1346 1941 1479 1998 dedi
1510 1941 1637 1998 tibi.
1667 1965 1692 1992 ‹‹
1712 1944 1779 1998 Et
1799 1941 1858 1997 in
1881 1960 2010 1998 um-

359 2033 466 2089 bra
489 2050 701 2089 manus
723 2050 863 2088 mea:
886 2030 1108 2104 protexi
1132 2034 1208 2098 te,
1229 2053 1256 2082 n
1281 2031 1338 2086 id
1362 2036 1453 2087 est
1474 2031 1531 2087 in
1558 2032 1912 2104 protectionc
1931 2032 2011 2088 di-

357 2121 620 2178 vinitatis
636 2120 922 2178 custodivi
938 2124 994 2176 te
1019 2137 1090 2176 ne
1113 2125 1465 2192 peccares,et
1482 2137 1552 2176 ne
1567 2120 2012 2177 vilesceretcaro

359 2214 669 2282 assumpta
699 2227 734 2265 a
761 2209 970 2275 Verbo,
1005 2231 1034 2258 «
1068 2212 1134 2263 ut
1163 2207 1390 2280 plantes
1435 2205 1632 2278 ccelos,
1667 2231 1695 2259 »
1727 2210 2012 2267 subaudis

362 2314 564 2364 novos,
602 2318 626 2348 α
654 2301 711 2353 et
741 2297 951 2351 fundes
977 2300 1212 2361 terram,
1249 2319 1276 2344 ››
1307 2297 1590 2354 subaudis
1625 2315 1854 2366 novam,
1900 2319 1928 2352 α
1957 2303 2014 2354 et

361 2385 524 2441 dicas
540 2383 612 2440 ad
627 2383 824 2449 Sion,»
837 2383 946 2438 hoc
968 2387 1057 2439 est
1077 2383 1146 2438 ad
1171 2383 1510 2450 Ecclesiam,
1533 2406 1554 2432 ι
1571 2385 1827 2458 Populus
1845 2403 2012 2442 meus

361 2489 426 2530 es
453 2477 540 2530 tu.
565 2493 593 2522 ››
623 2471 710 2527 Ad
740 2471 1042 2527 hominem
1076 2475 1448 2544 assumptum
1479 2490 1514 2528 a
1533 2473 1723 2529 Verbo
1755 2472 2014 2547 loquitur

363 2561 478 2618 ista
505 2561 661 2618 Deus
691 2559 879 2628 Pater,
914 2560 972 2616 in
1007 2577 1124 2633 quo
1167 2559 1461 2616 inhabitat
1489 2561 1684 2618 omnis
1712 2562 2011 2635 plenitudo

362 2649 688 2706 divinitatis
718 2649 1098 2723 corporaliter
1125 2665 1196 2706 ex
1221 2655 1503 2722 tempore.
1538 2653 1834 2717 Quantum
1855 2652 2011 2709 enim

363 2738 436 2796 ad
467 2737 834 2794 divinitatem
865 2738 1139 2812 pertinet,
1167 2737 1312 2794 nihil
1345 2739 1570 2812 accepit
1597 2756 1665 2795 ex
1691 2744 1951 2814 tempore
1980 2760 2014 2798 a

362 2827 552 2895 Patre,
601 2828 703 2884 sed
753 2827 952 2883 omnia
993 2826 1255 2900 possidet
1285 2827 1623 2885 communia
1644 2846 1776 2884 cum
1811 2831 2009 2900 Patre;

361 2917 581 2990 quippe
605 2915 706 2989 qui
731 2920 821 2972 est
841 2915 943 2972 Dei
965 2915 1152 2972 virtus
1173 2921 1231 2972 et
1251 2916 1350 2972 Dei
1374 2917 1684 2990 sapientia,
1717 2935 1820 2990 per
1837 2936 2012 2992 quem

361 3009 575 3061 cuncta
620 3005 772 3062 facta
814 3005 953 3081 sunt
993 3021 1063 3060 ex
1105 3003 1289 3060 nihilo
1343 3005 1450 3061 Per
1473 3006 1684 3062 cwlum
1713 3024 1925 3064 novum
1957 3012 2015 3065 et

361 3095 580 3150 terram
611 3109 842 3158 novam,
877 3111 1055 3165 quam
1087 3092 1362 3166 praecepit
1396 3095 1544 3150 Deus
1575 3095 1744 3152 Pater
1775 3095 1918 3153 Filio
1949 3102 2014 3153 ut

2117 511 2188 566 ad
2210 510 2525 567 Jeremiam
2547 525 2559 565 :
2587 531 2607 559 ι
2635 506 3297 580 Sume,inquit,calicem
3317 507 3388 564 de
3409 525 3588 564 manu
3611 525 3762 582 mea,

2115 605 2173 657 et
2191 598 2529 673 propinabis
2561 598 2788 654 cunctis
2819 597 3093 670 gentibus
3123 597 3194 652 ad
3228 614 3374 670 quas
3402 597 3631 654 mittam
3648 602 3765 655 te.»

2117 689 2246 762 (Jer.
2305 691 2481 760 xxxv.)
2546 711 2574 738 «
2607 687 2800 760 Usque
2859 687 2930 742 ad
2993 687 3239 742 fundum
3287 686 3529 742 calicem
3589 705 3769 760 sopo-

2118 780 2220 848 ris,
2257 803 2284 826 υ
2317 779 2370 833 id
2399 781 2488 834 est
2518 777 2747 843 mortis,
2781 800 2807 828 «
2837 775 3037 833 bibisti
3082 779 3141 831 et
3188 775 3403 849 potasti
3457 794 3648 849 usque
3695 779 3768 834 ad

2117 869 2292 936 feces,
2327 889 2354 916 ››
2385 867 2442 922 id
2477 870 2566 922 est
2596 883 2782 938 usque
2813 865 2886 921 ad
2916 865 3091 920 ﬁnem
3141 865 3338 922 seaculi
3396 865 3771 923 sustinebitis

2118 959 2290 1013 istam
2324 955 2740 1029 captivitatem.
2778 953 2994 1009 Idcirco
3025 953 3168 1010 dicit
3195 972 3382 1028 usque
3412 956 3482 1011 ad
3517 956 3769 1012 fundum

2117 1046 2406 1112 bibisti,ct
2431 1061 2616 1118 usque
2643 1045 2713 1100 ad
2745 1045 2895 1100 tcces
2919 1061 2932 1097 :
2957 1042 3098 1117 quia
3113 1048 3248 1117 post
3275 1043 3434 1100 illam
3465 1045 3770 1118 captivita-

2117 1140 2234 1190 tem
2268 1135 2450 1190 altera
2476 1152 2591 1190 non
2621 1133 2812 1190 veniet
2860 1133 2968 1203 eis,
2999 1132 3376 1191 manentibus
3431 1151 3664 1208 semper
3707 1135 3769 1190 in

2116 1225 2218 1365 In:
2244 1315 2364 1369 Non
2390 1317 2478 1368 est
2496 1312 2593 1384 qui
2617 1313 2908 1368 sustentet
2927 1327 3056 1366 eam
3078 1327 3148 1366 ex
3167 1309 3444 1366 omnibus
3465 1311 3604 1368 ﬁliis
3619 1329 3771 1385 quos

2119 1402 2340 1477 genuit,
2375 1406 2431 1458 et
2448 1418 2562 1457 non
2585 1404 2676 1456 est
2696 1400 2795 1474 qui
2829 1399 3228 1473 apprehendat
3256 1416 3498 1455 manum
3527 1401 3678 1473 ejus,
3712 1407 3773 1458 et

2119 1490 2304 1563 erigat
2317 1490 2634 1562 jacentem,
2656 1511 2684 1538 »
2709 1489 2763 1544 id
2789 1493 2881 1544 est
2901 1486 3000 1560 qui
3022 1487 3418 1560 operationem
3448 1489 3577 1561 ejus
3609 1490 3774 1546 robo-

2120 1585 2226 1646 ret,
2261 1605 2288 1631 ‹‹
2323 1598 2390 1636 ex
2421 1578 2696 1636 omnibus
2749 1576 2888 1633 ﬁliis
2945 1594 3092 1650 quos
3138 1575 3435 1633 enutrivit.
3465 1601 3492 1629 ιι
3529 1580 3774 1647 Quando

2119 1670 2386 1726 exierunt
2416 1670 2488 1726 de
2517 1671 2780 1742 ngypto,
2813 1667 3150 1723 habuerunt
3182 1667 3384 1724 Mosen
3413 1667 3514 1740 qui
3545 1672 3776 1724 susten-

2039 1794 2090 1860 Β
2123 1759 2260 1814 tavit
2287 1776 2406 1826 eos,
2435 1761 2492 1814 et
2529 1755 2712 1813 oravit
2759 1774 2864 1829 pro
2908 1755 2992 1812 eis
3037 1755 3238 1812 dicens
3285 1756 3359 1812 ad
3402 1755 3771 1814 Dominum:

2122 1873 2150 1900 ‹‹
2175 1851 2290 1904 Aut
2318 1847 2548 1903 dimitte
2578 1845 2694 1901 illis
2725 1845 2876 1900 hanc
2899 1849 3241 1912 noxam,aut
3255 1843 3383 1901 dele
3413 1862 3508 1901 me
3537 1845 3774 1904 delibro

2121 1943 2222 1994 tuo
2251 1936 2440 2002 (Exod.
2474 1938 2669 2004 xxx”).
2709 1958 2736 1984 »
2767 1935 2984 1990 Iterum
3040 1934 3275 2006 quando
3329 1934 3492 1990 ducti
3543 1940 3684 1990 sunt
3713 1935 3773 1991 in

2122 2021 3142 2100 Babylonem,babueruntDanielem
3165 2026 3222 2078 et
3240 2021 3432 2078 socios
3447 2023 3499 2096 ej
3508 2023 3776 2093 us,alios-

2121 2134 2236 2190 que
2266 2115 2600 2189 prophetas,
2626 2113 2726 2187 qui
2751 2113 3262 2187 apprehenderunt
3277 2131 3521 2170 manum
3542 2131 3772 2185 eorum,

2121 2205 2178 2261 id
2198 2210 2288 2261 est
2305 2204 2703 2278 operationem
2725 2220 2925 2258 eorum
2931 2206 3014 2276 ,et
3035 2206 3510 2260 sustentaverunt
3525 2220 3624 2260 eos
3647 2204 3772 2263 suis

2121 2295 2413 2367 precibus.
2451 2295 2512 2349 In
2547 2292 2656 2348 hac
2688 2309 2818 2348 vero
2849 2291 3183 2365 captivitate
3212 2290 3442 2360 ultima,
3463 2309 3652 2366 neque
3681 2310 3773 2349 sa-

2121 2383 2438 2448 cerdotem,
2471 2399 2660 2455 neque
2693 2381 3058 2455 prophetam,
3089 2396 3276 2454 neque
3305 2379 3638 2453 apostolum
3667 2381 3768 2437 ba-

2122 2471 2263 2527 bent
2291 2469 2783 2543 interpellatorem
2833 2486 2936 2542 pro
2979 2485 3084 2525 se:
3118 2468 3256 2542 quia
3305 2468 3625 2526 noluerunt
3673 2486 3772 2526 eos

2120 2560 2356 2616 habere.
2387 2559 2646 2632 Apostoli
2696 2557 2915 2615 etenim
2973 2556 3282 2614 voluerunt
3337 2575 3581 2614 manum
3635 2575 3770 2632 prae-

2121 2650 2280 2716 bere,
2311 2647 2368 2704 id
2400 2652 2488 2704 est
2518 2646 2981 2703 consolationem
3031 2647 3324 2720 quomodo
3371 2645 3772 2720 erigerentur;

2122 2738 2223 2794 sed
2247 2737 2566 2810 contempti
2587 2737 2658 2792 ab
2679 2735 2765 2792 eis
2797 2735 3150 2792 dimiserunt
3179 2739 3679 2804 eos,transeuntes
3699 2736 3770 2792 ad

2121 2830 2343 2901 gentes.

2198 2916 2368 2971 «Duo
2391 2918 2534 2971 sunt
2565 2930 2693 2988 quae
2723 2917 3106 2970 occurrerunt
3135 2912 3264 2982 tibi,
3300 2936 3327 2963 ι»
3356 2930 3388 2968 o
3418 2912 3770 2970 Jerusalem.

2127 3027 2150 3054 ι
2167 3003 2308 3071 Quis
2329 3003 2776 3060 contristabitur
2787 3019 2964 3076 super
2981 3006 3036 3058 te
3057 3002 3117 3058 ?»
3143 3001 3770 3071 Subaudis,sieutolim

2121 3093 2499 3149 contristatus
2525 3095 2616 3148 est
2643 3091 2930 3148 Jeremias
2959 3096 3017 3146 et
3045 3089 3248 3147 Daniel
3273 3109 3287 3160 ;
3317 3089 3406 3148 vel
3443 3091 3602 3147 sicut
3632 3108 3771 3147 con-

361 3179 588 3252 plantet
631 3185 688 3236 et
734 3163 964 3250 fundat,
999 3163 1296 3237 debemus
1338 3181 1661 3257 intelligere
1717 3185 2010 3257 apostolos
2040 3163 2086 3232 α
2119 3182 2392 3238 tristatus
2410 3185 2500 3238 est
2519 3180 2786 3238 Christus
2807 3198 2985 3254 super
3015 3185 3092 3252 te,
3124 3181 3360 3254 quando
3410 3180 3570 3236 ﬂevit
3599 3198 3771 3254 super

362 3267 830 3341 apostolicosque
855 3268 1011 3324 viros
1041 3272 1098 3324 et
1125 3285 1330 3325 omnes
1361 3270 1688 3344 fideles,qui
1712 3290 1745 3327 a
1765 3273 2012 3330 Domino

361 3355 610 3430 plantati
633 3356 930 3423 sunt,etin
954 3355 1082 3428 ipso
1115 3357 1364 3423 fundati,
1399 3358 1534 3426 ﬁde,
1569 3359 1880 3419 dilectione
1910 3363 2010 3419 Dei

361 3447 420 3500 et
457 3439 744 3516 proximi:
787 3443 883 3515 qui
911 3444 983 3498 de
1011 3446 1298 3499 vetustate
1331 3446 1552 3517 peccati
1586 3449 1842 3504 renovati
1873 3456 2012 3507 sunt

358 3531 420 3588 in
451 3531 706 3588 novitate
737 3531 868 3588 ﬁdei
903 3537 961 3588 et
991 3536 1204 3589 sancta:
1238 3533 1714 3591 conversationis.

431 3644 461 3672 «
493 3621 750 3687 Elevare,
774 3620 1016 3688 elevare,
1041 3638 1350 3695 consurge,
1383 3623 1732 3694 Jerusalem,
1765 3644 1893 3699 quae
1923 3628 2008 3684 bi-

357 3709 497 3766 bisti
527 3711 598 3766 de
628 3726 808 3766 manu
858 3709 1089 3767 Domini
1149 3710 1390 3768 calicem
1423 3711 1522 3768 ira;
1553 3713 1700 3786 ejus.
1740 3737 1760 3764 ιι
1797 3716 1880 3772 Ad
1911 3735 2010 3773 eos

357 3797 620 3872 loquitur
635 3816 829 3857 sermo
850 3799 1232 3874 divimus,qui
1257 3801 1316 3856 in
1337 3801 1569 3858 Domini
1593 3803 1862 3876 passione
1880 3823 2012 3861 con-

357 3887 628 3944 ciderunt
657 3887 718 3944 in
749 3889 1078 3962 negationis
1103 3893 1406 3962 peccatum
1439 3895 1496 3946 et
1523 3891 1908 3961 infidelitatis,
1928 3895 2010 3950 di-

358 3979 557 4032 centes
589 3993 604 4032 :
637 3997 668 4027 «
695 3976 983 4050 Cruciﬁge
1015 3977 1214 4044 talem,
1249 3982 1306 4033 et
1336 3979 1410 4034 da
1440 3978 1609 4035 nobis
1640 3981 1954 4038 Barrabam
1990 4003 2004 4040 :

358 4080 475 4120 non
521 4063 678 4119 enim
707 4064 995 4120 habemus
1026 4081 1222 4136 regem
1255 4066 1370 4122 nisi
1401 4067 1708 4124 Caesarem.
1743 4092 1771 4119 »
1801 4072 2005 4141 (Matth.

356 4151 536 4221 xxvn.)
567 4151 638 4206 Et
667 4151 819 4206 sicut
840 4151 1060 4223 jacenti
1101 4153 1159 4208 in
1213 4152 1427 4211 lectulo
1477 4156 1696 4212 dicitur
1735 4158 1956 4218 elevare
1989 4179 2002 4217 :

357 4237 442 4294 ita
459 4243 516 4294 et
536 4237 654 4292 illis
673 4237 1014 4310 praecipitur
1033 4245 1097 4294 ut
1118 4239 1416 4297 eleventur
1435 4259 1469 4298 a
1486 4243 1645 4300 vitiis
1658 4246 1727 4301 ad
1741 4247 2005 4316 virtutes,

357 4327 430 4382 de
454 4325 799 4383 infidelitate
819 4327 890 4382 ad
917 4327 1187 4383 ﬁdem.Et
1209 4344 1342 4384 cum
1365 4329 1510 4386 dicit
1534 4349 1546 4388 :
1574 4356 1601 4382 «
1627 4333 1879 4404 Elevare,
1900 4337 2009 4394 elc-

354 4413 906 4486 vare,Jerusalem,»
937 4433 1051 4471 non
1084 4416 1367 4474 debemus
1397 4423 1603 4490 putare
1635 4424 1786 4494 quod
1820 4426 2006 4482 muris

2119 3271 2355 3340 te,sicut
2385 3271 2443 3326 in
2474 3268 2785 3342 Evangelia
2818 3269 3153 3326 continetur
3172 3271 3324 3340 (Luc.
3355 3271 3434 3338 χ).
3461 3271 3588 3327 Duo
3611 3270 3766 3337 dicit,

2119 3364 2178 3416 et
2204 3364 2458 3432 quatuor
2503 3363 2946 3429 commemorat,
2977 3375 3104 3431 quae
3165 3363 3418 3430 quatuor
3461 3359 3678 3415 iterum
3711 3360 3768 3415 in

2119 3451 2236 3505 duo
2267 3448 2633 3522 rediguntur,
2674 3447 3028 3520 «Vastitas,»
3061 3446 3271 3521 inquit,
3307 3471 3334 3498 «
3349 3451 3408 3503 et
3439 3449 3765 3519 contritio,»

2119 3556 2246 3610 quae
2268 3553 2452 3592 unum
2476 3535 2832 3609 signiﬁcant,
2857 3561 2884 3588 «
2907 3541 2967 3593 et
2996 3537 3201 3605 fames,
3227 3540 3285 3592 et
3311 3536 3567 3610 gladius,
3597 3560 3624 3587 ››
3647 3555 3766 3610 quae

2119 3626 2390 3683 similiter
2415 3643 2600 3681 unum
2625 3626 3076 3694 sunt,eubaudis
3094 3627 3328 3682 venient
3348 3626 3478 3682 tibi.
3502 3649 3532 3676 «
3551 3627 3624 3682 Et
3641 3625 3767 3700 quis

2119 3715 2520 3772 consolabitur
2548 3732 2726 3789 super
2757 3716 2852 3771 te?
2877 3738 2903 3764 »
2930 3717 3046 3772 Aut
3077 3714 3297 3784 nullus,
3329 3717 3433 3771 aut
3461 3732 3594 3772 raro
3625 3715 3770 3772 inve.

2118 3804 2332 3861 nietur.

2197 3915 2224 3947 c
2247 3891 2377 3948 Filii
2430 3893 2512 3948 tui
2565 3893 2808 3966 projecti
2856 3897 3018 3965 sunt,
3053 3915 3080 3942 »
3112 3891 3401 3950 subaudis
3432 3893 3505 3950 de
3535 3893 3768 3950 sedibus

2117 3982 2264 4048 suis,
2290 3982 2347 4036 in
2379 3998 2585 4037 omnes
2616 3985 2819 4054 gentes
2849 3981 3008 4037 ducti
3037 3981 3250 4056 captivi
3281 4006 3309 4032 «
3329 3981 3766 4038 dormieruntin

2118 4071 2310 4144 capite
2369 4070 2634 4126 omnium
2693 4069 2941 4138 viarum,
2978 4094 3006 4120 »
3033 4070 3090 4127 id
3122 4075 3213 4128 est
3253 4071 3470 4126 mortui
3503 4075 3646 4127 sunt
3672 4088 3769 4144 per

2116 4159 2346 4234 plateas
2389 4159 2754 4214 diversarum
2813 4159 3100 4232 gentium,
3133 4159 3292 4216 nuda
3321 4177 3564 4232 corpora
3598 4176 3769 4233 super

2117 4247 2344 4303 nudum
2369 4245 2616 4301 humum
2649 4244 2989 4302 habentes.«
3006 4245 3170 4302 Sicut
3189 4245 3378 4302 bestia
3398 4245 3765 4319 illaqueata,»

2116 4335 2402 4392 subaudis
2433 4333 2518 4390 sic
2539 4333 2926 4390 dormierunt.
2965 4358 2986 4384 ι
3023 4335 3067 4392 0
3098 4334 3265 4408 plebs
3297 4333 3473 4408 plena
3501 4335 3765 4408 indigna-

2115 4424 2273 4480 tione
2305 4421 2558 4489 Domini,
2595 4445 2622 4471 ››
2653 4421 2712 4478 id
2743 4428 2833 4478 est
2861 4422 3120 4480 vindicta
3161 4423 3415 4492 Domini,
3449 4447 3477 4474 ‹‹
3508 4422 3764 4496 increpa-

356 4503 608 4599 civitatis
623 4505 916 4599 praecipiat
939 4509 1004 4562 ut
1025 4505 1421 4599 inppristinum
1447 4513 1665 4599 statum
1689 4511 2006 4586 eleventur,
2039 4534 2087 4599 Β
2118 4512 2274 4569 tione
2307 4512 2404 4568 Dei
2440 4510 2547 4567 tui.
2587 4535 2614 4560 ››
2646 4511 2753 4567 Ubi
2786 4511 2846 4566 in
2878 4512 3116 4569 Hebraeo
3145 4512 3360 4568 dicitur
3407 4512 3769 4570 dormierunt

355 4591 514 4666 quia
534 4593 815 4649 Romanis
845 4594 1126 4650 destructi
1159 4599 1338 4663 sunt;
1365 4597 1464 4652 sed
1485 4599 1906 4658 metonomicos
1929 4602 2011 4658 in-

355 4680 739 4754 telligendum
757 4685 845 4737 est
875 4701 978 4756 per
1008 4683 1063 4737 id
1096 4684 1252 4755 quod
1284 4685 1630 4752 continet,id
1653 4690 1806 4761 quod
1832 4693 2011 4747 conti-

354 4767 817 4842 netur.Elevare,
841 4770 1050 4843 inquit,
1071 4789 1104 4827 o
1126 4772 1339 4844 popule
1366 4774 1727 4844 Judzeorum,
1751 4779 1822 4834 de
1849 4781 2008 4838 vitiis

354 4858 426 4916 ad
449 4857 720 4924 virtutes,
754 4859 825 4914 de
857 4858 1199 4916 infidelitate
1229 4861 1298 4916 ad
1331 4862 1529 4918 ﬁdem.
1563 4865 1882 4941 Consurgo,
1911 4870 2006 4926 Je-

354 4946 634 5015 rusalem,
665 4945 726 5002 id
769 4951 859 5004 est
911 4965 1015 5021 age
1075 4949 1502 5021 paenitentiam,
1535 4971 1662 5026 quae
1703 4955 1902 5014 bibisti
1936 4961 2007 5016 de

353 5052 535 5092 manu
567 5035 822 5104 Domini,
854 5036 912 5092 id
945 5038 1131 5094 estde
1163 5043 1449 5110 potestate
1479 5041 1730 5112 Domini,
1765 5047 2004 5104 calicem

351 5124 450 5180 iras
481 5125 629 5197 ejus.
663 5124 770 5180 Per
797 5125 1040 5182 calicem
1065 5125 1160 5182 ira
1191 5127 1320 5198 ejus
1351 5129 1634 5186 debemus
1683 5131 2004 5208 intelligere

349 5211 740 5268 vastationem
763 5213 1249 5283 Romanorum,et
1264 5217 1729 5291 magnitudinem
1753 5225 2002 5280 tormen-

353 5302 547 5356 torum
569 5304 628 5358 et
654 5300 1229 5369 afﬂictionem.Quod
1265 5320 1368 5376 per
1394 5305 1632 5362 calicem
1663 5308 2006 5383 designatur

352 5389 591 5446 afﬂictio
621 5394 679 5446 et
711 5390 1033 5458 tribulatio,
1060 5391 1372 5448 l’salmista
1403 5395 2000 5467 manifestat,dicens:

355 5495 387 5526 α
409 5476 568 5532 Calix
600 5477 656 5532 in
681 5495 870 5536 manu
903 5479 1134 5535 Domini
1165 5480 1284 5536 vini
1315 5483 1460 5538 meri
1493 5483 1720 5556 plenus.
1748 5489 1819 5544 Et
1843 5489 2003 5546 incli-

355 5561 540 5630 nabit,
560 5585 584 5616 ι
610 5568 746 5636 etc.,
768 5584 955 5640 usque
977 5569 1048 5624 ad
1071 5568 1215 5626 illud
1239 5571 1392 5642 quod
1415 5573 1712 5645 sequitur:
1739 5600 1768 5626 «
1792 5577 2002 5634 Bibent

2119 4601 2272 4658 sicut
2303 4601 2492 4657 bestia
2535 4599 2870 4673 illaqueata,
2905 4600 3287 4675 Septuaginta
3343 4601 3769 4658 transtulerunt

2119 4691 2273 4748 sicut
2304 4688 2755 4746 bctasemicocta
2789 4708 2802 4746 :
2837 4708 2965 4763 qua:
2995 4689 3176 4747 herba
3223 4689 3417 4748 calore
3467 4689 3613 4746 solis
3660 4689 3766 4746 cilo

2117 4779 2358 4836 ﬂoscida
2389 4777 2660 4833 efficitur.
2684 4779 2756 4833 Et
2785 4777 2883 4834 alii
2913 4778 3260 4852 interpretes
3287 4779 3582 4843 dixerunt,
3617 4779 3766 4834 sicut

2116 4886 2251 4942 orys
2277 4867 2648 4940 illaqueatus,
2673 4883 2801 4938 quae
2823 4871 2912 4923 est
2931 4865 3119 4923 bestia
3138 4867 3426 4924 sacrificio
3457 4883 3576 4923 non
3609 4870 3760 4940 apta.

2115 4957 2185 5012 Et
2199 4960 2289 5012 est
2311 4971 2520 5011 sensus
2545 4971 2556 5010 :
2583 4953 2746 5010 Sicut
2775 4955 2964 5012 bestia
2993 4973 3120 5028 quae
3151 4953 3482 5028 appellatur
3499 4973 3639 5028 oryx
3669 4970 3761 5009 ve-

2115 5048 2384 5100 natorum
2413 5043 2634 5098 retibus
2657 5041 3149 5116 illaqueatur,non
3168 5043 3393 5100 habens
3423 5061 3541 5117 quo
3564 5041 3760 5116 fugiat,

2112 5133 2329 5206 diuque
2359 5131 2603 5205 fatigata
2633 5131 2776 5187 inibi
2816 5131 3076 5189 revoluta
3103 5131 3468 5204 conquiescit
3498 5148 3514 5188 :
3548 5133 3633 5188 sic
3663 5129 3760 5186 filii

2111 5222 2196 5276 tui
2231 5219 2526 5294 illaqueati
2559 5225 2700 5276 sunt
2730 5219 2978 5277 vinculis
3007 5225 3065 5276 et
3097 5221 3339 5278 funibus
3393 5225 3758 5294 peccatorum

2113 5309 2602 5382 suorum,ubique
2633 5309 2848 5365 mortui
2881 5314 2939 5366 et
2967 5309 3251 5367 interfecti
3268 5311 3495 5383 jacent,
3515 5327 3630 5366 non
3661 5309 3757 5365 ha-

2113 5401 2315 5456 bentes
2344 5399 2627 5455 auxilium
2659 5416 2774 5471 quo
2799 5399 2948 5456 iram
2981 5400 3211 5455 Domini
3243 5401 3511 5456 evadant.

2186 5514 2212 5539 ‹‹
2249 5489 2489 5557 Idcirco,
2523 5512 2550 5540 »
2585 5489 2870 5546 subaudis
2901 5490 3042 5562 quia
3071 5507 3186 5546 non
3215 5489 3399 5546 babes
3420 5487 3758 5546 consolatio-

2113 5595 2234 5634 rem
2263 5577 2362 5651 qui
2397 5578 2685 5635 sustineat
2715 5581 2790 5648 te,
2815 5602 2843 5628 «
2869 5577 3006 5635 audi
3032 5578 3163 5646 hoc,
3197 5577 3558 5652 paupercula
3604 5575 3756 5634 ebria
