4046 6188
189 340 312 404 983

1242 342 1653 404 COMMENT.
1701 342 1779 402 IN
1827 340 2117 403 ISAIAM.
2163 376 2243 387 —-
2283 343 2433 403 LlB.
2480 342 2558 403 Π.

3482 342 3608 405 986

188 471 631 548 speculatorum
661 490 771 531 vox
800 472 859 530 in
890 490 1123 531 omnem
1169 476 1385 530 terram
1419 472 1618 529 audita
1647 475 1758 545 est,
1790 475 1848 529 et
1873 473 1929 541 Α
1957 488 2089 545 pus,
2123 490 2257 529 cum
2306 472 2678 546 permittente
2705 470 2850 546 Cyro
2881 471 3131 545 regressi
3173 478 3314 531 sunt
3369 475 3431 531 in
3473 476 3609 534 Hie-

189 565 252 621 in
288 565 436 619 lines
468 563 630 619 orbis
662 568 827 619 terrae
856 565 1032 619 verba
1074 580 1274 619 eorum
1308 566 1745 618 resonaverunt.
1779 563 1849 618 Et

188 654 342 709 bene
372 652 516 707 dicit
547 652 883 707 levaverunt
902 668 1122 719 vocem,
1148 650 1285 724 quia
1305 653 1375 708 dc
1405 651 1849 707 sublimioribus

188 741 376 797 locuti
410 744 568 796 sunt.
595 741 758 797 Unde
790 744 847 796 et
877 740 1144 813 sequitur
1169 758 1223 796 ια
1245 741 1432 797 Simul
1462 740 1848 807 laudabunt,»

189 830 482 886 subaudis
512 830 830 885 Dominum
871 846 1077 885 omnes
1108 830 1355 902 apostoli
1385 834 1442 885 et
1472 847 1675 885 omnes
1706 847 1848 901 prae-

190 919 490 975 dicatores
513 933 563 972 :«
589 917 730 990 quia
749 917 917 973 oculo
940 918 1010 973 ad
1044 917 1279 973 oculum
1312 919 1647 985 videbunt,»
1672 918 1852 973 idest

189 1007 345 1063 facie
373 1008 444 1062 ad
480 1006 708 1074 faciem,
733 1028 762 1056 ‹‹
788 1024 923 1062 cum
949 1007 1299 1063 converterit
1328 1008 1612 1063 Dominus
1634 1007 1793 1073 Sion,
1821 1030 1843 1059 ι

189 1096 252 1152 id
285 1100 378 1152 est
424 1112 559 1151 cum
608 1095 917 1151 adduxerit
946 1097 1015 1151 ad
1061 1097 1237 1151 fidem
1292 1114 1461 1152 suam
1510 1095 1848 1152 Ecclesiam.

191 1186 276 1242 De
308 1184 428 1240 illis
460 1184 721 1257 loquitur
750 1184 936 1241 oculis
967 1186 1038 1240 de
1070 1186 1286 1258 quibus
1318 1186 1462 1241 dicit
1500 1184 1847 1241 Psalmista:

194 1295 224 1324 α
257 1273 428 1330 Oculi
460 1274 575 1329 mei
605 1290 840 1345 semper
869 1274 940 1329 ad
974 1274 1289 1330 Dominum
1320 1276 1490 1344 (Psal.
1518 1274 1690 1344 xxw).
1719 1296 1744 1321 ι»

265 1387 297 1413 «4
331 1363 588 1418 Gaudete
618 1366 676 1418 et
706 1362 941 1418 laudate
982 1362 1183 1431 simul,
1208 1364 1437 1420 deserta
1469 1363 1849 1429 Hierusalem,

192 1453 339 1524 quia
369 1450 710 1507 consolatus
741 1446 829 1506 est
858 1451 1145 1508 Dominus
1172 1453 1452 1526 populum
1476 1470 1673 1521 suum,
1699 1452 1856 1507 rede-

192 1541 307 1595 mit
338 1539 724 1595 Hierusalem.
752 1562 779 1589 n
801 1540 1133 1613 Alloquitur
1163 1544 1335 1597 modo
1366 1542 1734 1614 primitavam
1754 1543 1856 1597 Ec-

193 1628 469 1695 clesiam,
485 1645 614 1700 quae
636 1628 886 1684 credidit
905 1646 973 1684 ex
997 1630 1217 1686 Judaeis
1241 1647 1254 1685 :
1279 1635 1337 1687 et
1359 1630 1696 1687 consolatur
1724 1648 1853 1687 eam

194 1718 272 1774 de
302 1716 688 1773 multitudine
718 1718 1007 1791 gentium,
1030 1736 1158 1791 quae
1190 1721 1250 1774 in
1281 1720 1476 1777 locum
1517 1722 1853 1776 Judzeorum

1956 564 2214 620 rusalem
2246 581 2378 619 cum
2424 564 2629 637 gloria,
2665 563 2776 619 sub
2823 562 3137 618 Zorobabel
3187 567 3245 619 et
3289 565 3492 633 Esdra,
3528 560 3625 621 fe?

1957 658 2152 710 renter
2180 670 2379 709 secum
2416 671 2555 707 vasa
2604 652 2835 707 Domini
2867 669 2992 724 quae
3042 651 3365 707 abstulerat
3412 654 3610 709 Nabu-

1958 743 2325 799 chodonosor
2383 742 2443 796 in
2504 740 2877 813 Babylonem,
2909 739 3055 795 etin
3096 739 3313 812 quibus
3373 742 3614 812 potabat

1959 832 2266 887 Balthasar
2287 848 2420 887 cum
2452 831 2795 886 interfectus
2817 833 2906 885 est
2926 830 2996 885 ab
3024 829 3150 901 ipso
3174 830 3318 902 Cyro
3351 834 3409 885 et
3438 848 3613 886 avun-

1959 920 2088 976 culo
2119 922 2247 992 ejus
2278 921 2470 976 Dario.
2502 919 2956 991 Praecipiturque
2988 918 3105 974 illis
3140 923 3204 973 ut
3232 921 3519 975 mundent
3550 937 3613 976 se

1960 1025 2064 1081 per
2094 1008 2517 1080 pmnitentiam,
2542 1008 2641 1080 qui
2695 1008 2909 1063 debent
2944 1024 3084 1063 vasa
3124 1008 3355 1063 Domini
3406 1008 3614 1065 afferre

1960 1098 2019 1153 in
2054 1098 2439 1154 Hierusalem.
2473 1098 2540 1152 Et
2572 1097 2937 1169 promittitur
2966 1096 3105 1170 quia
3135 1115 3250 1152 non
3282 1098 3523 1153 exibunt
3553 1099 3612 1153 in

1961 1188 2100 1261 fuga
2132 1204 2321 1258 neque
2354 1187 2412 1241 in
2442 1185 2703 1241 tumultu
2735 1202 2769 1239 ο,
2798 1184 3102 1253 Chaldreis,
3128 1186 3279 1241 sicut
3314 1187 3613 1258 quondam

1962 1276 2034 1331 ab
2064 1276 2363 1349 Egyptiis.
2386 1276 2515 1331 Haec
2547 1274 2782 1347 quidem
2807 1274 2993 1329 Judaei
3016 1278 3344 1343 autumant,
3369 1277 3466 1331 sed
3501 1293 3618 1331 me-

1962 1364 2075 1420 lius
2107 1368 2195 1420 est
2225 1368 2288 1420 ut
2314 1364 2386 1419 ad
2417 1363 2713 1436 apostolos
2734 1368 2790 1418 et
2812 1364 2883 1418 ad
2917 1361 3274 1434 primitivam
3297 1364 3617 1420 Ecclesiam

1963 1455 2306 1519 referamus,
2330 1452 2547 1524 quibus
2576 1452 2914 1524 prmcipitur
2932 1456 2999 1507 ut
3029 1456 3237 1507 exeant
3257 1453 3327 1507 de
3351 1452 3619 1509 Hierusa-

1962 1543 2077 1599 lem
2107 1546 2163 1598 et
2193 1545 2495 1598 transeant
2516 1541 2589 1596 ad
2611 1545 2834 1613 gentes,
2862 1540 3087 1595 dicente
3110 1541 3181 1595 ad
3209 1557 3309 1597 eos
3330 1539 3578 1597 Domino
3604 1558 3616 1598 :

1971 1651 1993 1682 ι
2017 1633 2119 1701 Ite,
2143 1633 2342 1687 docete
2374 1647 2578 1685 omnes
2628 1634 2853 1702 gentes,
2878 1629 3241 1701 baptizantes
3290 1646 3390 1685 eos
3421 1630 3482 1685 in
3515 1647 3619 1687 no-

1966 1720 2123 1776 mine
2182 1719 2390 1788 Patris,
2447 1723 2503 1774 et
2561 1718 2710 1785 Filii,
2760 1721 2816 1773 et
2874 1717 3129 1789 Spiritus
3188 1718 3378 1772 sancti
3412 1718 3615 1789 (Matth.

193 1807 297 1880 qui
336 1807 397 1861 in
444 1806 789 1861 infidelitate
823 1813 1292 1879 permanserunt,
1327 1810 1631 1866 successit.
1673 1810 1855 1865 Ducto
1885 1847 1934 1912 B
1963 1813 2221 1876 xxvm).»
2242 1808 2386 1864 Anie
2414 1807 2568 1864 enim
2603 1824 2781 1880 quam
2804 1806 3051 1862 Romani
3073 1806 3414 1863 advenirent
3443 1823 3622 1879 super

194 1894 420 1968 pepulo
447 1894 506 1949 in
538 1895 931 1967 captivitatem
960 1914 993 1951 a
1023 1897 1324 1966 Romanis,
1350 1904 1406 1954 et
1428 1898 1725 1955 succensis
1757 1916 1855 1954 ur-

193 1984 400 2050 bibus,
423 1987 526 2038 ant
550 2000 738 2049 rarus,
762 1988 863 2038 aut
894 1985 1092 2041 nullus
1134 1986 1431 2043 habitator
1463 1989 1745 2044 remansit
1774 1987 1853 2042 ibi

193 2089 267 2129 ex
298 2072 541 2127 Judeis.
570 2072 683 2127 Sed
723 2072 980 2128 Ecclesia
1019 2091 1146 2145 qua:
1187 2077 1484 2147 quondam
1518 2076 1627 2132 fuit
1656 2077 1716 2132 in
1747 2077 1852 2143 eis,

194 2164 475 2235 reparata
498 2165 589 2215 est
615 2176 686 2215 ex
726 2179 970 2218 numero
1002 2163 1265 2235 gentium
1299 2166 1371 2221 ad
1412 2166 1585 2222 fidem
1617 2166 1857 2222 venien-

193 2251 376 2317 tium,
412 2250 655 2321 insuper
700 2253 758 2305 et
799 2250 1189 2323 multiplicata
1218 2258 1325 2309 est.
1363 2254 1526 2309 Unde
1557 2260 1614 2310 et
1642 2255 1859 2310 dicitur

194 2340 286 2396 eis
319 2338 420 2411 qui
459 2356 527 2394 ex
576 2338 722 2410 ipsis
754 2339 1147 2408 crediderunt,
1181 2342 1461 2414 apostolis
1507 2344 1774 2399 videlicet
1803 2347 1860 2400 et

197 2427 550 2501 apostolicis
579 2428 741 2493 viris,
777 2428 876 2500 qui
917 2429 1119 2485 salvati
1159 2435 1300 2503 sunt
1331 2432 1401 2488 de
1433 2433 1710 2488 manibus
1740 2433 1858 2488 Ro-

195 2532 540 2584 manorum,
565 2533 599 2571 a
619 2516 839 2587 quibus
870 2522 924 2573 et
952 2518 1326 2591 Evangelium
1362 2522 1740 2593 praedicatum
1772 2525 1862 2577 est

194 2606 259 2661 in
322 2604 615 2678 gentibus.
640 2605 897 2660 Gaudete
945 2610 1004 2661 et
1060 2607 1293 2663 laudate
1343 2609 1603 2682 (inquit),
1633 2611 1861 2665 deserta

196 2692 593 2761 Hierusalem,
628 2694 687 2748 id
736 2698 827 2749 est
854 2694 1112 2751 Ecclesia
1159 2696 1457 2769 primitiva
1503 2715 1572 2754 ex
1617 2699 1857 2765 Judaeis,

191 2787 256 2839 et
287 2783 596 2839 credentes
624 2781 729 2854 qui
778 2783 1038 2839 derelicti
1087 2785 1228 2842 estis
1278 2803 1311 2842 a
1360 2786 1692 2859 captivitate
1740 2788 1861 2843 fra-

193 2878 365 2928 trum
395 2888 411 2926 :
434 2870 576 2944 quia
605 2871 940 2927 consolatus
960 2877 1049 2928 est
1069 2873 1355 2931 Dominus
1380 2875 1663 2948 populum
1684 2892 1859 2931 suum

199 2960 545 3016 credentem
575 2958 636 3014 in
679 2976 761 3029 se,
792 2977 894 3032 per
930 2962 1244 3018 adventum
1279 2964 1534 3037 Spiritus
1565 2964 1772 3032 sancti,
1807 2968 1864 3020 et

198 3068 274 3107 ex
306 3046 692 3104 multitudine
721 3048 984 3121 gentium
1026 3052 1497 3108 convenientium
1529 3054 1599 3109 ad
1634 3055 1809 3109 ﬁdem
1846 3070 1871 3110 :-

193 3144 257 3196 et
289 3138 546 3195 redemit
573 3139 959 3205 Hierusalem,
992 3141 1100 3197 hoc
1141 3146 1230 3198 est
1271 3143 1590 3200 Ecclesiam
1627 3144 1862 3201 univer-

194 3228 395 3285 salem
435 3227 723 3300 sanguine
753 3245 880 3284 suo.
907 3229 1065 3286 Licet
1085 3231 1241 3286 enim
1274 3232 1521 3305 apostoli
1549 3236 1605 3289 et
1630 3234 1862 3289 creden-
1891 3212 1935 3281 C

202 3323 302 3375 tes
324 3333 395 3372 ex
415 3315 636 3372 Judaais
655 3316 920 3373 dolerent
940 3319 1326 3391 perditionem
1352 3321 1597 3377 fratrum
1620 3340 1864 3378 suorum

196 3408 262 3462 in
298 3422 501 3462 errore
530 3408 999 3477 permanentium
1025 3425 1037 3462 :
1066 3425 1343 3483 magnam
1375 3415 1570 3467 tamen
1604 3411 1864 3467 lmiitiam

195 3495 419 3552 exinde
449 3500 855 3567 perceperunt,
883 3499 1037 3568 quod
1073 3514 1141 3553 ea
1175 3515 1303 3570 qua)
1344 3500 1403 3555 in
1433 3500 1651 3556 Judzeis
1682 3500 1864 3573 perie-

196 3588 366 3649 rant,
395 3600 467 3639 ex
494 3582 772 3655 gentibus
803 3587 1305 3643 restaurabantur.

275 3694 308 3722 κ
346 3672 580 3728 Paravit
616 3672 903 3729 Dominus
944 3676 1251 3733 brachium
1288 3682 1558 3734 sanctum
1599 3696 1773 3735 suum
1805 3678 1866 3734 in

191 3760 395 3819 oculis
426 3759 699 3819 omnium
747 3762 1035 3834 gentium,
1062 3785 1090 3812 ››
1112 3764 1171 3820 id
1200 3768 1290 3821 est
1337 3765 1609 3821 revelavit
1655 3765 1866 3821 Filium

190 3865 388 3905 suum
417 3848 479 3904 in
512 3847 699 3904 oculis
730 3850 1017 3906 mentium
1047 3856 1105 3908 et
1133 3854 1395 3909 cordium
1429 3854 1695 3911 omnium
1726 3870 1866 3926 gen-

188 3940 357 3995 tium
392 3954 500 4010 per
531 3938 1003 4009 predicationem
1026 3941 1448 4014 apostolorum,
1476 3943 1711 4015 quando
1743 3960 1868 4016 pro-

181 4027 339 4084 fecti
409 4026 878 4098 praedicaverunt
934 4029 1152 4102 ubique
1223 4031 1466 4087 Domino
1523 4035 1870 4104 cooperante

182 4117 397 4188 (Herc.
423 4118 563 4184 xw).
584 4116 657 4170 Et
686 4118 980 4188 quomodo
1012 4118 1225 4175 Filium
1258 4138 1435 4176 suum
1467 4121 1740 4177 revelavit
1770 4138 1872 4194 per

180 4203 614 4280 apostolorum
665 4206 1184 4277 praedicationem?
1215 4210 1353 4282 quia
1398 4210 1733 4267 consolatus
1781 4214 1872 4266 est

180 4292 502 4369 populum
550 4310 726 4348 suum
778 4296 1111 4352 credentem
1156 4298 1216 4352 in
1249 4315 1331 4368 se,
1364 4302 1484 4355 tam
1537 4317 1605 4355 ex
1651 4299 1871 4356 Judaeis

179 4398 390 4456 quam
413 4398 485 4436 ex
505 4381 782 4454 gentibus
808 4401 821 4439 :
846 4388 904 4439 et
926 4385 1173 4442 redemit
1202 4387 1562 4444 Hierusalem
1587 4389 1873 4462 sanguine

180 4469 342 4529 Filii
374 4469 495 4537 sui,
520 4469 630 4526 hoc
661 4475 751 4527 est
778 4472 1119 4529 Ecclesiam.
1144 4475 1308 4531 Unde
1340 4481 1398 4532 et
1427 4477 1695 4550 sequitur
1722 4497 1772 4534 :«
1805 4479 1875 4533 Et

1965 1916 2116 1967 eam,
2150 1898 2434 1953 divinitus
2467 1900 2846 1970 procuratum
2878 1900 2967 1951 est
2997 1901 3062 1951 ut
3090 1894 3336 1968 apostoli
3369 1913 3472 1969 per
3501 1912 3620 1951 om-

1966 2006 2068 2044 nes
2099 1992 2302 2061 gentes
2334 1986 2503 2042 divisi
2535 1989 2749 2047 essent,
2778 1989 2836 2040 et
2860 1985 3161 2039 credentes
3191 1983 3334 2039 inibi
3367 2001 3622 2041 commo-

1965 2082 2162 2133 rantes
2220 2076 2538 2132 transirent
2587 2076 2659 2131 ad
2718 2078 2915 2148 partes
2974 2073 3138 2147 regni
3193 2074 3482 2146 Agrippae,
3516 2073 3619 2147 qui

1966 2184 2169 2240 pacem
2200 2166 2455 2222 habebat
2483 2182 2618 2220 cum
2663 2162 2943 2219 Romanis
2978 2181 2990 2219 :
3026 2166 3228 2219 sancto
3259 2162 3479 2235 Spiritu
3510 2163 3622 2219 hoc

1966 2255 2085 2311 illis
2107 2254 2417 2320 revelante,
2436 2253 2756 2326 alloquitur
2770 2270 2869 2307 eos
2890 2268 3082 2307 sermo
3103 2251 3357 2317 divinus,
3372 2256 3427 2306 et
3449 2252 3618 2306 dicit:

1969 2343 2261 2409 Recedite,
2311 2342 2557 2415 apostoli
2608 2342 2678 2396 de
2730 2340 3114 2406 Hierusalem,
3159 2338 3308 2394 exite
3363 2339 3499 2395 inde
3553 2356 3625 2395 ne

1967 2433 2344 2488 involvamini
2377 2431 2654 2504 peccatis,
2688 2429 2976 2503 pollutum
3021 2427 3197 2484 nolite
3226 2432 3483 2501 tangere,
3515 2427 3626 2484 hoc

1969 2527 2058 2578 est
2088 2539 2221 2577 cum
2254 2521 2476 2577 Judzeis
2510 2518 2751 2592 pollutis
2778 2521 2963 2573 morte
3002 2520 3059 2572 et
3088 2516 3334 2589 sangine
3367 2515 3494 2573 Filii
3524 2515 3626 2572 Dei
3654 2513 3664 2527 '

1970 2611 2148 2666 nolite
2172 2610 2507 2665 societatem
2531 2607 2773 2674 habere;
2799 2606 2940 2678 quia
2965 2626 2993 2654 «
3017 2604 3117 2678 qui
3135 2605 3393 2677 tetigerit
3412 2604 3622 2676 picem,

1968 2698 2377 2773 inquinabitur
2408 2698 2479 2753 ab
2510 2714 2578 2753 ea
2616 2696 2778 2767 (Eccl.
2806 2695 2952 2763 xm).
2973 2716 2994 2742 υ
3021 2693 3185 2748 Unde
3216 2696 3274 2748 et
3303 2691 3415 2765 ipsi
3450 2709 3625 2764 apos-

1968 2788 2071 2844 toli
2104 2789 2311 2843 dicunt
2333 2804 2383 2842 ;‹‹
2408 2785 2554 2853 Quia
2600 2784 2877 2857 indignos
2905 2799 3008 2838 vos
3049 2780 3367 2854 judicastis
3397 2784 3624 2835 aeternae

1968 2878 2120 2945 vitae,
2153 2894 2284 2932 ecce
2314 2874 2708 2931 convertimur
2747 2873 2817 2927 ad
2863 2873 3064 2942 gentes
3085 2870 3221 2938 (Act.
3244 2869 3349 2941 in).
3375 2890 3403 2917 ››
3425 2868 3625 2940 Sequi-

1970 2971 2069 3023 tur
2097 2983 2254 3038 ergo,
2280 2969 2337 3020 et
2387 2963 2601 3019 dicitur
2630 2962 2701 3017 ad
2745 2959 3021 3016 eosdem:
3052 2958 3263 3013 «Exite
3312 2958 3384 3012 de
3433 2955 3624 3013 medio

1972 3058 2155 3128 ejus,»
2178 3054 2289 3109 hoc
2321 3056 2409 3109 est
2437 3052 2507 3107 de
2537 3050 2729 3105 medio
2772 3046 3159 3114 Hierusalem,
3182 3063 3254 3106 ne
3285 3044 3507 3117 pccatis
3536 3062 3626 3131 eo-

1973 3162 2103 3200 rum
2131 3140 2540 3199 obvolvamini.
2571 3159 2593 3187 α
2617 3135 3010 3205 Mundamini,
3031 3157 3059 3186 »
3087 3133 3372 3191 subaudis
3392 3151 3429 3189 a
3446 3133 3624 3201 vitiis,

1974 3232 2221 3306 apostoli
2255 3250 2267 3286 :
2295 3256 2322 3281 «
2350 3231 2449 3304 qui
2496 3228 2660 3285 fertis
2702 3243 2843 3282 vasa
2899 3223 3155 3280 Domini.
3183 3246 3211 3273 »
3242 3222 3360 3296 lpsi
3393 3222 3631 3279 fuerunt

1972 3340 2112 3378 vasa
2148 3320 2405 3386 Domini,
2420 3318 2559 3391 quia
2595 3316 2655 3371 in
2694 3314 2813 3371 illis
2844 3312 3133 3369 habitavit
3191 3328 3295 3385 per
3344 3312 3521 3367 fidem
3572 3314 3632 3366 et

1974 3410 2346 3467 dilectionem
2368 3425 2381 3463 :
2403 3410 2474 3463 de
2491 3422 2740 3479 quorum
2764 3420 3009 3459 numero
3032 3402 3102 3457 ad
3127 3418 3312 3457 unum
3337 3400 3627 3473 loquitur:

1975 3525 2003 3553 «
2037 3500 2155 3556 Vas
2185 3496 2484 3555 electionis
2516 3494 2662 3550 mihi
2694 3497 2802 3557 est,
2838 3496 2903 3547 ut
2939 3493 3132 3563 portet
3174 3506 3388 3546 nomen
3432 3504 3629 3545 meum

1976 3608 2174 3647 coram
2230 3588 2505 3662 gentibus
2562 3588 2618 3639 et
2675 3582 2911 3653 regibus
2942 3581 3077 3648 (Act.
3109 3582 3209 3646 IX).
3239 3600 3265 3627 ››
3308 3578 3629 3633 Possumus

1977 3680 2154 3737 etiam
2187 3679 2396 3743 dicere,
2423 3693 2550 3746 quae
2579 3689 2717 3727 vasa
2760 3667 2994 3725 Domini
3025 3670 3323 3723 armatura
3350 3665 3427 3720 sit
3457 3664 3627 3736 spiri-

1976 3769 2175 3834 tualis,
2201 3782 2379 3839 quam
2412 3764 2582 3818 debet
2613 3758 3020 3830 unusquisque
3052 3754 3314 3810 ﬁdelium
3346 3753 3404 3808 in
3433 3756 3629 3808 mente

1978 3858 2147 3921 ferre,
2167 3856 2236 3910 de
2263 3870 2379 3927 qua
2408 3857 2463 3907 et
2493 3848 2792 3923 apostolus
2820 3845 3169 3919 loquebatur
3191 3858 3244 3897 τα
3270 3841 3498 3898 Induite
3526 3857 3628 3896 vos

1980 3949 2280 4001 armatura
2338 3940 2459 4006 Dei,
2493 3943 2558 3995 ut
2613 3935 2851 4010 possitis
2910 3932 3181 3991 resistere
3238 3932 3299 3987 in
3351 3930 3446 3989 die
3476 3929 3630 3986 male

1981 4036 2192 4108 (Ephes.
2225 4032 2324 4104 v1).
2352 4054 2379 4080 »
2410 4030 2481 4085 Et
2509 4045 2636 4101 quae
2682 4026 2758 4082 sit
2806 4025 2920 4079 ista
2969 4021 3370 4087 armatura,in
3418 4019 3626 4076 subse-

1979 4121 2296 4198 quentibus
2346 4118 2702 4182 manifestat,
2745 4115 2856 4170 hoc
2906 4116 3013 4180 est,
3056 4110 3236 4167 lorica
3274 4108 3632 4198 justitiaa,iet

1981 4197 2219 4289 clypeus
2253 4209 2409 4279 fidei,
2444 4212 2501 4265 et
2530 4204 2697 4280 galea
2726 4202 2954 4271 salutis,
2989 4205 3045 4257 et
3088 4201 3159 4256 ad
3200 4198 3477 4255 ultimum
3509 4197 3631 4273 gla-

1981 4305 2135 4370 dius,
2162 4301 2315 4375 quod
2349 4302 2439 4355 est
2466 4296 2708 4351 verbum
2741 4291 2864 4348 Dei.

2054 4418 2080 4444 α
2117 4390 2403 4459 Quoniam
2436 4404 2549 4442 non
2582 4384 2642 4439 in
2675 4381 2957 4449 tumultu,
2986 4403 3012 4430 ››
3045 4380 3153 4435 hoc
3194 4381 3283 4434 est
3322 4377 3381 4431 in
3424 4375 3635 4432 timore

1980 4483 2068 4540 vel
2111 4497 2341 4554 pavore,
2371 4500 2399 4527 «
2448 4472 2679 4532 exibitis
2730 4494 2757 4520 »
2789 4488 2823 4525 a
2867 4468 3086 4524 Judaeis
3120 4484 3131 4521 :
3162 4490 3189 4515 ‹‹
3225 4481 3330 4519 nec
3384 4464 3442 4518 in
3494 4464 3641 4554 fuga

175 4559 505 4651 videbunt
532 4575 739 4651 omnes
760 4562 931 4651 lines
959 4567 1125 4618 terra;
1156 4563 1419 4621 salutare
1465 4566 1561 4622 Dei
1609 4568 1815 4635 nostri,
1846 4590 1873 4617 »
1905 4586 1951 4651 Β
1983 4551 2372 4648 properabitis
2400 4590 2425 4615 ››
2447 4582 2514 4619 ex
2546 4564 2788 4633 ngypto
2819 4557 2940 4651 filii
2973 4554 3171 4651 Israel.
3197 4553 3355 4609 Licet
3384 4551 3633 4651 apostoli

176 4650 254 4706 id
282 4651 386 4704 est
409 4644 727 4736 Dominum
749 4649 952 4706 Jesum
976 4651 1297 4708 Christum.
1322 4654 1633 4711 Brachium
1658 4655 1754 4712 Dei
1777 4656 1875 4711 Pa-
1905 4640 1947 4651 ﬂ
1984 4640 2259 4736 flagellati
2291 4661 2348 4713 et
2379 4652 2509 4710 caesi
2540 4653 2738 4706 essent
2767 4664 2801 4702 a
2828 4643 3047 4736 .Iudaeis
3077 4643 3138 4736 in
3179 4640 3512 4736 synagogis,
3547 4646 3632 4736 ta:

1982 4729 2115 4806 mevn
2149 4766 2265 4803 non
2297 4742 2664 4799 recesserunt
2694 4737 2765 4792 ab
2796 4734 2881 4792 eis
2912 4742 2977 4790 ut
3006 4733 3317 4806 fugientes,
3340 4731 3441 4787 sed
3463 4729 3633 4804 quasi

1984 4841 2041 4895 in
2092 4854 2231 4909 pace
2271 4833 2522 4888 victores
2569 4826 2907 4883 existentes.
2933 4848 2960 4875 ‹‹
2994 4824 3283 4899 Prazcedet
3329 4820 3486 4876 enim
3518 4836 3635 4909 vos

1983 4908 2324 4991 Dominus,»
2342 4917 2629 4976 subaudis
2652 4917 2724 4972 ad
2748 4918 2977 4988 gentes,
2990 4910 3321 4969 sicutvobis
3343 4908 3633 4982 promisit,

1984 5016 2274 5072 dicens:«
2300 5013 2445 5067 Ecce
2503 5006 2790 5080 praecedet
2843 5021 2946 5060 vos
2998 5002 3057 5057 in
3117 4998 3486 5057 Galilaeama
3519 4998 3640 5065 «Et

1985 5099 2364 5176 congregabit
2383 5114 2484 5153 vos
2514 5096 2669 5152 Deus
2702 5090 2881 5148 Israel
2906 5112 2932 5139 »
2954 5089 3012 5144 in
3045 5103 3229 5143 unum
3260 5084 3406 5141 ovile
3431 5083 3635 5176 (fictili.

1982 5171 2285 5264 xxviu),let
2308 5185 2548 5253 Judaeis,
2575 5182 2799 5239 scilicet
2826 5182 2884 5234 et
2923 5176 3200 5251 gentibus
3230 5191 3409 5230 unam
3441 5171 3636 5229 Eccle-
3733 5247 3738 5251 _

1985 5285 2133 5341 siam
2166 5277 2564 5337 constituens:
2593 5270 2745 5327 sicut
2780 5268 2905 5339 ipse
2946 5265 3119 5321 dicit:
3145 5288 3172 5315 «
3208 5268 3272 5320 ut
3312 5264 3413 5318 ﬁat
3449 5276 3635 5317 unum

1986 5372 2133 5430 ovile
2158 5375 2215 5425 et
2249 5382 2401 5422 unus
2429 5365 2630 5434 pastor
2659 5361 2841 5424 (Joan.
2874 5358 2954 5424 x).
2985 5377 3005 5404 ι

2059 5485 2085 5508 ‹‹
2112 5460 2254 5513 Ecce
2275 5448 2558 5520 intelliget
2580 5460 2783 5501 servus
2806 5441 3107 5510 meus,»id
3129 5445 3220 5498 est
3244 5440 3424 5519 Filius
3445 5454 3635 5507 meus,

1985 5546 2342 5604 volunlatem
2374 5550 2587 5601 meam,
2620 5551 2642 5580 α
2675 5535 2734 5587 et
2771 5528 3126 5586 exaltabitur
3162 5553 3182 5579 ιο
3220 5532 3352 5603 post
3380 5544 3638 5584 resurre-

1988 5639 2206 5695 tionem
2255 5644 2425 5689 suam
2479 5624 2540 5680 in
2591 5619 2866 5679 cordibus
2923 5620 3189 5693 gentium
3238 5616 3636 5692 apostolorum

174 4740 315 4797 tris
351 4740 412 4793 et
445 4735 706 4793 salutare
738 4739 920 4795 Filius
968 4745 1080 4809 est,
1120 4741 1273 4797 sicut
1302 4742 1578 4812 diximus,
1604 4745 1743 4816 quia
1771 4762 1875 4818 per

169 4828 414 4902 ipsum
437 4830 653 4882 cuncta
677 4828 910 4899 creavit,
937 4834 1001 4884 ut
1019 4831 1275 4887 Joannes
1298 4832 1439 4888 dicit
1460 4847 1512 4887 τι(
1533 4832 1743 4889 Omnia
1771 4852 1875 4905 per

168 4918 415 4991 ipsum
448 4914 603 4971 facta
643 4922 784 4973 sunt
813 4917 1001 4991 (Joan.
1028 4919 1127 4991 1).»
1151 4922 1220 4976 Et
1256 4938 1359 4993 per
1396 4922 1591 4994 ipsum
1623 4923 1876 4979 decrevit

166 5022 405 5083 genus
438 5004 769 5062 humanum
804 5008 1047 5066 salvare.
1073 5012 1236 5077 Quod
1265 5012 1572 5069 brachium
1602 5012 1691 5068 vel
1718 5012 1873 5077 salu-

166 5103 340 5154 tare
370 5092 479 5150 Dei
512 5094 700 5151 Patris
721 5113 837 5152 non
866 5098 1140 5155 viderunt
1161 5117 1367 5157 omnes
1396 5106 1619 5173 gentes,
1642 5102 1729 5159 vel
1760 5120 1879 5158 om-

166 5202 316 5244 nes
351 5184 506 5239 ﬁnes
533 5187 703 5240 terra).
743 5185 804 5241 in
840 5188 1152 5260 praesentia
1182 5190 1467 5263 corporali
1502 5208 1515 5246 :
1550 5193 1649 5248 sed
1682 5196 1875 5248 mente

164 5280 247 5332 et
286 5272 799 5344 contemplatione
829 5278 1023 5334 cordis
1071 5278 1253 5335 visuri
1303 5283 1443 5335 sunt
1487 5296 1624 5335 eum
1673 5298 1877 5337 omnes

162 5358 491 5421 homines
522 5360 583 5415 in
615 5362 710 5418 die
731 5365 964 5435 judicii,
988 5367 1125 5423 boni
1150 5372 1207 5423 et
1231 5368 1370 5424 mali
1395 5386 1408 5424 :
1434 5367 1572 5440 quia
1604 5368 1684 5423 illi
1719 5369 1880 5424 dedit

163 5454 386 5510 Pater
414 5464 593 5506 omne
618 5452 914 5523 judicium
947 5459 1128 5524 (Joan.
1158 5460 1236 5526 v).

271 5558 309 5586 α
348 5538 649 5608 Recedite,
682 5542 952 5609 receditc,
986 5545 1134 5600 exite
1176 5545 1331 5612 inde,
1358 5545 1649 5618 pollutum
1701 5546 1879 5604 nolite

155 5638 478 5700 tangere.
498 5650 529 5679 ››
552 5629 682 5686 Haec
712 5632 889 5689 verba
920 5634 1178 5691 referunt
1210 5634 1399 5692 Judaei
1438 5636 1509 5691 ad
1550 5634 1697 5691 illud
1730 5639 1877 5693 tem-

3616 5778 3655 5815 ,ἔ
