4106 6190
466 335 582 400 987

848 329 1254 393 HAYMONIS
1297 322 1836 386 HALBEHSTAT.
1884 321 2131 383 EPISC.
2178 321 2352 384 opp.
2391 323 2596 386 PARS
2637 323 2687 385 1.
2735 359 2810 370 -
2852 324 3257 388 COMMENT.
3303 327 3503 389 BIBL.

3747 325 3863 392 988

468 484 711 528 suorum
740 463 1177 540 praedicatione;
1210 459 1298 516 vel
1329 459 1502 518 etiam
1533 461 1888 520 exaltabitur
1914 463 1985 519 de
2016 479 2105 519 se-
2135 464 2190 532 Α
2219 457 3102 532 perpaucigentiliumviderunt
3115 461 3245 534 ejus
3261 461 3858 533 praesentiam,tamen

468 559 670 633 pulcro
701 557 768 612 ad
803 553 995 620 cazlos,
1029 552 1100 607 de
1130 556 1314 607 morte
1355 551 1426 606 ad
1467 551 1645 606 vitam
1674 569 1686 606 :
1719 572 1740 601 ι
1774 557 1830 608 et
1859 554 2108 611 elevabi-

466 655 565 705 tur
586 672 605 696 ι
635 662 810 718 super
833 659 1038 699 omnes
1069 640 1242 696 ccelos
1272 657 1285 695 :
1311 664 1336 690 ‹‹
1363 645 1420 696 et
1451 641 1725 697 sublimis
1755 643 1864 698 erit
1885 644 2102 714 valde,»

467 737 677 794 sedens
705 734 765 788 in
795 731 981 807 gloria
1011 729 1268 803 pristinae
1302 730 1647 801 majestatis.
1675 731 1855 787 Filius
1887 733 1988 788 Dei
2020 751 2110 789 se-

465 824 725 881 cundum
757 820 1183 876 humanitatem
1209 835 1408 874 servus
1439 818 1786 890 appellatur,
1811 821 1950 893 quia
1975 839 2110 878 cum

465 915 523 970 in
550 937 579 964 «
613 912 800 968 forma
823 909 923 966 Dei
945 912 1120 976 esset,
1143 907 1476 962 humiliavit
1497 907 1896 980 semetipsum,
1923 912 2110 966 factus

465 1003 742 1060 obcdiens
774 1000 928 1056 Patri
970 1015 1157 1070 usque
1205 999 1276 1052 ad
1329 1001 1572 1052 mortem
1615 998 1842 1070 (Philip.
1871 999 2005 1069 11);»
2054 1005 2113 1056 et

463 1093 604 1166 quia
635 1092 746 1147 hoc
773 1090 911 1164 egit,
935 1087 1208 1144 exaltavit
1238 1085 1405 1140 illum
1439 1087 1592 1141 Deus
1625 1087 1794 1142 Pater
1821 1089 1892 1143 ad
1926 1089 2113 1146 dexte-

464 1199 587 1238 ram
623 1179 987 1246 suam,dans
1031 1175 1112 1230 illi
1149 1191 1357 1230 nomen
1391 1176 1545 1246 quod
1577 1179 1666 1230 est
1712 1193 1891 1247 super
1939 1194 2112 1234 omne

409 1281 416 1289 ‘
463 1287 698 1336 nomen,
733 1271 800 1323 ut
831 1266 1009 1322 Filius
1039 1263 1140 1319 Dei
1172 1263 1419 1318 dicatur.

535 1359 754 1415 «Sicut
806 1353 1294 1426 obstupefuerunt
1339 1351 1884 1425 [obstupuerunt],»
1917 1355 1974 1408 id
2021 1360 2112 1411 est

463 1449 616 1504 sicut
636 1444 908 1502 admirati
931 1448 1070 1498 sunt
1093 1467 1119 1491 ‹‹
1146 1459 1322 1514 super
1341 1445 1395 1496 te
1419 1440 1646 1510 multi,«
1671 1444 1956 1499 subaudis
1978 1449 2112 1500 ante

462 1535 799 1610 passionem
842 1532 1310 1598 tuam,videntes
1357 1532 1527 1605 signa
1570 1537 1628 1588 ct
1676 1533 1960 1590 miracula
1991 1541 2111 1591 ate

463 1625 610 1690 fieri,
639 1646 667 1674 «
687 1623 771 1679 sic
803 1620 1088 1695 inglorius
1117 1621 1228 1676 erit
1258 1621 1409 1676 inter
1437 1620 1592 1677 viros
1624 1628 1896 1695 aspectus
1923 1624 2109 1694 ejus,»

461 1719 722 1786 tempore
745 1710 1326 1785 passionis,videntes
1347 1727 1482 1766 eum
1506 1711 1749 1783 conspui
1772 1717 1828 1768 et
1859 1711 2110 1785 ﬂagella-

461 1803 530 1871 ri,
555 1807 729 1875 atque
758 1802 832 1857 ad
859 1800 1137 1856 ultimum
1160 1798 1453 1871 crucifigi;
1481 1822 1509 1850 «
1529 1805 1588 1856 et
1617 1801 1803 1856 forma
1833 1803 2026 1873 ejus,»
2049 1802 2106 1856 id
2140 1833 2188 1898 Β

459 1896 549 1949 est
568 1891 790 1964 species
811 1891 961 1961 ejus,
984 1888 1270 1944 subaudis
1301 1887 1427 1944 sine
1454 1888 1670 1946 honore
1691 1890 1801 1945 erit
1822 1915 1848 1939 ‹‹
1875 1891 2026 1946 inter
2047 1891 2107 1945 ﬁ-

458 1980 570 2037 lios
587 1977 1079 2036 hominum.»Vox
1095 1976 1196 2032 Dei
1214 1977 1400 2032 Patris
1421 1977 1495 2032 ad
1516 1977 1748 2034 Filium.
1767 1979 1882 2034 Isto
1905 1979 1962 2034 in
1983 1979 2108 2034 loco

459 2087 576 2126 non
609 2072 870 2124 servatur
899 2067 1040 2122 ordo
1070 2065 1350 2122 historiae.
1377 2067 1658 2139 Superius
1688 2067 1846 2122 enim
1877 2067 2109 2125 locutus

459 2162 550 2216 est
579 2157 863 2231 Propheta
893 2173 962 2212 ex
998 2171 1248 2228 persona
1284 2155 1382 2210 Dei
1424 2155 1612 2212 Patris
1642 2157 1714 2212 de
1765 2157 2106 2214 ascensione

461 2246 588 2302 Filii
620 2246 744 2316 Dei,
767 2245 939 2300 modo
970 2242 1276 2298 revertitur
1316 2245 1388 2298 ad
1442 2243 1774 2315 passionem
1822 2244 2002 2300 illius.
2037 2248 2107 2302 Et

459 2333 702 2406 quaestio
719 2332 814 2388 hic
830 2330 1016 2388 oritur
1031 2347 1211 2402 quare
1229 2331 1384 2386 dicat
1401 2331 1716 2388 Psalmista
1733 2350 1780 2388 :u
1797 2333 2106 2405 Speciosus

462 2423 649 2478 forma
679 2438 792 2494 praa
838 2419 976 2475 filiis
1006 2418 1311 2473 hominum
1337 2421 1518 2486 (Psal.
1543 2425 1754 2490 xxxiv).
1781 2444 1808 2470 ››
1835 2425 1978 2499 Cum
2010 2422 2106 2478 hic

459 2510 615 2568 dicat
635 2511 788 2566 Deus
811 2509 978 2564 Pater
1000 2524 1103 2579 per
1127 2507 1654 2580 prephetain,quod
1685 2509 1972 2581 inglorius
1997 2511 2107 2566 erit

460 2605 731 2674 aspectus
751 2599 880 2670 ejus
896 2597 1048 2654 inter
1062 2595 1212 2652 filios
1234 2596 1579 2652 hominum?
1599 2600 1732 2664 Qua:
1750 2599 1974 2670 questio
1996 2599 2106 2656 hoc

460 2691 634 2746 modo
665 2687 927 2754 solvitur,
951 2685 1092 2759 quia
1121 2703 1235 2741 non
1267 2690 1358 2742 est
1388 2687 1688 2742 referenda
1720 2688 1832 2742 ista
1857 2688 2107 2744 dehone-

459 2779 632 2836 statio
653 2777 725 2834 ad
750 2775 955 2832 faciem
979 2773 1281 2831 etvultum
1305 2773 1490 2830 illius:
1508 2775 1608 2830 sed
1629 2776 1702 2830 ad
1721 2775 2103 2848 ignominiam

459 2867 772 2942 passionis.
805 2866 957 2922 Dum
987 2863 1144 2920 enim
1183 2863 1444 2919 viderent
1485 2863 1801 2920 Dominum
1834 2865 2101 2937 conspui,

457 2955 742 3029 crucifigi,
765 2959 824 3010 et
849 2955 1002 3010 inter
1031 2952 1265 3026 iniquos
1296 2953 1552 3024 reputari
1577 2969 1590 3007 :
1613 2953 1699 3008 illi
1721 2953 1820 3025 qui
1844 2953 2104 3010 videntes

460 3044 745 3102 miracula
771 3044 900 3116 ejus
949 3046 1085 3098 ante
1133 3041 1463 3114 passionem
1496 3041 1765 3098 dixerunt
1798 3059 1810 3096 :
1845 3042 1986 3109 Quis
2015 3047 2104 3098 est

457 3135 588 3191 hic?
618 3136 971 3206 putaverunt
999 3149 1114 3186 non
1145 3147 1273 3186 esse
1305 3130 1470 3186 illum
1494 3130 1706 3186 Filium
1729 3131 1851 3198 Dei,
1876 3132 1976 3188 sed
2009 3132 2100 3186 de-

460 3227 726 3294 spectum
754 3226 813 3275 et
842 3219 1230 3274 novissimum
1260 3219 1538 3276 virorum.

532 3332 560 3357 ‹‹
588 3309 700 3364 Iste
722 3311 1044 3378 aspergct,»
1072 3306 1130 3360 id
1152 3310 1242 3361 est
1261 3305 1474 3362 lavabit
1494 3308 1780 3380 sanguine
1800 3326 1907 3364 suo
1922 3331 1949 3359 «
1972 3326 2108 3382 gen-

460 3400 548 3454 tes
596 3394 834 3451 multas.
859 3417 886 3444 »
911 3395 974 3448 In
999 3394 1190 3449 Veteri
1239 3396 1635 3463 Testamento,
1689 3399 2106 3470 aspergebatur

461 3483 714 3558 populus
735 3482 1020 3556 sanguine
1041 3482 1196 3555 agni,
1221 3482 1321 3538 sed
1349 3499 1480 3536 nom
1505 3484 1904 3539 mundabatur
1925 3503 1958 3540 a
1981 3503 2106 3558 pec-

459 3575 626 3632 catis.
649 3572 902 3630 Veniens
923 3577 1118 3627 autem
1142 3571 1323 3626 Filius
1345 3571 1445 3626 Dei
1469 3575 1527 3626 et
1548 3573 1852 3628 etl'undens
1873 3575 2107 3646 sangui-

459 3681 594 3721 nem
625 3679 802 3720 suum
843 3678 944 3734 pro
985 3660 1172 3727 nobis,
1198 3661 1502 3716 mandavit
1538 3679 1742 3717 omnes
1780 3664 2102 3728 credentes,

458 3753 559 3828 qui
589 3751 983 3826 praedestinati
1017 3755 1184 3806 erant
1225 3751 1296 3806 ad
1328 3749 1526 3806 vitam.
1551 3751 1816 3824 Congrue
1846 3769 1983 3824 ergo
2015 3752 2104 3807 di-

457 3843 608 3902 citur
635 3845 902 3914 aspergat
947 3843 1150 3913 gentes
1181 3839 1419 3907 multas,
1451 3845 1507 3894 et
1555 3857 1670 3895 non
1701 3857 1932 3910 omnes;
1967 3841 2106 3913 quia

457 3950 574 3989 non
607 3931 738 3988 aliis
767 3929 987 4002 profuit
1031 3929 1224 4001 passio
1274 3927 1452 3993 illius,
1479 3927 1588 3984 nisi
1623 3928 1723 4000 qui
1771 3930 1945 3984 fidem
1975 3931 2104 4000 ejus

456 4023 817 4093 receperunt,
841 4022 898 4073 et
928 4017 1202 4089 baptizati
1227 4021 1366 4072 sunt
1394 4017 1451 4072 in
1485 4016 1724 4073 nomine
1747 4023 1960 4073 sancta:
1983 4019 2104 4074 Tri-

456 4108 714 4165 nitatis:
730 4107 918 4176 Super
936 4106 1130 4177 ipsum
1149 4105 1574 4161 continuebunt
1597 4123 1761 4178 reges
1783 4124 1847 4162 os
1866 4123 2099 4174 suum,»

455 4197 514 4252 id
547 4200 636 4250 est
656 4193 950 4264 sapientes
980 4193 1159 4265 hujus
1203 4193 1420 4261 saeculi,
1457 4193 1638 4262 Plato,
1663 4195 2019 4263 Aristoteles,
2045 4200 2104 4251 et

456 4283 645 4339 caateri
677 4279 936 4336 carnalia
963 4282 1280 4352 sapientes,
1305 4282 1406 4353 qui
1431 4299 1492 4337 se
1511 4287 1567 4338 et
1587 4281 1732 4338 alios
1755 4283 2104 4340 videbantur

456 4389 610 4446 rege.
635 4369 1092 4426 Praedicantibus
1123 4368 1404 4441 apostolis
1441 4370 1846 4443 Evangelicam
1885 4373 2099 4428 doctri-

457 4478 616 4532 nam,
649 4458 840 4516 omnis
880 4457 1171 4532 sapientia
1210 4457 1490 4526 humana,
1542 4459 1734 4514 omnis
1771 4459 2102 4532 eloquentia

2221 553 2422 621 postea
2446 549 2826 623 contemplati
2856 555 2995 606 sunt
3021 567 3156 606 eum
3187 551 3304 607 fide
3332 555 3390 608 et
3419 551 3752 609 dilectione.

2833 639 3064 696 CAPUT
3105 640 3249 696 LIII.

2295 729 2488 796 «Quis
2519 728 2766 785 credidit
2794 729 3022 784 auditui
3063 734 3284 794 nostro,
3307 733 3367 786 et
3403 730 3715 786 brachium
3753 731 3861 788 Do-

2220 817 2366 872 mini
2397 817 2488 873 cui
2525 817 2839 873 revelatum
2862 821 2988 874 est?
3010 841 3036 868 ››
3061 819 3142 874 Ex
3167 836 3415 890 persona
3442 819 3711 875 omnium
3745 837 3860 892 pro-

2220 905 2532 978 phetarum
2561 907 2822 978 loquitur
2853 908 3024 964 modo
3048 907 3232 964 Isaias
3263 909 3336 964 ad
3367 907 3864 981 Dominum,quod

2222 995 2390 1066 pauci
2413 1012 2482 1050 ex
2500 996 2720 1052 Judzeis
2740 995 3066 1052 exstiterint
3087 996 3186 1070 qui
3211 1013 3410 1052 verum
3432 997 3740 1053 crederent
3761 997 3862 1054 hoc

2221 1086 2532 1156 esse,quod
2555 1085 2627 1140 ab
2660 1084 2779 1141 illis
2798 1085 3104 1140 audierent
3121 1085 3193 1141 de
3223 1087 3472 1141 adventu
3499 1085 3626 1143 Filii
3657 1087 3782 1154 Dei,
3815 1092 3866 1144 et

2221 1173 2350 1229 ideo
2371 1174 2551 1230 dicit:
2578 1174 2718 1240 Quis
2740 1174 2988 1230 credidit
3008 1174 3236 1230 auditui
3259 1175 3496 1231 nostro?
3514 1177 3646 1245 Qui:
3665 1176 3780 1232 isto
3811 1176 3864 1232 in

2219 1261 2344 1318 loco
2378 1280 2481 1335 pro
2514 1264 2749 1319 raritate
2779 1263 3048 1336 ponitur?
3083 1263 3152 1318 Et
3180 1267 3270 1320 est
3298 1281 3547 1321 sensus:
3573 1265 3737 1322 Licet
3765 1283 3865 1324 nos

2219 1351 2341 1407 hate
2371 1352 2571 1408 omnia
2601 1353 2873 1426 superius
2905 1352 3062 1408 dicta
3091 1353 3584 1424 prazdixissemus,
3608 1355 3745 1428 quis
3775 1355 3866 1413 Ju-

2221 1441 2480 1496 daaorum
2501 1441 2748 1497 credidit
2775 1441 3002 1498 auditui
3033 1446 3254 1512 nostro,
3276 1441 3385 1498 hoc
3414 1447 3523 1511 est,
3539 1443 3674 1516 quis
3704 1450 3868 1517 putat

2220 1547 2286 1586 ea
2315 1547 2445 1586 esse
2476 1547 2611 1586 vera
2630 1548 2758 1602 quae
2790 1548 2824 1586 a
2851 1534 2905 1586 te
2943 1531 3015 1586 de
3054 1530 3305 1586 adventu
3337 1529 3464 1587 Filii
3498 1533 3582 1588 tui
3614 1533 3869 1607 percepi-

2221 1617 2395 1674 mus?
2426 1618 2761 1686 Brachium,
2787 1619 2842 1674 id
2875 1624 2966 1675 est
3001 1617 3183 1675 Filius
3224 1619 3326 1676 Dei
3363 1619 3570 1688 Patris,
3593 1621 3688 1678 cui
3720 1639 3867 1679 reve-

2218 1705 2404 1762 latum
2437 1710 2545 1774 est,
2579 1707 2688 1764 hoc
2718 1713 2808 1764 est
2841 1707 2934 1764 cui
2976 1707 3386 1765 manifestatus
3416 1713 3508 1766 est
3545 1716 3612 1766 ut
3641 1711 3702 1766 in
3735 1727 3865 1768 eum

2219 1795 2516 1852 crederet?
3603 1851 3613 1856 -

2293 1907 2320 1935 ‹‹
2346 1886 2415 1940 Et
2445 1887 2719 1942 ascendet
2747 1885 2900 1942 sicut
2935 1883 3256 1959 virgultum
3294 1901 3490 1943 eoram
3521 1905 3609 1956 eo,
3633 1911 3662 1939 η
3691 1889 3754 1945 id
3784 1894 3866 1946 est

2217 1990 2415 2030 coram
2443 1979 2552 2031 Deo
2577 1976 2762 2043 Patre,
2779 1998 2806 2025 «
2831 1979 2888 2030 et
2917 1975 3071 2030 sicut
3100 1976 3265 2031 radix
3293 1975 3365 2032 de
3394 1980 3548 2033 terra
3567 1977 3815 2036 sitienti.
3837 2002 3864 2028 »ι

2217 2063 2370 2119 Bene
2399 2063 2543 2120 dicit
2573 2065 2849 2120 ascendet
2879 2064 3185 2120 brachium
3227 2064 3322 2122 Dei
3353 2065 3542 2122 Patris
3570 2066 3727 2123 sicut
3755 2069 3864 2124 vir-

2215 2151 2447 2223 gultum
2471 2169 2666 2208 coram
2689 2169 2776 2222 ea,
2800 2151 2856 2208 id
2880 2157 2971 2210 est
2989 2152 3287 2210 voluntate
3318 2153 3508 2227 ipsius
3529 2155 3632 2212 Dei
3656 2157 3862 2226 Patris,

2215 2239 2370 2295 sicut
2399 2241 2524 2313 ipse
2554 2241 2701 2297 dixit
2732 2258 2745 2296 :
2779 2240 2936 2297 Exivi
2967 2259 3002 2298 a
3033 2242 3199 2298 Patre
3227 2247 3286 2298 et
3313 2243 3443 2299 veni
3473 2243 3536 2298 in
3575 2247 3862 2302 mundum

2215 2329 2549 2397 (Joan.xvx),
2567 2335 2633 2386 ut
2663 2331 3089 2387 demonstraret
3131 2331 3450 2389 nativitatis
3487 2333 3619 2404 ejus
3659 2350 3864 2391 ascen-

2214 2433 2369 2485 sum,
2403 2419 2696 2490 quomodo
2746 2419 2922 2476 homo
2967 2420 3178 2486 factus,
3209 2420 3498 2478 exaltatus
3543 2422 3625 2477 sit
3672 2441 3862 2479 resur-

2213 2505 2402 2577 gendo
2433 2523 2468 2561 a
2497 2507 2766 2574 mortuis,
2789 2513 2848 2564 et
2887 2509 3254 2566 ascendendo
3293 2511 3364 2566 ad
3406 2509 3602 2578 ccelos,
3625 2516 3684 2567 et
3719 2529 3860 2584 quo-

2214 2595 2387 2650 modo
2417 2595 2826 2666 praedicatione
2854 2597 3252 2669 apostolorum
3283 2615 3498 2655 nomen
3529 2600 3657 2672 ejus
3688 2618 3863 2674 super

2213 2699 2418 2740 omnes
2447 2688 2650 2757 gentes
2678 2685 2758 2741 sit
2785 2686 3124 2742 exaltatum.
3149 2687 3308 2743 Istud
3338 2692 3430 2745 est
3451 2689 3779 2763 virgultum
3807 2696 3862 2748 et

2212 2771 2396 2839 radix,
2422 2774 2492 2830 de
2521 2791 2638 2846 quo
2668 2774 2782 2830 alio
2814 2775 2874 2830 in
2904 2774 3030 2832 loco
3053 2776 3196 2832 dicit
3225 2777 3406 2834 Isaias
3428 2795 3477 2833 :«
3512 2777 3676 2834 Exiet
3702 2781 3861 2853 virga

2212 2861 2282 2916 de
2313 2863 2507 2918 radice
2544 2865 2716 2920 Jesse
2745 2865 2874 2934 (Isa.
2899 2866 2983 2937 ιι),
3001 2887 3028 2914 ››
3051 2864 3162 2921 hoc
3195 2870 3305 2933 est,
3328 2866 3598 2922 Christus
3641 2871 3714 2924 de
3743 2869 3858 2924 vir-

2211 2949 2346 3022 gine
2378 2951 2578 3021 Maria,
2603 2969 2732 3024 qua:
2762 2953 2874 3008 fuit
2901 2959 3029 3009 orta
3057 2954 3128 3010 dc
3165 2954 3442 3027 progenie
3469 2954 3675 3012 David.
3698 2956 3859 3024 Quod

2211 3041 2404 3094 autem
2431 3039 2592 3110 dicit,
2619 3045 2676 3096 et
2704 3041 2858 3097 sicut
2883 3041 3048 3098 radix
3067 3042 3137 3097 de
3158 3047 3314 3098 terra
3332 3041 3554 3099 sitienti
3576 3044 3858 3101 debemus

2213 3125 2535 3201 intelligere
2555 3129 2745 3201 ipsam
2767 3129 3072 3203 virginem,
3087 3131 3258 3203 cujus
3275 3135 3477 3187 uterus
3495 3132 3708 3190 sitiens
3728 3134 3856 3200 fuit,

2133 3200 2177 3267 C
2216 3217 2354 3289 quia
2385 3200 2500 3274 non
2532 3200 2642 3275 fuit
2670 3220 2741 3275 de
2771 3200 3029 3276 humano
3054 3224 3112 3276 et
3132 3200 3284 3276 virili
3311 3221 3534 3278 semine
3565 3221 3860 3279 humecta-

2211 3310 2329 3362 tus.
2353 3309 2632 3380 Quodque
2662 3309 2950 3380 sequitur,
2977 3331 3005 3359 «
3037 3325 3153 3364 non
3201 3314 3292 3365 est
3337 3309 3563 3382 species
3592 3311 3647 3366 ei
3675 3329 3858 3384 neque

2213 3394 2404 3462 decor,
2428 3401 2486 3452 et
2515 3395 2768 3454 vidimus
2814 3414 2972 3465 eum,
2994 3400 3053 3453 et
3077 3415 3192 3453 non
3223 3401 3349 3454 erat
3394 3398 3645 3470 species,
3673 3423 3700 3448 »
3731 3401 3862 3455 sub-

2213 3483 2383 3538 audis
2419 3484 2475 3538 in
2508 3501 2595 3554 eo,
2620 3502 2727 3540 vox
2779 3485 3072 3558 propheta:
3117 3491 3207 3542 est
3253 3503 3323 3542 ex
3369 3502 3622 3558 persona
3671 3506 3779 3544 sua
3806 3493 3860 3544 et

2213 3572 2478 3627 omnium
2538 3573 2990 3646 prephetarum,
3023 3575 3126 3646 qui
3176 3573 3376 3631 omnia
3422 3593 3527 3648 per
3577 3577 3856 3649 Spiritum

2213 3665 2484 3716 sanctum
2506 3667 2901 3734 cognoverunt
2920 3681 3046 3736 qua:
3081 3664 3140 3718 in
3173 3663 3419 3721 Domino
3457 3664 3600 3722 Jesu
3631 3665 3856 3722 Christo

2211 3753 2379 3804 erant
2400 3749 2776 3822 complenda;
2798 3750 2888 3808 vel
2919 3750 3019 3824 qui
3044 3751 3290 3808 Domino
3317 3753 3582 3810 veniente
3609 3753 3670 3809 in
3692 3771 3856 3812 carne

2212 3839 2604 3895 crediderunt.
2631 3840 2741 3895 Sed
2785 3841 3030 3912 quaestio
3075 3840 3187 3896 isto
3218 3840 3433 3898 inloco
3471 3860 3590 3898 non
3631 3845 3854 3900 modica

2211 3928 2643 3996 oritueruare
2693 3929 2848 3986 dicat
2877 3928 3059 3986 Isaias
3091 3931 3392 4004 prepheta,
3420 3932 3548 3988 Non
3593 3938 3688 3989 est
3733 3951 3852 4006 spe-

2211 4017 2329 4072 cies
2351 4016 2402 4072 ei
2425 4034 2612 4089 neque
2634 4018 2828 4090 decor,
2850 4035 2986 4074 cum
3011 4019 3325 4075 Psalmista
3343 4021 3627 4092 praecinet
3647 4023 3719 4078 de
3741 4023 3812 4078 illi
3839 4065 3852 4087 ,

2211 4106 2367 4178 quod
2400 4107 2524 4178 ipse
2555 4105 2633 4162 sit
2661 4105 2961 4178 speciosus
2989 4108 3177 4163 forma
3213 4125 3328 4180 prae
3370 4107 3511 4166 ﬁliis
3549 4110 3849 4167 hominum

2211 4195 2380 4266 (Psal.
2405 4195 2596 4264 xuv)?
2619 4197 2754 4262 Quae
2785 4195 3030 4268 quaestio
3053 4197 3161 4252 hoc
3192 4199 3366 4253 modo
3396 4197 3648 4255 solvitur
3677 4218 3692 4257 :
3729 4201 3850 4256 Idea

2211 4300 2326 4338 non
2357 4287 2482 4339 erat
2509 4283 2561 4339 ei
2593 4283 2818 4356 species
2849 4302 3036 4358 neque
3057 4286 3250 4356 decor,
3264 4287 3405 4360 quia
3431 4287 3741 4358 plenitudo
3768 4289 3852 4345 di-

2208 4371 2492 4440 vinitatis,
2516 4389 2644 4444 quae
2669 4371 2728 4428 in
2752 4372 2880 4445 ipso
2907 4373 3142 4442 latebat,
3164 4375 3529 4432 extrinsecus
3552 4394 3671 4434 non
3693 4394 3853 4450 appa-

2210 4460 2402 4528 rebat;
2429 4459 2516 4516 vel
2548 4465 2839 4532 quantum
2862 4463 2934 4518 ad
2965 4463 3126 4535 ipsos
3157 4463 3484 4535 pertinebat
3513 4466 3617 4538 qui
3649 4466 3701 4523 ei
3731 4483 3852 4522 con-

454 4552 758 4607 mundana
785 4547 1023 4620 quievit,
1045 4552 1104 4603 et
1122 4548 1267 4603 fides
1288 4546 1504 4603 Christi
1527 4564 1630 4620 per
1651 4548 1942 4621 Evangelii
1975 4567 2100 4622 gra-
2131 4566 2178 4630 ι)
2209 4548 2510 4604 tumeliam
2531 4547 2880 4618 inferabant,
2894 4567 3128 4606 omnem
3151 4553 3585 4624 speciositatem
3609 4554 3852 4610 habebat

455 4641 598 4696 tiam
622 4639 791 4711 longe
821 4636 1049 4709 lateque
1081 4636 1295 4692 diffusa
1325 4641 1434 4692 est.
1459 4637 1528 4692 Et
1556 4653 1734 4708 quare
1765 4637 1873 4693 hoc
1905 4643 2100 4694 actum

456 4729 550 4796 sit,
589 4728 647 4782 in
679 4727 1175 4798 subsequentibus
1215 4726 1642 4797 manifestatur,
1683 4745 1817 4782 cum
1859 4729 2100 4799 subjun-

455 4816 615 4889 gitur
639 4833 690 4870 :«
712 4816 858 4880 Quia
900 4815 1116 4887 quibus
1155 4832 1269 4869 non
1299 4820 1388 4870 est
1420 4821 1718 4871 narratum
1751 4817 1820 4872 de
1852 4835 1978 4885 eo,»
2001 4835 2098 4872 su-

456 4905 668 4962 baudis
697 4922 732 4959 a
772 4902 1120 4976 patriarchis
1155 4909 1211 4959 et
1248 4905 1569 4976 prophetis,
1599 4926 1619 4953 «
1655 4905 1952 4974 videbunt,
1977 4927 2002 4957 υ
2041 4907 2098 4961 id

455 4999 544 5050 est
561 4992 888 5066 intelligent
907 5009 1042 5048 eum
1066 5009 1168 5064 pro
1194 4993 1590 5064 redemptione
1606 4995 1836 5066 generis
1859 4994 2100 5050 humani

454 5082 706 5151 venisse,
736 5105 756 5132 ε
793 5086 851 5137 et
902 5081 1001 5153 qui
1053 5097 1168 5136 non
1223 5080 1581 5136 audierunt»
1606 5083 1920 5154 prophetas
1967 5089 2101 5138 ante

457 5173 772 5228 adventum
804 5169 982 5236 illius,
1010 5193 1037 5219 ››
1063 5169 1441 5241 contemplati
1495 5174 1636 5225 sunt
1682 5186 1817 5225 eum
1843 5193 1869 5220 »
1900 5173 2014 5227 fide
2044 5177 2102 5227 et

457 5259 766 5318 desiderio.
801 5259 906 5314 Per
950 5258 1094 5315 istos
1124 5258 1339 5332 quibus
1379 5263 1680 5315 narratum
1733 5277 1847 5314 non
1896 5265 1986 5316 est
2031 5262 2102 5316 de

457 5351 708 5404 adventu
738 5347 969 5403 Domini
1000 5366 1034 5404 a
1064 5349 1383 5420 prophetis,
1407 5353 1465 5403 et
1505 5349 1603 5420 qui
1647 5354 1819 5404 antea
1851 5367 1962 5405 non
1997 5368 2101 5406 au-

457 5437 707 5504 dierant,
722 5437 1004 5492 debemus
1025 5436 1350 5509 intelligere
1369 5436 1720 5509 gentiles,de
1737 5439 1954 5510 quibus
1978 5439 2102 5510 ipse

457 5522 600 5578 dicit
639 5541 707 5580 :«
751 5525 909 5582 Beati
957 5525 1057 5598 qui
1106 5543 1221 5581 non
1270 5525 1558 5594 viderunt,
1601 5531 1660 5582 et
1707 5527 2098 5583 crediderunt.

459 5609 837 5685 (Joan.xxv1).
867 5612 1272 5672 )wPraadicante
1323 5615 1480 5672 enim
1527 5615 1774 5672 Domino
1823 5617 1882 5672 in
1929 5632 2103 5673 carne

2213 4637 2842 4694 amissam.Videamus
2865 4655 3002 4711 ergo
3032 4657 3135 4710 per
3163 4639 3399 4714 singula
3419 4643 3518 4712 qui
3541 4643 3848 4700 dicendum

2208 4727 2305 4798 sit,
2324 4727 2462 4782 licet
2480 4745 2550 4783 ex
2569 4744 2820 4800 persona
2839 4728 3132 4801 propheta:
3153 4734 3565 4801 sociorumque
3585 4733 3638 4804 ej
3648 4750 3716 4788 us
3736 4731 3851 4786 hac

2209 4815 2365 4872 dicta
2395 4815 2532 4872 sint.
2558 4817 2683 4872 Non
2705 4820 2794 4872 est
2813 4817 3038 4888 species
3058 4816 3131 4882 ei,
3156 4835 3344 4890 neque
3365 4821 3559 4875 decor.
3579 4819 3729 4875 Dum
3751 4820 3848 4874 lla-

2209 4903 2524 4978 gellaretur
2553 4905 2728 4970 Deus,
2752 4905 2893 4960 dum
2923 4910 3364 4977 conspueretur,
3392 4912 3448 4963 et
3478 4909 3625 4963 dum
3654 4911 3846 4962 caetera

2208 4993 2521 5066 opprobria
2541 4993 2878 5061 sustineret,
2893 4993 3199 5050 videbatur
3219 4995 3486 5050 aJudmis
3506 5012 3624 5051 non
3645 4994 3850 5050 habere

2210 5082 2484 5154 speciem,
2518 5099 2704 5154 neque
2743 5081 3032 5152 decorem,
3055 5081 3194 5155 quia
3237 5083 3562 5140 divinitatis
3601 5082 3852 5156 potentia

2211 5171 2565 5227 intrinsecus
2586 5169 2822 5227 latebat.
2837 5194 2864 5221 ‹‹
2885 5172 2956 5227 Et
2973 5171 3225 5228 vidimus
3241 5189 3376 5228 eum
3399 5190 3504 5246 per
3524 5171 3799 5246 Spiritum
3819 5193 3845 5219 κ

2211 5264 2481 5315 sanctum
2515 5262 2708 5316 mente
2738 5275 2844 5332 ego
2866 5264 2924 5315 et
2950 5259 3090 5316 socii
3115 5261 3229 5316 mei
3251 5261 3354 5334 qui
3376 5266 3512 5318 ante
3538 5261 3772 5326 fuimus,
3793 5263 3848 5315 et

2211 5348 2458 5421 apostoli
2490 5348 2588 5421 qui
2630 5352 2946 5420 praesentes
2975 5349 3233 5406 fuerunt.
3258 5352 3329 5406 Et
3376 5368 3492 5406 non
3541 5354 3667 5408 erat
3691 5365 3846 5420 aspe-

2211 5445 2364 5506 ctus,
2387 5438 2672 5493 subaudis
2704 5436 2762 5492 in
2784 5453 2850 5492 eo
2872 5443 3132 5509 tempore
3159 5439 3474 5511 passionis.
3503 5463 3526 5490 ι
3550 5445 3611 5495 et
3638 5437 3848 5495 deside-

2213 5527 2471 5584 ravimus
2501 5543 2658 5593 eum,
2684 5548 2712 5576 »
2733 5526 3018 5582 subaudis
3065 5527 3260 5583 videre
3289 5545 3396 5601 ego
3442 5533 3502 5586 et
3548 5528 3692 5586 socii
3738 5523 3844 5582 mei

2212 5616 2508 5690 prophetae
2537 5615 2638 5687 qui
2668 5631 2802 5672 eum
2835 5615 3262 5688 praacessimus.
