4106 6190
212 318 333 380 989

1272 315 1676 379 COMMENT.
1723 316 1802 376 IN
1847 317 2137 379 ISAIAM.
2184 352 2261 391 -_—-
2303 318 2451 380 LIB.
2500 318 2576 380 II.

3505 323 3626 388 990

285 474 315 501 ‹‹
348 448 722 522 Despectum,
759 468 787 497 »
836 464 871 503 a
901 446 1142 519 Judaeis,
1195 470 1224 500 «
1272 446 1661 504 novissimum
1707 444 1864 504 viro-
1894 448 1950 515 Α
1979 466 2115 506 eum
2144 450 2342 518 morti,
2373 455 2431 507 et
2460 449 2797 526 indigemus
2828 450 3233 509 misericordia
3284 454 3435 528 ejus,
3458 456 3632 527 juxta

213 557 372 608 rum,
408 561 436 588 »ι
467 538 526 593 id
559 541 649 594 est
679 554 785 611 pro
808 536 1001 592 nihilo
1033 537 1411 610 deputatum;
1435 559 1464 588 «
1494 536 1686 593 virum
1717 536 1873 593 dolo-

213 647 348 686 rum
381 632 440 684 et
467 627 751 683 scientem
783 626 1208 694 inﬁrmitatem,
1233 649 1258 675 ››
1276 624 1563 682 subaudis
1584 626 1874 698 patienter

215 721 334 776 fere
369 736 382 774 :
418 741 446 767 «
480 721 539 772 et
569 714 738 788 quasi
769 714 1151 770 absconditus
1181 713 1379 773 vultus
1410 715 1539 785 ejus
1570 719 1626 770 et
1661 715 1871 786 despe—

214 814 368 874 ctus,
412 829 441 855 ››
490 806 547 861 id
598 808 688 859 est
737 803 972 859 claritas
1022 803 1342 859 divinitatis
1387 805 1517 875 ejus
1563 803 1869 860 absconsa.

213 899 362 955 Cum
394 895 540 951 dicit
570 893 1033 950 desideravimus
1061 910 1197 948 eum
1226 892 1605 960 videre,sicut
1634 896 1757 947 erat
1778 893 1872 947 de-

213 991 453 1061 spectus
485 1002 519 1039 a
547 982 789 1051 Judazis,
811 986 868 1038 et
898 999 1001 1054 pro
1031 980 1213 1036 nihilo
1246 981 1780 1054 deputatus,jungit
1811 997 1873 1037 se

214 1074 489 1133 Patribus
519 1071 750 1128 Domini
782 1072 1094 1127 adventum
1128 1069 1593 1143 przecedentibus
1612 1069 1711 1142 qui
1735 1087 1870 1124 eum

215 1163 400 1219 nimio
433 1177 630 1217 amore
663 1159 1140 1216 desideraverunt
1167 1158 1382 1223 videre,
1433 1159 1505 1214 de
1553 1158 1770 1230 quibus
1817 1161 1874 1213 et

215 1252 503 1311 Dominus
533 1250 678 1306 dixit
707 1248 988 1322 apostolis
1022 1265 1035 1303 :
1064 1270 1092 1298 «
1118 1250 1298 1303 Amen
1331 1247 1461 1303 dico
1491 1247 1653 1303 vobis
1678 1265 1691 1302 :
1716 1248 1871 1320 quod

213 1341 386 1400 multi
420 1356 587 1413 reges
617 1342 675 1395 et
706 1338 1000 1411 prophetae
1029 1336 1340 1392 voluerunt
1368 1336 1563 1392 videre
1594 1353 1720 1408 qua:
1772 1353 1872 1391 vos

212 1431 447 1498 videtis,
479 1434 537 1485 et
567 1445 682 1483 non
713 1426 987 1483 viderunt
1034 1425 1237 1499 (Matth.
1278 1428 1422 1495 xm).
1461 1447 1482 1474 »
1521 1448 1548 1474 ‹‹
1582 1426 1652 1480 Et
1687 1426 1871 1480 Abra—

214 1521 355 1577 ham
389 1521 557 1592 pater
583 1521 778 1572 vaster
807 1515 1119 1572 exsultavit
1141 1518 1207 1569 ut
1235 1515 1455 1569 videret
1483 1514 1641 1569 diem
1675 1530 1871 1568 meum

213 1611 393 1683 (Joan.
429 1609 533 1676 ιιι).
567 1629 595 1655 ››
627 1606 790 1663 Unde
822 1604 1000 1660 David
1042 1620 1254 1677 magno
1303 1620 1627 1659 succensus
1676 1619 1874 1658 amore

211 1696 451 1754 videndi
500 1713 634 1751 eum
683 1695 742 1750 in
792 1711 967 1750 carne
1015 1692 1206 1749 dixit:
1242 1714 1270 1743 «
1323 1692 1541 1760 Excita,
1603 1691 1869 1757 Domine,

213 1785 539 1861 potentiam
571 1789 755 1852 tuam,
789 1787 847 1838 et
874 1782 1180 1853 veni(Psal.
1205 1786 1452 1849 Lxx1x),»
1480 1798 1583 1853 per
1612 1780 1873 1835 incarna-
1902 1824 1949 1888 Β

212 1876 397 1933 tionis
429 1873 800 1947 mysterium.
834 1873 903 1927 Et
936 1871 1116 1927 Isaias
1152 1888 1200 1926 ;‹‹
1234 1870 1470 1926 Utinam
1504 1870 1873 1942 dirumperes

214 1964 394 2022 caelos
421 1966 479 2019 et
507 1962 891 2018 descenderes
922 1962 1047 2033 (lsa.
1083 1961 1253 2028 Lxlv).
1290 1982 1318 2008 »
1351 1959 1515 2025 Quod
1546 1963 1742 2014 autem
1775 1976 1869 2015 se-

215 2054 440 2127 quitur,
466 2049 936 2108 desideravimus
966 2066 1100 2104 eum
1132 2048 1325 2104 videre
1356 2048 1546 2103 virum
1578 2047 1869 2112 dolorum,

214 2143 276 2199 id
308 2146 399 2197 est
426 2140 683 2213 positum
715 2138 774 2193 in
808 2137 1007 2193 dolore
1025 2142 1083 2193 et
1104 2137 1384 2193 scientem
1410 2135 1697 2209 patienter
1727 2137 1873 2193 ferre

216 2228 648 2295 inﬁrmitatem,
682 2244 797 2283 non
830 2226 1150 2281 dubitativa
1182 2226 1535 2281 credendum
1567 2230 1656 2281 est
1695 2224 1871 2281 susti-

217 2317 426 2373 nuisse
448 2332 585 2371 eum
607 2315 865 2371 dolorem
891 2312 1365 2387 passionis,sicut
1392 2314 1631 2387 quidam
1653 2313 1877 2368 haereti-

218 2422 424 2463 corum
457 2404 864 2471 dixerunt,sed
898 2402 1051 2459 sicut
1078 2403 1135 2457 in
1168 2402 1408 2458 veritate
1436 2419 1639 2457 verum
1662 2418 1875 2474 corpus

216 2495 449 2560 habuit,
473 2494 555 2548 ita
584 2493 644 2548 in
676 2492 916 2548 veritate
947 2492 1268 2547 maximum
1302 2490 1560 2547 dolorem
1585 2489 1875 2563 passionis

218 2583 412 2640 sensit
433 2582 758 2638 secundum
775 2578 1513 2649 thumanitatem,divinitas
1535 2584 1731 2634 autem
1754 2578 1874 2633 sixe

216 2671 418 2728 dolore
440 2668 853 2726 mansit.Unde
871 2673 928 2725 et
949 2668 1276 2725 dixitnocte
1288 2685 1404 2740 qua
1416 2667 1876 2741 comprehensus

216 2765 309 2817 est
340 2779 354 2816 :
391 2784 418 2809 ‹‹
453 2758 664 2815 Tristis
701 2762 792 2814 est
839 2758 1039 2813 anima
1087 2774 1218 2813 mea
1262 2774 1450 2829 usque
1500 2757 1572 2812 ad
1626 2760 1873 2812 mortem

215 2847 609 2921 (Matth.xxv1.)
643 2869 672 2898 »
705 2870 733 2898 ‹‹
767 2847 952 2918 Unde,
999 2868 1026 2897 »
1069 2845 1354 2902 subaudis
1402 2863 1518 2919 qua
1564 2844 1874 2901 abscondi-

219 2944 320 2995 tus
349 2943 475 2994 erat
502 2936 701 2993 vultus
733 2935 1055 2991 divinitatis
1085 2937 1234 3008 ejus,
1269 2958 1296 2985 «
1330 2952 1435 2991 nec
1476 2934 1876 3007 reputavimus

217 3045 355 3085 eum
388 3050 416 3079 »
450 3044 578 3084 esse
611 3025 821 3082 Filium
855 3024 977 3081 Dei.
1008 3026 1088 3080 Ex
1117 3041 1367 3097 persona
1397 3024 1732 3079 Judaaorum
1775 3022 1875 3095 qui

217 3120 425 3189 postea
447 3116 517 3171 ad
543 3115 719 3170 ﬁdem
749 3117 1036 3169 venerunt
1062 3112 1342 3186 loquitur,
1362 3116 1419 3167 et
1450 3129 1559 3168 sua
1588 3110 1878 3167 omnium-

221 3222 337 3278 que
362 3202 805 3277 prophetarum.

291 3316 320 3343 «
345 3292 493 3348 Vere
520 3291 836 3366 Ianguores
866 3294 1118 3358 nostros,
1148 3313 1176 3340 »
1207 3290 1263 3346 id
1296 3294 1384 3345 est
1410 3293 1649 3361 peccata
1678 3292 1880 3345 nostra

222 3405 252 3434 «
282 3382 412 3455 ipse
441 3380 596 3447 tulit,
631 3402 659 3430 »
691 3379 976 3436 subaudis
1006 3397 1040 3435 a
1067 3380 1259 3444 nobis,
1290 3378 1451 3433 velut
1482 3378 1746 3433 medicus
1790 3378 1876 3432 in-

217 3470 564 3526 ﬁrmitatem
596 3470 667 3525 ab
701 3472 934 3542 aegroto,
967 3485 1080 3523 non
1114 3472 1179 3523 ut
1202 3467 1327 3539 ipse
1358 3466 1416 3520 in
1466 3483 1527 3522 se
1567 3465 1877 3539 acciperet,

217 3559 325 3615 sed
356 3562 423 3613 ut
453 3561 739 3629 curaret,«
773 3560 830 3612 et
859 3556 1088 3612 dolores
1119 3560 1418 3623 nostros,»
1450 3555 1507 3611 id
1531 3559 1621 3611 est
1642 3558 1880 3627 peccata

218 3670 249 3699 ι(
282 3648 415 3721 ipse
447 3647 697 3719 portavit
729 3668 757 3694 »
788 3645 848 3701 in
881 3662 1120 3718 corpore
1147 3661 1324 3717 super
1352 3644 1580 3717 lignum
1603 3660 1651 3701 :«
1686 3648 1743 3699 et
1772 3661 1879 3699 nos

218 3735 563 3809 putavimus
580 3751 715 3790 eum
734 3734 901 3807 quasi
932 3733 1287 3806 leprosum,»
1303 3733 1359 3788 id
1384 3737 1471 3788 est
1493 3736 1877 3804 peceatorem,

219 3848 249 3876 ‹‹
284 3829 345 3881 et
377 3839 723 3897 percussum
757 3840 792 3877 a
821 3823 937 3879 Deo
970 3845 999 3871 »
1031 3827 1269 3895 propter
1315 3838 1423 3877 sua
1472 3825 1709 3893 peccata
1750 3841 1778 3869 ‹‹
1823 3824 1881 3875 et

218 3912 627 3970 humiliatum.
667 3934 695 3960 »
725 3911 847 3966 Vox
880 3911 1117 3966 illorum
1161 3915 1252 3967 est
1300 3910 1456 3983 quod
1487 3914 1619 3982 post
1646 3908 1878 3964 Domini

218 4002 627 4058 ascensionem
657 3999 1031 4056 crediderunt
1050 3998 1504 4072 praedicantibus
1520 3997 1883 4071 apostolis,et

219 4088 564 4163 compuncti
596 4088 669 4145 ad
703 4088 1105 4160 pmnitentiam
1137 4088 1409 4144 dixerunt
1440 4103 1493 4141 ει
1526 4085 1672 4152 Quid
1703 4085 1881 4141 facie-

218 4196 385 4245 mus,
410 4177 518 4233 viri
548 4178 756 4233 fratres
782 4178 916 4246 (Act.
949 4176 1058 4247 Ii)?
1089 4198 1117 4227 »
1153 4175 1531 4249 Prosequitur
1573 4191 1709 4248 ergo
1749 4192 1877 4247 pro-

220 4267 428 4341 pheta,
452 4270 510 4321 et
537 4264 682 4321 dicit
714 4283 728 4320 :

295 4380 325 4407 «
356 4360 492 4429 Ipse
524 4358 721 4411 autem
750 4353 1092 4410 vulneratus
1135 4357 1227 4409 est
1275 4357 1511 4427 prepter
1538 4353 1882 4426 iniquitates

218 4444 815 4513 nostras,»subaudis
836 4461 951 4500 non
982 4461 1121 4500 suas
1152 4443 1305 4499 sicut
1334 4443 1460 4515 ipse
1490 4441 1631 4497 dicit
1658 4442 1718 4498 in
1736 4441 1883 4514 psal-

216 4552 321 4591 mo
355 4553 370 4590 :
405 4558 433 4584 «
472 4534 765 4589 Foderunt
793 4550 1006 4630 manus
1036 4550 1198 4588 meas
1230 4537 1288 4588 et
1317 4533 1495 4605 pedes
1527 4548 1686 4587 meas
1707 4531 1878 4600 (Psal.
1912 4565 1960 4630 D

214 4626 406 4693 xxx)»:
430 4645 457 4672 ‹‹
493 4622 746 4678 Attritus
776 4626 918 4692 est,»
952 4620 1008 4677 id
1041 4627 1130 4677 est
1161 4622 1517 4684 inﬁrmatus,
1552 4620 1638 4677 vel
1683 4620 1880 4676 addic-

217 4717 325 4768 tus
355 4715 448 4768 est
478 4711 675 4782 morti,
708 4735 737 4761 «
770 4716 1004 4785 propter
1032 4710 1252 4767 scelera
1282 4715 1502 4767 nostra.
1534 4733 1559 4759 »
1592 4709 1886 4766 Sustinuit

213 4802 385 4857 enim
421 4817 526 4873 pro
560 4800 729 4856 nobis
760 4801 1232 4870 maledictum,ut
1262 4818 1370 4857 nos
1400 4800 1671 4856 liberaret
1702 4817 1736 4855 a
1767 4816 1884 4854 ma-

207 4889 496 4959 ledictio;
537 4912 564 4940 «
596 4889 910 4964 disciplina
939 4891 1100 4964 pacis
1131 4894 1341 4946 nostra:
1374 4906 1550 4961 super
1580 4906 1735 4959 eum,
1764 4911 1791 4938 »
1822 4888 1881 4943 id

208 4985 316 5038 est
347 4978 649 5054 ﬂagellum
682 4980 837 5053 quod
869 4979 1181 5035 debuimus
1207 4979 1505 5051 suscipere
1524 4978 1647 5050 ipse
1678 4994 1884 5034 susce-

204 5071 335 5146 pit,
370 5075 438 5126 ut
467 5087 575 5126 nos
605 5070 941 5143 paciﬁcaret
967 5070 1083 5126 Deo
1116 5069 1316 5142 priori,
1359 5072 1416 5124 et
1460 5068 1679 5125 sanctis
1710 5084 1885 5141 ange-

205 5160 301 5216 lis
336 5177 349 5215 :
385 5182 414 5208 ‹‹
450 5161 511 5215 et
536 5157 716 5215 livore
747 5160 896 5231 ejus,
934 5182 961 5210 ››
993 5159 1052 5214 id
1084 5163 1175 5215 est
1219 5157 1460 5214 vulnere
1487 5159 1785 5231 virgarum
1829 5161 1887 5212 et

200 5248 543 5324 plagarum
594 5248 743 5320 ejus,
778 5272 806 5298 «
842 5249 1031 5305 sanati
1082 5265 1291 5304 sumus
1324 5270 1351 5297 »
1385 5265 1419 5303 a
1449 5247 1725 5319 peccatis.
1784 5246 1887 5302 Ille

198 5337 389 5397 enim
426 5354 639 5410 passus
667 5342 758 5394 est
789 5356 893 5411 pro
924 5338 1096 5393 nobis
1128 5342 1194 5393 ut
1224 5354 1328 5392 nos
1373 5336 1706 5409 paciﬁcaret
1753 5340 1888 5415 Deo,

194 5426 403 5503 quiau
423 5425 549 5499 ipse
574 5431 666 5483 est
696 5443 766 5482 ex
787 5444 897 5500 pax
922 5431 1125 5483 nostra
1146 5426 1246 5499 qui
1272 5425 1406 5482 fecit
1435 5430 1683 5497 utraque
1706 5441 1889 5479 unum

196 5516 450 5593 (Ephes.
482 5518 567 5585 ιι).
604 5538 631 5565 ››

295 5629 329 5655 ‹‹
364 5605 583 5661 Omnes
633 5622 739 5662 nos
795 5605 962 5678 quasi
996 5622 1132 5663 oves
1163 5604 1486 5660 erravimus
1520 5626 1547 5651 »
1592 5604 1892 5660 tradentes

1980 538 2124 595 illud
2159 540 2415 613 Apostoli
2449 557 2462 595 :
2499 562 2524 594 α
2555 541 2678 596 Non
2728 544 2819 598 est
2872 541 3192 597 distinctio.
3227 542 3441 601 Omnes
3471 544 3629 602 enim

1980 635 2386 701 peccaverunt,
2420 634 2477 686 et
2506 634 2679 703 egent
2699 630 2888 703 gratia
2918 629 3019 685 Dei
3052 630 3224 702 (Rom.
3260 633 3366 701 ιιι).
3396 654 3424 683 ››
3471 633 3632 691 Unde

1980 723 2039 773 et
2069 720 2355 791 sequitur,
2388 742 2415 768 ‹‹
2449 720 2859 792 unusquisque
2890 719 2947 774 in
2980 719 3132 775 viam
3163 737 3354 787 suam,
3388 743 3417 771 »
3451 721 3509 777 id
3541 728 3632 779 est

1980 806 2037 861 in
2071 808 2358 862 actionem
2391 825 2559 863 suam
2594 832 2621 857 ‹‹
2657 808 2969 863 declinavit
3002 826 3015 862 :
3054 831 3080 858 ››
3112 808 3199 863 vel
3240 808 3415 865 etiam
3458 829 3494 866 a
3538 812 3633 868 via

1982 896 2372 963 rectitudinis,
2408 915 2534 969 quae
2567 901 2658 952 est
2687 896 2974 951 Christus.
3019 898 3145 969 Ipse
3194 900 3283 953 est
3331 898 3484 954 enim
3516 900 3627 969 via,

1978 983 2211 1050 veritas,
2244 989 2301 1039 et
2335 985 2475 1040 vita.
2504 986 2551 1039 A
2581 985 2673 1041 via
2699 986 2856 1041 enim
2910 973 3347 1042 declinaverunt
3394 990 3630 1061 quando

1981 1072 2252 1127 dixerunt
2281 1073 2509 1128 Christo
2529 1091 2541 1127 ε
2563 1073 2969 1129 Samaritanus
3000 1091 3062 1129 es
3092 1077 3157 1131 tu
3190 1079 3246 1130 et
3276 1076 3629 1133 daemonium

1980 1159 2190 1231 habes;
2223 1165 2279 1216 et
2306 1162 2540 1233 quando
2572 1160 3011 1216 declaraverunt
3043 1162 3212 1218 illum
3258 1165 3540 1238 cruciﬁgi,
3575 1168 3633 1221 et

1981 1251 2266 1306 Barabam
2300 1250 2705 1319 dimitti(loan.
2737 1254 2921 1318 νιιι).‹‹
2943 1251 3011 1304 Et
3042 1251 3324 1307 Dominus
3355 1254 3550 1324 posuit
3571 1254 3630 1310 in

1980 1356 2047 1394 eo
2073 1337 2444 1410 iniquitatem
2478 1338 2743 1393 omnium
2776 1342 3066 1410 nostrum,
3096 1358 3122 1389 ο
3160 1339 3218 1394 id
3258 1344 3348 1394 est
3392 1342 3634 1397 tradidit

1980 1445 2115 1483 eum
2148 1444 2251 1501 pro
2283 1427 2539 1500 peccatis
2571 1427 2810 1497 nostris,
2846 1431 2911 1481 ut
2941 1428 3097 1498 quod
3126 1444 3233 1483 nos
3264 1432 3502 1500 propter
3531 1429 3636 1483 im-

1980 1515 2361 1572 becillitatem
2394 1521 2604 1571 nostris
2641 1514 2941 1589 fragilitati
2962 1516 3110 1571 ferre
3135 1533 3249 1571 non
3272 1521 3631 1589 poteramus,

1980 1604 2106 1677 ipse
2134 1605 2289 1661 Deus
2320 1622 2423 1677 pro
2451 1603 2619 1660 nobis
2651 1608 2926 1676 portaret,
2962 1621 3076 1659 non
3109 1608 3173 1659 ut
3211 1604 3337 1677 ipse
3377 1608 3637 1677 portaret

1981 1698 2217 1766 peccata
2247 1698 2449 1749 nostra
2473 1693 2546 1747 ad
2596 1693 2704 1748 hoc
2753 1695 2819 1747 ut
2863 1696 3168 1764 peccatum
3201 1692 3445 1749 haberet
3488 1694 3633 1765 quia

1982 1783 2107 1838 sine
2138 1786 2374 1854 peccato
2407 1781 2622 1837 mansit
2658 1798 2669 1836 :
2704 1782 2807 1836 sed
2839 1780 2993 1836 sicut
3024 1781 3286 1836 medicus
3318 1780 3528 1854 accipit
3551 1782 3634 1838 in-

1983 1871 2322 1926 ﬁrmitatem
2355 1868 2553 1943 aegroti
2586 1870 2858 1925 auferens
2916 1869 2987 1924 ab
3037 1868 3156 1939 illo,
3191 1886 3306 1924 non
3346 1868 3633 1943 recipiens

1982 1960 2041 2015 in
2073 1976 2155 2016 se.
2180 1960 2343 2015 Unde
2372 1958 2511 2013 dicit
2540 1958 2855 2031 Apostolus
2888 1975 2901 2014 :
2935 1960 3083 2014 Eum
3113 1958 3212 2031 qui
3244 1976 3356 2014 non
3392 1963 3632 2016 noverat

1984 2054 2307 2123 peccatum,
2342 2066 2446 2122 pro
2496 2048 2668 2103 nobis
2717 2052 3020 2121 peccatum
3075 2048 3209 2103 fecit
3259 2049 3407 2105 Deus
3460 2048 3630 2105 Pater

1983 2141 2158 2209 (Joan.
2190 2143 2267 2208 x),
2298 2139 2409 2194 hoc
2438 2141 2526 2193 est
2553 2137 2807 2194 hostiam
2842 2154 2945 2210 pro
2975 2140 3233 2209 peccato.

2056 2252 2083 2278 ‹‹
2114 2228 2359 2284 Oblatus
2387 2232 2498 2297 est,
2533 2250 2552 2273 ι·
2591 2227 2876 2282 subaudis
2906 2243 2941 2281 a
2974 2226 3187 2299 seipse,
3226 2243 3338 2281 non
3373 2226 3432 2281 in
3464 2226 3633 2282 altari

1983 2317 2483 2384 holocaustorum,
2518 2317 2618 2371 sed
2650 2315 2709 2370 in
2741 2333 2843 2371 ara
2871 2315 3083 2379 crucis,
3123 2337 3151 2365 «
3184 2315 3319 2387 quia
3369 2315 3493 2388 ipse
3531 2332 3635 2371 vo-

1985 2406 2121 2474 luit;
2155 2427 2181 2458 »
2221 2406 2318 2461 sed
2354 2404 2498 2459 dicit
2547 2406 2607 2460 in
2658 2404 2969 2477 Evangelio
3004 2422 3016 2458 :
3052 2404 3403 2460 Potestatem
3451 2403 3636 2461 habeo

1985 2494 2234 2569 ponendi
2270 2493 2529 2565 anjmam
2563 2511 2776 2562 meam,
2811 2498 2866 2549 et
2896 2493 3109 2549 iterum
3163 2493 3435 2549 sumendi
3465 2510 3634 2563 eam;

1984 2589 2043 2641 et
2076 2602 2088 2639 :
2123 2586 2303 2641 Nemo
2335 2582 2489 2638 tollit
2521 2583 2779 2638 animam
2814 2599 3004 2637 meam
3032 2599 3067 2637 a
3090 2599 3203 2648 me,
3229 2582 3330 2637 sed
3358 2597 3464 2655 ego
3485 2599 3637 2654 pono

1984 2691 2134 2730 eam.
2160 2672 2403 2728 Oblatus
2432 2676 2523 2727 est
2551 2688 2686 2744 ergo
2713 2689 2831 2726 non
2862 2688 2966 2743 pro
2997 2671 3250 2737 suis,sed
3281 2652 3635 2743 pro‘no‘stris
3722 2652 3731 2670 ⁸

1985 2761 2407 2836 peccatis,q~uia
2438 2760 2561 2832 ipse
2590 2758 2894 2825 voluit,«et
2925 2776 3039 2814 non
3071 2758 3303 2831 aperuit
3332 2776 3365 2814 o
3387 2776 3562 2815 suum
3581 2775 3634 2813 ε»

1986 2850 2272 2908 subaudis
2315 2854 2573 2921 tempore
2622 2847 2916 2920 passionis
2963 2846 3359 2921 interrogatus
3388 2865 3423 2903 a
3452 2846 3635 2903 Pilato

1983 2941 2070 2997 vel
2099 2941 2171 2996 ab
2202 2940 2445 3009 Herode,
2475 2955 2546 2993 ne
2594 2936 2889 2993 videretur
2941 2936 3231 2992 reluctari.
3265 2936 3411 2992 Nam
3457 2935 3634 2991 inter-

1985 3034 2227 3103 rogatus
2258 3047 2292 3084 a
2322 3027 2524 3096 Pilato,
2556 3033 2748 3100 pauca
2772 3026 3073 3098 respondit
3106 3026 3340 3097 quando
3371 3025 3517 3081 dixit
3545 3024 3634 3080 Pi-

1987 3118 2145 3174 latus
2178 3135 2191 3173 :
2232 3140 2258 3168 «
2293 3116 2433 3172 Mihi
2468 3134 2583 3172 non
2616 3115 2869 3188 loqueris
2900 3114 3102 3187 (Matth.
3136 3114 3348 3187 xxvu)?
3382 3136 3409 3163 »
3449 3114 3520 3169 Et
3563 3114 3635 3169 ad

1904 3194 1946 3259 C
1986 3208 2271 3265 Herodem
2304 3206 2546 3273 missus,
2580 3206 2723 3261 dum
2755 3205 3214 3277 interrogaretur
3244 3203 3317 3259 ab
3351 3202 3472 3270 illo,
3506 3220 3636 3275 per-

1988 3314 2177 3371 pauca
2205 3297 2255 3352 ei
2288 3295 2519 3351 locutus
2549 3299 2657 3350 est.
2692 3294 2923 3349 Poterat
2953 3291 3130 3362 enim,
3165 3294 3213 3349 si
3244 3292 3543 3358 voluisset,
3576 3308 3639 3348 se

1988 3384 2380 3444 excusabilem
2412 3384 2651 3439 reddere
2682 3400 2715 3439 a
2746 3382 2936 3455 culpa,
2970 3383 3072 3437 sed
3115 3381 3319 3447 noluit,
3356 3397 3429 3437 ne
3478 3379 3638 3437 salus

1988 3474 2280 3548 passionis
2312 3472 2472 3528 illius
2493 3471 2989 3543 dill'erretur,quia
3021 3471 3131 3527 nisi
3163 3471 3286 3542 ipse
3316 3469 3506 3526 crucis
3535 3487 3636 3541 pa-

1987 3564 2242 3620 tibulum
2276 3562 2848 3634 sustimissct,genus
2868 3560 3193 3615 humanum
3217 3563 3433 3615 aeterna
3454 3561 3637 3613 morte

1987 3658 2284 3710 teneretur
2314 3651 2629 3707 obnoxium
2660 3674 2685 3699 «
2720 3650 2883 3706 Sicut
2912 3649 3033 3704 ovis
3063 3649 3134 3703 ad
3159 3647 3510 3704 occisionem
3536 3647 3637 3701 du-

1988 3746 2169 3809 cetur,
2198 3746 2255 3796 et
2285 3739 2451 3812 quasi
2487 3755 2676 3811 agnus
2706 3754 2902 3793 coram
2946 3737 3221 3792 tondente
3265 3754 3328 3792 se
3366 3736 3635 3791 obmute-

1989 3835 2111 3887 scet
2157 3833 2214 3884 et
2259 3846 2372 3883 non
2423 3826 2642 3900 aperiet
2688 3844 2754 3882 os
2800 3843 2997 3881 suum.
3034 3848 3061 3874 »
3095 3826 3222 3897 Ipse
3270 3822 3370 3896 qui
3401 3820 3634 3878 oblatus

1988 3924 2079 3975 est
2110 3918 2291 3985 Pilato
2312 3918 2452 3990 quia
2471 3916 2654 3972 voluit
2673 3919 2731 3971 et
2752 3933 2865 3971 non
2891 3913 3191 3987 respondit
3220 3911 3434 3984 saepius
3456 3911 3634 3966 inter-

1990 4012 2250 4082 rogatus,
2285 4024 2356 4062 ne
2387 4005 2609 4061 utilitas
2640 4003 2932 4076 passionis
2978 4002 3306 4058 ditl'erretur
3351 4016 3637 4056 excusans

1989 4114 2051 4153 se
2084 4114 2117 4151 a
2146 4095 2337 4168 culpa,
2371 4095 2495 4166 ipse
2528 4093 2705 4148 etiam
2735 4093 2951 4147 ductus
2981 4096 3070 4148 est
3100 4092 3172 4148 ad
3205 4089 3637 4146 immolandum

1990 4185 2224 4260 propria
2251 4183 2547 4240 voluntate
2594 4181 2748 4237 sicut
2794 4180 3106 4254 Apostolus
3155 4180 3316 4247 dicit,
3350 4201 3379 4229 «
3408 4177 3639 4235 Etenim

1990 4274 2209 4348 pascha
2238 4277 2505 4330 nostrum
2538 4270 2880 4327 immolatus
2912 4274 3002 4327 est
3029 4269 3349 4339 Christus(l
3375 4272 3500 4327 Cor.
3523 4268 3636 4339 v).n

1991 4365 2155 4420 Sicut
2186 4380 2321 4436 ergo
2354 4378 2542 4437 agnus
2564 4377 2757 4417 coram
2782 4360 3057 4416 tondente
3081 4376 3141 4415 se
3163 4362 3456 4426 tacet,non
3479 4356 3643 4412 emit—

1990 4456 2123 4507 tens
2153 4449 2531 4517 balatum,sic
2562 4448 2687 4521 ipse
2716 4449 2859 4504 dum
2889 4446 3107 4517 injuste
3138 4446 3519 4500 damnaretur
3538 4443 3639 4498 ob-

1992 4539 2228 4596 mutuit.
2262 4540 2376 4594 Iste
2402 4541 2492 4594 est
2521 4537 2675 4592 enim
2702 4554 2875 4591 verus
2922 4550 3109 4605 agnus
3140 4531 3199 4587 in
3231 4533 3403 4603 cujus
3454 4532 3643 4603 ﬁgura

1990 4628 2241 4703 populus
2272 4625 2629 4683 Israeliticus
2661 4640 2877 4697 agnum
2929 4619 3184 4677 comedit
3228 4618 3532 4693 egrediens
3572 4636 3642 4673 ex

1993 4716 2390 4791 AEgyptonse
2422 4719 2513 4769 est
2543 4730 2733 4785 agnus
2763 4711 2863 4783 qui
2900 4710 3049 4766 tollit
3077 4712 3315 4783 peccata
3335 4705 3644 4775 mundi,si-

1994 4810 2133 4862 cunt
2163 4804 2421 4859 Joannes
2443 4801 2705 4873 Baptista
2736 4799 2882 4855 dixit
2910 4798 3063 4871 (Cap.
3089 4802 3149 4868 ι),
3183 4802 3240 4853 et
3270 4814 3444 4869 quem
3473 4795 3633 4851 Joan-

1994 4911 2098 4951 nes
2127 4890 2500 4964 Evangelista
2530 4890 2586 4944 in
2611 4887 2957 4962 Apocalypsi
2988 4904 3097 4943 sua
3127 4884 3268 4942 dicit
3315 4902 3378 4942 se
3424 4884 3644 4941 vidisse

1992 4984 2254 5041 occisum
2287 4980 2467 5053 (Apoc.
2500 4979 2622 5052 xu).
2654 4980 2856 5051 Agnus
2888 4976 3101 5032 dicitur
3146 4975 3437 5046 Christus,
3471 4990 3643 5046 prop-

1992 5078 2082 5129 ter
2113 5069 2507 5127 innocentiam
2529 5073 2586 5123 et
2603 5065 3278 5138 mansuetudinem.lpse
3293 5063 3449 5120 enim
3473 5079 3647 5119 carne

1997 5181 2105 5219 sua
2135 5165 2191 5217 et
2221 5158 2508 5233 sanguine
2539 5155 2924 5229 spiritualiter
2954 5173 3061 5211 nos
3091 5153 3294 5220 reﬁcit,
3346 5156 3405 5209 et
3437 5151 3645 5208 vellere

1998 5269 2104 5309 suo
2137 5250 2332 5321 vestit,
2363 5249 2472 5303 hoc
2502 5254 2591 5303 est
2621 5246 2977 5318 protectione
3016 5244 3229 5299 munit.
3264 5243 3512 5308 Quidam
3545 5258 3646 5297 co-

2000 5341 2159 5397 dices
2182 5339 2402 5394 habent
2426 5354 2438 5390 :
2462 5337 2531 5391 Et
2553 5334 2719 5408 quasi
2745 5352 2935 5407 agnus
2955 5350 3147 5389 coram
3170 5331 3533 5397 tondente,id
3558 5333 3650 5386 est

2001 5429 2361 5502 percutiente
2393 5443 2476 5494 se,
2511 5426 2897 5489 obmutescet,
2931 5422 3083 5495 quod
3132 5439 3246 5477 non
3290 5421 3586 5492 discrepat
3613 5437 3648 5475 a

2002 5517 2303 5573 ﬁde.Licet
2332 5513 2751 5587 congruentius
2770 5512 2999 5568 dicatur
3018 5510 3470 5567 tondente.Dum
3490 5508 3647 5566 enim

2003 5604 2433 5675 funderetur,id
2454 5608 2543 5660 est
2564 5602 2958 5676 ﬂagellarctur
2983 5618 3018 5657 a
3047 5599 3335 5657 militibus
3358 5598 3645 5673 praesidis,
