4106 6190
247 328 369 391 993

1296 325 1702 387 COMMENT.
1750 327 1827 387 ΙΝ
1872 326 2168 389 ISAIAM.
2213 361 2291 371 —
2332 328 2476 388 LIB.
2526 327 2626 389 IlI.

3536 340 3655 399 99>!

324 482 355 511 α
389 460 584 527 Ideo,»
615 457 904 515 subaudis
931 456 1068 530 quia
1097 474 1309 530 passus
1338 463 1427 514 est
1458 475 1561 530 pro
1591 458 1779 515 salute
1800 476 1896 531 ge-
1926 465 1982 530 Α
2011 462 2275 517 comedet
2302 462 2580 533 praedam,
2612 465 2670 517 et
2698 477 2935 534 vespere
2993 462 3209 520 dividet
3265 466 3449 538 spolia
3500 470 3665 541 (Gen;

246 547 408 605 neris
428 547 700 616 humani,
721 552 780 603 et
800 547 999 603 omnia
1029 547 1165 602 fecit
1196 565 1321 620 quae
1355 547 1681 619 praeteritus
1712 566 1902 605 sermo
2010 550 2182 621 xmx).
2221 573 2241 597 »
2286 551 2353 604 Et
2392 551 2463 605 de
2493 550 2769 606 omnibus
2800 550 3081 624 apostolis
3114 569 3126 607 :
3161 553 3541 614 Lzetabuntur
3569 577 3659 616 co-

246 643 477 706 narrat,
501 660 530 689 «
555 637 899 709 dispertiam
922 659 948 685 ››
976 636 1095 692 sive
1125 636 1381 691 dividam
1414 659 1441 687 ‹‹
1475 637 1525 692 ei
1555 636 1840 708 plurimos
1874 660 1903 688 »

244 727 558 795 subaudis,
586 726 854 800 pepulos.
892 727 963 782 Ut
993 743 1095 798 pro
1128 743 1246 782 una
1276 725 1442 799 plebe
1473 744 1600 799 quae
1633 745 1746 782 non
1777 728 1901 783 vult

244 816 307 871 in
328 833 465 872 eum
490 815 1057 887 credere,possideat
1087 831 1292 870 omnes
1322 816 1581 887 gentes.J
1593 821 1727 870 uxta
1744 816 1898 887 quod

242 905 299 960 ei
322 923 357 960 a
382 905 549 960 Patre
571 921 675 976 per
694 903 1067 959 Psalmistam
1102 904 1317 958 dicitur
1348 921 1360 959 :
1396 928 1423 953 ‹‹
1460 904 1695 959 Postula
1724 923 1758 959 a
1788 922 1900 971 me,

244 997 307 1051 et
336 994 491 1049 dabo
524 992 631 1048 tibi
669 996 872 1065 gentes
920 992 1319 1048 hzereditatem
1371 997 1553 1061 tuam,
1587 998 1644 1048 et
1675 1010 1902 1066 posses-

248 1081 480 1140 sionem
526 1086 689 1138 tuam
747 1081 1032 1137 terminos
1083 1084 1250 1137 terra:
1282 1082 1452 1151 (Psal.
1482 1082 1562 1155 ιι).
1599 1104 1627 1131 ››
1658 1082 1819 1137 Unde
1850 1086 1907 1137 et

250 1172 557 1242 sequitur:
591 1193 618 1220 ‹‹
645 1171 715 1225 Et
739 1170 978 1225 fortium
1011 1169 1200 1242 spolia
1230 1170 1504 1242 dividet,»
1519 1171 1804 1227 subaudis
1826 1171 1907 1226 di-

252 1258 504 1330 scipulis
533 1258 678 1314 suis.
714 1259 974 1314 Przedam
1024 1277 1160 1331 ergo
1204 1260 1442 1315 fortium
1475 1260 1757 1332 apostolis
1783 1261 1907 1315 suis

252 1347 518 1416 tradidit,
549 1349 783 1420 quando
814 1347 1062 1420 populos
1105 1349 1205 1421 qui
1239 1350 1348 1405 sub
1379 1353 1662 1421 potestate
1690 1348 1907 1405 diaboli

253 1443 424 1493 erant
458 1436 701 1493 abstulit
720 1438 790 1493 ab
813 1454 901 1504 eo,
934 1442 990 1492 et
1020 1436 1138 1493 illis
1169 1439 1367 1494 divisit
1396 1444 1461 1495 ut
1490 1457 1643 1495 unus
1672 1438 1909 1494 illorum

253 1530 531 1598 praeesset
558 1526 660 1582 uni
688 1526 926 1599 pepulo,
960 1526 1111 1583 alius
1161 1526 1283 1582 alii.
1319 1528 1484 1583 Sicut
1533 1528 1739 1584 Petrus
1770 1543 1908 1600 prae-

253 1615 367 1670 fuit
393 1615 613 1671 Judzeis
643 1616 1037 1681 credentibus,
1073 1615 1287 1671 Paulus
1330 1617 1624 1688 gentibus,
1653 1617 1910 1672 Joannes

253 1709 312 1760 et
329 1705 608 1760 Andreas
636 1704 928 1771 Achaicis,
954 1704 1213 1761 Thomas
1246 1705 1429 1773 Indis,
1453 1710 1510 1760 et
1539 1705 1729 1761 caeteri
1751 1710 1910 1761 caete-

2014 655 2137 693 ram
2163 640 2395 704 te,sicut
2415 639 2711 695 exsultant
2742 639 2988 696 victores
3010 645 3179 713 capta
3206 644 3401 713 praeda
3422 649 3659 716 quando

2013 727 2279 781 dividunt
2299 727 2569 799 spolia,in
2589 733 2708 783 toto
2721 729 2858 784 orbe
2878 729 3154 785 ecclesias
3176 732 3288 786 sibi
3311 731 3663 794 dividentes.

2014 817 2083 870 Et
2120 833 2297 888 quare
2340 818 2439 871 ﬁet
2470 817 2627 872 istud
2649 818 2676 872 ?
2710 840 2736 866 «
2772 818 2877 873 Pro
2917 835 2985 872 eo
3016 821 3170 890 quod
3202 821 3443 876 tradidit
3475 846 3502 871 ››
3534 824 3661 896 ipse

2014 904 2194 959 Filius
2218 905 2316 959 Dei
2344 928 2371 955 ‹‹
2395 906 2454 960 in
2480 911 2727 961 mortem
2751 908 3009 963 animam
3034 910 3332 976 suam,»id
3364 915 3454 967 est
3481 912 3659 969 vitam

2014 1010 2204 1061 suam,
2238 1016 2264 1042 ‹‹
2301 998 2359 1048 et
2389 1012 2524 1049 cum
2555 984 2857 1051 sceleratis
2889 1019 2916 1045 »
2947 996 3271 1053 latronibus
3302 1022 3329 1049 «
3356 1004 3661 1071 reputatus

2013 1088 2122 1149 est,
2158 1105 2186 1131 ››
2216 1100 2330 1137 non
2365 1101 2398 1138 a
2429 1085 2542 1138 Deo
2576 1084 2743 1140 Patre
2775 1103 2961 1156 neque
3004 1088 3242 1156 sanctis,
3277 1091 3376 1145 sed
3410 1108 3444 1147 a
3472 1108 3661 1162 perse-

2015 1172 2319 1226 cutoribus
2368 1171 2608 1239 Judaeis,
2644 1177 2710 1227 ut
2762 1173 2907 1228 illud
2967 1174 3079 1230 alio
3128 1176 3187 1229 in
3236 1176 3360 1233 loco
3393 1195 3406 1233 :
3440 1184 3660 1237 etcum

2016 1260 2234 1331 iniquis
2269 1265 2570 1331 reputatus
2602 1265 2708 1328 est,
2745 1284 2771 1311 ‹‹
2805 1267 2861 1316 et
2892 1262 3014 1333 ipse
3047 1270 3282 1333 peccata
3339 1268 3660 1326 multorum

2016 1350 2152 1404 tulit
2185 1372 2211 1397 ››
2245 1350 2530 1421 sanguine
2562 1367 2690 1417 suo,
2725 1355 2782 1405 et
2812 1350 3087 1422 baptismi
3123 1355 3577 1425 regeneratione,
3598 1375 3662 1414 ao

2018 1440 2130 1493 ﬁde
2174 1438 2431 1503 illorum,
2465 1463 2490 1489 ‹‹
2526 1444 2583 1493 et
2639 1457 2743 1510 pro
2795 1442 3332 1511 transgressoribus
3364 1466 3391 1492 ››
3423 1444 3664 1516 Judaais,

2019 1527 2137 1582 sive
2167 1527 2638 1598 persecutoribus
2671 1551 2697 1577 ‹‹
2734 1528 2957 1600 rogavit
2990 1556 3011 1582 ι,
3048 1529 3418 1597 dicens,dum
3450 1535 3667 1605 pende-

2019 1615 2179 1671 retin
2201 1632 2372 1670 cruce
2398 1632 2409 1671 :
2436 1640 2462 1664 ‹‹
2490 1621 2678 1682 Pater,
2706 1616 2940 1688 ignosco
2964 1616 3078 1673 illis
3102 1619 3336 1690 (Luaxx
3360 1625 3481 1690 11).»
3503 1622 3667 1680 Sicut

2019 1705 2176 1760 enim
2207 1705 2266 1759 in
2298 1705 2606 1777 Evangelio
2639 1706 3084 1761 Nazaranorum
3117 1706 3385 1776 habetur,
3410 1710 3480 1764 ad
3512 1710 3666 1766 hanc

254 1793 681 1851 ris.Videamus
711 1793 852 1866 quid
886 1795 955 1850 de
988 1795 1046 1849 B.
1087 1794 1264 1850 Paulo
1288 1794 1551 1867 apostolo
1582 1795 1751 1867 longe
1774 1800 1908 1850 ante
1940 1787 1988 1851 B
2017 1811 2215 1849 vocem
2248 1794 2479 1848 Domini
2513 1794 2698 1849 multa
2730 1793 2915 1849 millia
2944 1795 3283 1851 Judzeorum
3343 1800 3663 1856 astantium

253 1882 480 1937 dictum
511 1881 622 1938 sit:
657 1906 684 1932 ‹‹
721 1883 1048 1955 Benjamin,
1074 1882 1287 1955 inquit,
1321 1882 1500 1955 lupus
1521 1900 1719 1955 rapax,
1742 1900 1911 1938 mane

2019 1883 2175 1937 circa
2203 1899 2435 1937 crucem
2466 1883 2863 1938 crediderunt.

1500 2102 1837 2190 LIBER.
1899 2099 2421 2186 TERTIUS.

880 2250 1111 2307 CAPUT
1152 2251 1291 2307 LIV.

335 2362 357 2389 ι
399 2338 575 2406 Lada,
608 2338 846 2408 sterilis,
869 2356 995 2412 quae
1031 2357 1144 2395 non
1176 2341 1372 2412 paris:
1398 2340 1645 2395 decanta
1676 2338 1911 2395 laudem

260 2432 322 2484 et
342 2427 676 2500 hinni,qum
708 2446 824 2484 non
855 2429 1144 2501 pariebas.
1177 2451 1204 2480 »
1240 2430 1534 2485 Hactenus
1563 2428 1796 2485 locutus
1825 2433 1913 2483 est

264 2516 553 2589 Propheta
584 2518 656 2573 de
677 2517 976 2574 nativitate
997 2518 1252 2585 Domini,
1267 2518 1557 2590 passione,
1581 2522 1638 2572 et
1660 2534 1913 2573 resurre-

262 2606 478 2661 ctionis
508 2605 729 2679 gloria;
765 2624 920 2662 nunc
950 2625 1082 2662 vero
1114 2608 1419 2663 revertitur
1447 2608 1519 2662 ad
1548 2605 1910 2662 vocationem

260 2695 550 2767 gentium,
574 2700 632 2750 et
662 2695 735 2751 ad
767 2712 866 2751 eos
897 2696 996 2767 qui
1031 2696 1091 2750 in
1121 2713 1257 2751 eum
1288 2695 1663 2750 crediderunt
1694 2700 1814 2749 tam
1843 2712 1911 2749 ex

258 2782 481 2839 Judzeis
511 2800 687 2856 quam
717 2801 786 2840 ex
814 2784 1108 2857 gentibus.
1143 2785 1369 2841 Sterilis
1399 2784 1511 2840 isto
1560 2785 1621 2839 in
1653 2784 1778 2840 loco
1807 2802 1908 2856 ap-

258 2869 514 2942 pellatur
541 2870 839 2944 gentilitas
870 2871 1220 2944 specialiter,
1250 2890 1377 2944 quze
1408 2872 1524 2928 Deo
1555 2872 1706 2927 ﬁlios
1736 2870 1907 2944 spiri-

258 2958 453 3016 tualcs
477 2976 593 3016 non
614 2960 932 3033 generabat
955 2980 968 3030 ;
993 2961 1133 3034 quia
1153 2979 1270 3017 non
1292 2960 1543 3017 habebat
1563 2961 1771 3034 legem,
1792 2978 1909 3016 non

259 3048 597 3120 prophetas,
629 3066 745 3105 non
800 3050 1201 3122 patriarchas:
1232 3054 1445 3123 etquae
1488 3051 1662 3106 modo
1710 3050 1909 3123 plures

261 3133 419 3191 ﬁlios
448 3136 549 3193 Dei
606 3142 847 3211 generat
901 3156 1081 3211 quam
1134 3140 1461 3212 Synagoga,
1496 3156 1623 3211 quae
1652 3143 1820 3211 putat
1848 3155 1910 3195 se

258 3224 450 3283 Deum
479 3225 670 3283 virum
701 3227 935 3284 habere.
961 3228 1154 3284 Potest
1171 3228 1348 3285 etiam
1380 3228 1657 3295 Ecclesia,
1690 3244 1816 3299 qua:
1846 3228 1908 3282 in

2023 2254 2259 2304 tuorum
2287 2249 2551 2317 extende,
2584 2266 2657 2303 ne
2706 2265 2911 2321 parcas
2944 2266 2956 2304 :
2990 2249 3196 2323 longos
3242 2252 3332 2306 fac
3376 2251 3666 2309 funiculos

2020 2343 2213 2406 nos,ot
2239 2338 2430 2393 clavos
2454 2343 2586 2393 tuos
2607 2338 2925 2393 consolida.
2944 2362 2971 2388 »
3005 2339 3109 2393 Cui
3141 2340 3413 2411 superius
3443 2341 3667 2398 dictum

2021 2432 2109 2483 est
2131 2445 2144 2482 :
2170 2428 2389 2491 Lauda,
2406 2426 2641 2493 sterilis,
2657 2443 2783 2498 quae
2808 2443 2922 2482 non
2944 2426 3187 2499 paris,et
3205 2432 3410 2485 caztera
3428 2447 3556 2502 qua:
3586 2429 3668 2485 ibi

2020 2516 2299 2571 dicuntur
2323 2534 2335 2570 :
2362 2516 2762 2570 modoiterum
2793 2516 3009 2570 dicitur
3036 2520 3100 2570 ut
3123 2517 3325 2574 dilatet
3352 2519 3669 2576 tentorium

2020 2622 2194 2659 suum
2219 2605 2291 2659 ad
2314 2604 2766 2659 similitudinem
2788 2605 3149 2659 tabernaculi
3184 2607 3352 2676 Mosi,
3375 2612 3433 2662 et
3459 2614 3524 2663 ut
3552 2626 3670 2664 om-

2019 2695 2117 2748 nia
2138 2693 2360 2748 habens
2383 2711 2509 2765 quaa
2540 2691 2684 2747 illud
2714 2693 3158 2748 tabernaculum
3190 2695 3669 2768 habuit,ampliﬁ-

2019 2787 2109 2837 cet
2139 2800 2207 2838 ea
2236 2787 2292 2837 et
2323 2782 2577 2853 amplius
2607 2781 2958 2836 corroboret.
2993 2782 3465 2838 Tabernaculum
3496 2784 3664 2855 Mosi,

2019 2871 2174 2944 quod
2197 2871 2403 2926 habuit
2435 2875 2670 2926 centum
2690 2868 2918 2925 cubitos
2938 2869 2998 2924 in
3019 2870 3405 2942 longitudine,
3421 2876 3477 2928 et
3493 2871 3668 2944 quin-

2017 2959 2299 3033 quaginta
2330 2960 2389 3014 in
2419 2958 2813 3026 latitudinc,et
2837 2960 2993 3031 quod
3015 2960 3222 3016 habuit
3242 2976 3385 3033 saga
3408 2966 3465 3017 et
3486 2961 3668 3034 pelles

2018 3050 2344 3105 rubricatas
2375 3053 2431 3104 et
2458 3048 2873 3121 hiacynthinas
2931 3049 3341 3123 funiculosque
3390 3056 3448 3106 et
3473 3051 3668 3109 clavos

2018 3143 2280 3195 sanctam
2303 3137 2620 3193 Ecclesiam
2652 3137 3159 3209 signiﬁcabat.Qui
3188 3139 3250 3194 in
3274 3140 3670 3198 tabernaculis

2022 3228 2559 3296 commorantur,de
2588 3224 2717 3282 loco
2746 3228 2818 3282 ad
2846 3226 3041 3282 locum
3067 3232 3443 3286 transeuntes
3464 3231 3535 3286 ad
3567 3231 3670 3286 do-

260 3314 485 3372 Judaeis
509 3316 741 3373 deserta
770 3302 911 3387 erat,
932 3318 1148 3375 sterilis
1179 3318 1480 3391 appellari,
1501 3318 1641 3390 quia
1664 3316 1911 3373 Domino
1946 3325 1987 3389 ρ
2028 3333 2191 3371 mum
2213 3317 2462 3371 tendunt
2482 3320 2537 3370 et
2565 3316 2637 3371 ad
2667 3320 2885 3371 terram
2914 3317 3286 3388 promissam,
3307 3318 3462 3373 sicut
3482 3318 3672 3375 Judtei

262 3404 606 3460 adveniente
631 3404 786 3462 ﬁlios
805 3406 933 3477 ejus
955 3423 1071 3462 non
1096 3407 1379 3479 pariebat,
1404 3411 1470 3462 ut
1498 3407 1570 3462 ad
1601 3411 1913 3478 utramque

261 3493 585 3550 Ecclesiam
613 3499 823 3551 tamex
842 3496 1062 3552 Judreis
1092 3513 1274 3569 quam
1303 3514 1372 3552 ex
1400 3497 1679 3569 gentibus
1710 3496 1916 3552 refera-

262 3598 402 3638 mus
421 3583 532 3639 hoc
557 3600 570 3639 :
596 3585 921 3640 secundum
945 3585 1101 3657 quod
1132 3585 1401 3658 egregius
1432 3585 1776 3659 praedicator
1790 3584 1915 3641 suis

263 3670 328 3727 in
357 3673 549 3728 verbis
577 3672 1196 3730 ostendit.Assumens
1229 3674 1385 3730 enim
1422 3675 1825 3730 testimonium
1845 3675 1915 3729 de

262 3761 417 3817 Isaia
445 3763 602 3834 quod
631 3778 790 3817 nunc
818 3762 1105 3819 habemus
1130 3782 1246 3837 prae
1278 3764 1575 3831 manibus,
1609 3764 1682 3820 ad
1715 3779 1914 3835 repro-

263 3850 568 3907 missionis
626 3852 827 3907 retulit
880 3852 1033 3907 ﬁlios
1064 3854 1138 3908 ad
1167 3852 1485 3908 Ecclesiam
1517 3853 1586 3907 de
1616 3851 1912 3924 gentibus,

260 3939 386 3996 sive
420 3956 490 3995 ex
530 3944 779 4012 utroque
805 3941 1017 4013 populo
1052 3946 1461 4014 congregatum
1489 3958 1500 3997 :
1526 3957 1653 4012 quae
1684 3941 1916 3996 deserta

260 4033 323 4085 et
345 4027 625 4085 derelicta
662 4035 787 4085 erat
824 4048 859 4085 a
882 4037 990 4086 Deo
1020 4044 1087 4086 ac
1118 4030 1335 4086 sterilis
1365 4030 1764 4102 permanebat,
1798 4047 1913 4085 non

259 4118 491 4174 habens
512 4119 703 4175 virum
724 4120 902 4175 Deum
933 4120 1394 4193 omnipotentem
1420 4137 1432 4174 :
1459 4120 1659 4175 Lauda
1680 4119 1915 4192 (inquit)

259 4207 594 4264 Creatorem
623 4213 793 4264 tuum
816 4214 874 4264 et
896 4210 1342 4281 Redemptorem
1367 4207 1919 4274 nostrum,Ecclesia

261 4295 507 4366 sterilis,
538 4300 659 4353 tam
705 4314 774 4353 ex
814 4298 1035 4354 Judaeis
1081 4315 1260 4371 quam
1309 4315 1379 4354 ex
1424 4297 1698 4372 gentibus
1733 4315 1745 4353 :
1779 4296 1918 4369 quia

262 4386 439 4447 modo
465 4385 714 4460 incipies
742 4387 857 4443 Deo
890 4386 1043 4443 ﬁlios
1072 4404 1293 4460 parrre.
1335 4388 1591 4443 Decanta
1635 4385 1917 4443 Salvatori

260 4481 385 4544 tuo,
419 4479 478 4531 et
516 4475 704 4544 hinni,
729 4476 786 4531 id
818 4480 908 4533 est
940 4476 1250 4549 magniﬁce
1280 4477 1491 4549 gaude,
1514 4493 1641 4548 quae
1675 4493 1790 4530 non
1821 4492 1918 4548 pa-

261 4564 459 4621 riebas
483 4569 603 4620 Deo
633 4564 922 4621 ﬁlios.Pro
954 4564 1363 4638 magnitudine
1393 4564 1588 4637 gaudii
1621 4564 1823 4620 allusit
1843 4564 1915 4619 ad

260 4653 567 4709 hinnitum
616 4653 751 4725 equi
794 4654 1090 4709 tendentis
1136 4654 1209 4709 ad
1238 4654 1562 4722 victoriam,
1596 4653 1917 4725 praedicens

260 4757 447 4813 quare
474 4743 750 4814 praecepit
778 4741 831 4797 ei
860 4742 1151 4798 exsultare
1198 4748 1255 4798 et
1301 4741 1542 4798 laudare
1574 4743 1910 4798 Dominum.

261 4853 290 4880 ι(
324 4831 615 4897 Quoniam
646 4830 815 4887 multi
849 4832 952 4886 ﬁlii
986 4833 1292 4898 desertae,»
1333 4832 1616 4887 subaudis
1645 4831 1913 4886 Ecclesiae

261 4920 695 4993 gentium,qua3
724 4922 1024 4994 quondam
1055 4939 1089 4977 a
1118 4921 1233 4977 Deo
1265 4921 1540 4978 derelicta
1560 4927 1668 4986 est,
1695 4937 1914 4993 «quam

261 5009 413 5079 ejus,
446 5030 472 5061 ι
510 5009 566 5064 id
598 5016 687 5065 est
726 5011 1066 5083 Synagogze,
1101 5034 1129 5061 ‹‹
1164 5027 1292 5082 qua:
1321 5011 1499 5067 habet
1526 5011 1738 5076 virum,
1772 5010 1916 5064 dicit

260 5098 550 5154 Dominus
566 5116 612 5167 ;-
630 5098 740 5155 hoc
761 5104 850 5155 est
870 5117 998 5171 quae
1021 5105 1190 5171 putat
1210 5118 1271 5155 se
1292 5100 1501 5155 habere
1524 5100 1711 5156 virum
1731 5101 1914 5155 Deum

264 5187 828 5259 omnipotentem.Et
845 5188 956 5244 hoc
978 5188 1470 5260 notandum,quia
1499 5206 1633 5243 cum
1666 5189 1910 5244 dicitur:

254 5274 467 5347 plures
498 5275 606 5331 ﬁlii
636 5277 881 5333 desertae
912 5295 1089 5350 quam
1133 5280 1262 5350 ejus
1308 5295 1436 5349 quze
1484 5278 1659 5332 habet
1702 5278 1914 5343 virum,

264 5381 383 5419 non
404 5364 640 5436 penitus
658 5365 992 5423 excluditur
1012 5385 1045 5423 a
1067 5373 1239 5439 partu
1262 5367 1566 5440 Synagoga
1588 5383 1600 5420 :
1623 5365 1761 5437 quia
1790 5365 1918 5436 ipsa

264 5452 325 5507 in
357 5453 640 5524 apostolis
688 5461 747 5509 et
803 5472 907 5527 per
965 5455 1259 5528 apostolos
1316 5453 1533 5509 multos
1590 5453 1740 5508 ﬁlios
1800 5453 1915 5508 Deo

262 5542 519 5616 genuit,s
529 5543 601 5599 ed
630 5543 888 5600 maxima
907 5544 1225 5600 multitudo
1241 5544 1503 5617 gentium
1521 5543 1573 5597 ci
1590 5542 1914 5615 praefertur.

337 5653 369 5684 ι(
387 5629 584 5690 Dilata
600 5629 798 5691 locum
822 5632 1057 5691 tentorii
1075 5631 1246 5706 tui,et
1263 5630 1445 5708 pelles
1472 5628 1918 5689 tabernaculum

2028 3407 2309 3461 fecerunt.
2340 3406 2411 3460 Et
2436 3405 2624 3461 sancti
2657 3405 2717 3460 in
2748 3405 3019 3477 praesenti
3068 3407 3278 3463 saeculo
3308 3407 3367 3463 in
3401 3408 3671 3464 taberna-

2023 3494 2173 3550 culis
2211 3495 2497 3563 habitant,
2520 3494 2630 3550 hoc
2676 3500 2767 3550 est
2805 3495 2865 3550 in
2904 3494 3188 3561 ecclesiis,
3210 3496 3350 3565 quia
3379 3498 3671 3568 peregrini

2022 3590 2080 3640 et
2100 3586 2331 3642 advena:
2362 3589 2503 3640 sunt
2520 3585 2579 3638 in
2611 3584 2719 3639 hoc
2749 3583 3151 3640 saeculo.Sicut
3175 3584 3318 3639 dicit
3340 3583 3668 3641 Psalmista:

2024 3698 2051 3723 ‹‹
2090 3674 2284 3729 Incola
2342 3691 2448 3745 ego
2502 3690 2634 3728 sum
2694 3673 2849 3744 apud
2908 3677 2964 3726 te
3016 3677 3074 3727 et
3129 3672 3474 3744 peregrinus
3495 3675 3668 3744 (Psal.

2023 3766 2239 3830 cxvm),
2268 3784 2294 3810 ››
2326 3762 2634 3816 tendentes
2662 3761 2734 3815 ad
2767 3761 3033 3828 domum,
3064 3762 3137 3815 de
3166 3778 3285 3832 qua
3316 3761 3473 3816 idem
3518 3762 3670 3819 Psal-

2024 3850 2203 3906 mista
2240 3850 2383 3904 dicit
2417 3867 2428 3905 :
2460 3872 2488 3900 «
2523 3850 2711 3905 Unam
2762 3849 2899 3922 petii
2925 3868 2959 3904 a
2987 3850 3254 3917 Domino,
3282 3850 3433 3906 hanc
3482 3853 3671 3923 requi-

2025 3958 2150 3995 ram
2177 3956 2188 3994 :
2215 3944 2280 3994 ut
2298 3938 2621 3993 inbabitem
2640 3939 2700 3993 in
2723 3939 2895 3993 domo
2912 3938 3141 3993 Domini
3160 3940 3437 3996 omnibus
3465 3940 3672 3998 diebus

2023 4029 2150 4085 vita:
2182 4046 2322 4083 mea:
2354 4029 2725 4101 (Psal.xxv1.)
2756 4050 2784 4079 ››
2819 4029 2887 4082 Et
2912 4029 2984 4083 ad
3016 4034 3229 4084 terram
3264 4031 3668 4102 repromissio-

2026 4119 2118 4175 nis
2140 4120 2210 4174 dc
2232 4136 2347 4191 qua
2369 4117 2510 4173 dicit
2537 4118 2714 4173 etiam
2746 4118 2871 4190 ipse
2896 4135 2909 4174 :
2943 4117 3126 4173 Credo
3155 4119 3352 4175 videre
3384 4120 3537 4175 bona
3565 4121 3671 4178 Do-

2024 4208 2169 4263 mini
2228 4208 2287 4262 in
2338 4211 2492 4263 terra
2546 4206 2884 4262 viventium.
2911 4208 2981 4262 Et
3029 4208 3102 4263 de
3151 4225 3269 4280 qua
3297 4208 3583 4266 Dominus
3610 4211 3671 4268 in

2025 4296 2335 4370 Evangelio
2361 4313 2372 4352 :
2403 4320 2429 4346 ‹‹
2456 4295 2615 4352 Beati
2649 4295 2884 4369 (inquit)
2906 4296 3393 4369 mites,quoniam
3414 4298 3525 4371 ipsi
3548 4318 3676 4372 pos.

2026 4386 2303 4441 sidebunt
2333 4390 2547 4441 terram
2581 4384 2785 4456 (Matth.
2817 4388 2896 4454 v).
2933 4408 2960 4434 ››
2988 4386 3205 4440 Sancta
3250 4402 3386 4457 ergo
3418 4387 3675 4444 Ecclesia

2026 4474 2219 4529 locum
2243 4473 2580 4529 tentoriisui
2603 4472 2912 4528 dilatatam
2935 4472 3280 4544 habet,quia
3294 4473 3366 4527 ad
3388 4474 3673 4530 orientem

2026 4569 2082 4618 et
2113 4563 2185 4617 ad
2218 4562 2573 4634 aquilonem,
2608 4562 2678 4617 ad
2707 4561 3071 4616 occidentem
3114 4565 3173 4615 et
3219 4560 3291 4615 ad
3344 4562 3670 4632 meridiem,

2030 4650 2295 4706 Ecclesia:
2328 4652 2387 4703 in
2418 4649 2633 4704 Christi
2690 4648 2925 4704 nomine
2983 4648 3234 4704 dilatata:
3295 4654 3454 4705 sunt.
3489 4650 3675 4709 Pelles

2024 4745 2237 4796 sanctae
2276 4738 2545 4794 Ecclesia:
2604 4742 2743 4793 sunt
2795 4738 3203 4810 praedicatores
3234 4743 3291 4793 et
3320 4737 3544 4809 przelati
3571 4740 3674 4811 qui

2023 4847 2150 4885 eam
2175 4833 2489 4901 protegunt
2510 4828 2582 4882 ab
2604 4832 2746 4883 azstu
2766 4828 3039 4882 vitiorum
3071 4833 3128 4883 et
3152 4829 3571 4896 daamonum,et
3600 4831 3673 4885 ab

2023 4919 2298 4974 omnibus
2320 4916 2867 4972 adversileabebat
2880 4917 3321 4972 tabernaculum
3345 4917 3676 4989 (sicutdixi-

2024 5008 2179 5079 mus)
2202 5024 2341 5078 saga
2362 5006 2725 5077 cilicina,per
2744 5024 2870 5077 quae
2905 5006 3282 5078 designaatur
3304 5007 3668 5079 pcenitentes:

2025 5096 2163 5168 quia
2192 5096 2449 5151 cilicium
2480 5094 2718 5150 habitus
2750 5094 3103 5166 pmnitentize
3142 5100 3229 5150 est
3254 5113 3267 5162 ;
3292 5095 3545 5150 habebat
3576 5113 3673 5149 ru-

2024 5185 2280 5242 bricatas
2302 5186 2612 5257 pelles,per
2639 5201 2784 5256 quas
2816 5183 3200 5257 designantur
3231 5189 3515 5257 martyres
3540 5202 3553 5253 ;
3577 5184 3676 5240 ha-

2027 5276 2205 5331 bebat
2226 5281 2281 5330 et
2303 5275 2732 5347 hiacynthinas,
2758 5291 2859 5345 per
2890 5291 3035 5345 quas
3066 5274 3451 5346 designantur
3471 5291 3677 5330 omnes

2026 5363 2307 5437 pallorem
2329 5363 2692 5418 abstinentiae
2714 5367 3040 5436 gestantes;
3063 5362 3315 5418 habebat
3334 5363 3508 5418 etiam
3523 5364 3676 5419 funi-

2026 5452 2209 5517 culos,
2225 5468 2328 5522 per
2348 5468 2495 5521 quos
2517 5452 2900 5525 designantur
2919 5456 3205 5523 praecepta
3224 5451 3421 5508 divina
3443 5469 3457 5523 ;
3489 5453 3674 5508 habe-

2026 5542 2125 5596 bat
2156 5540 2348 5595 clavos
2378 5538 2594 5611 quibus
2625 5542 3085 5597 extendebantur
3112 5542 3301 5611 funes,
3327 5546 3385 5598 et
3404 5543 3676 5600 firmaba-

2026 5634 2124 5689 tur
2143 5646 2317 5688 omne
2338 5628 2777 5687 tabernaculum
2804 5648 2816 5689 :
2840 5647 2944 5707 per
2963 5648 3112 5707 quos
3131 5649 3448 5709 possumus
3466 5631 3677 5692 intelli-
