4106 6190
477 375 594 437 995

902 370 1305 431 HAYMONIS
1337 367 1873 430 HALBEltS'l‘AT.
1910 365 2148 427 EPISC.
2183 367 2352 428 OPP.
2389 367 2588 428 PARS
2619 366 2668 426 Ι.
2697 401 2776 410 —
2801 365 3206 429 CO\1MENT.
3241 369 3434 429 BlBl..

3751 373 3868 432 996

481 523 616 581 gere
638 503 998 562 intellectum
1029 505 1088 556 et
1112 500 1423 568 rationem,
1455 499 1672 573 quibus
1703 501 2020 556 ﬁrmantur
2047 497 2131 555 di-
2154 501 2211 568 Α
2239 501 2336 555 tur
2353 497 2510 554 enim
2531 497 2645 554 ibi:
2670 499 2740 554 Et
2769 499 3061 572 assumpsi
3081 499 3318 574 (inquit)
3333 499 3646 558 mihiduas
3665 502 3876 577 virgas,

481 597 616 652 vina
635 589 1216 666 praecepta,videlieet
1241 589 1462 645 ratione
1475 593 1533 645 ct
1549 587 1844 645 intellectu
1865 606 1876 643 :
1895 588 2130 661 quando

481 701 550 740 ea
603 699 730 755 quae
788 677 1216 736 rationabiliter
1265 676 1673 751 intelligimus,
1709 675 2134 733 rationabiliter

480 788 653 844 Opere
682 768 1092 841 adimplemus.
1131 767 1278 823 Dicit
1325 784 1460 839 ergo
1509 768 1580 822 ad
1627 771 1891 823 sanctam
1933 764 2132 821 Eccle-

481 860 630 916 siam
655 875 668 916 :
702 859 747 915 Ο
777 855 1244 925 Ecclesia,dilata
1271 855 1464 912 locum
1488 855 1720 912 tentorii
1745 855 1828 910 tui
1857 872 1960 927 per
1983 872 2133 926 qua-

481 956 615 1005 tuor
644 947 850 1004 mundi
883 946 1250 1015 climata,nec
1265 945 1635 1002 concludaris
1665 963 1782 999 uno
1815 943 2028 1016 angulo
2046 961 2134 999 so-

480 1038 782 1094 lummodo
811 1037 1043 1091 Judaeae.
1081 1035 1148 1090 Et
1177 1034 1378 1107 pelles,
1412 1034 1521 1089 hoc
1578 1038 1666 1089 est
1723 1034 2130 1106 praedicatores

480 1133 614 1184 tuos
656 1126 901 1183 extende
935 1129 992 1180 et
1022 1124 1282 1179 diﬁ'unde
1314 1139 1418 1196 per
1448 1125 1646 1179 orbem
1680 1128 1970 1178 terrarum
2004 1139 2016 1176 :
2049 1122 2130 1178 Ne

480 1231 904 1290 parcas,neque
933 1229 1128 1268 cesses
1154 1211 1542 1284 multiplicare
1571 1217 1986 1285 eos,quatenus
2009 1209 2132 1266 illo-

481 1323 613 1362 rum
645 1302 974 1359 muniminc
1001 1301 1222 1356 tuearis
1252 1301 1324 1356 ab
1357 1305 1502 1356 aestu
1537 1302 2130 1372 daemonum.Longos

479 1397 570 1450 fac
599 1391 893 1448 funiculos
924 1395 1080 1458 tuos,
1111 1389 1169 1445 id
1215 1395 1305 1446 est
1353 1389 1523 1462 longe
1577 1388 2128 1462 extende-praedica-

480 1483 700 1538 tionem
730 1483 916 1547 tuam,
967 1483 1024 1535 et
1043 1483 1329 1552 praecepta
1359 1479 1556 1535 divina
1584 1479 1812 1552 elonga,
1847 1483 1904 1534 et
1934 1477 2128 1534 clavos

478 1575 612 1626 tuos
637 1568 957 1640 consolida,
989 1568 1047 1622 id
1095 1572 1184 1624 est
1233 1567 1682 1641 intelligentiam
1731 1572 1789 1623 et
1836 1568 2125 1623 rationem

477 1667 639 1716 tuam
671 1659 954 1714 conﬁrma
982 1662 1040 1728 et
1063 1657 1391 1713 corrobora.
1427 1656 1706 1729 Sequitur
1735 1673 1749 1713 :

551 1771 580 1802 ‹‹
607 1749 692 1804 Ad
724 1749 1021 1803 dexteram
1064 1746 1220 1802 enim
1254 1751 1311 1802 et
1357 1745 1659 1803 sinistram
1705 1745 2060 1818 penetrabis,
2097 1768 2124 1795 »

476 1837 584 1894 hoc
605 1841 693 1894 est
713 1854 918 1892 omnes
939 1841 1143 1910 gentes
1165 1835 1618 1908 possidebis,vel
1639 1834 1816 1892 etiam
1848 1852 2127 1908 prospera

478 1889 579 1894 ----
609 1889 690 1894 -η-
718 1889 914 1892 --ν---η
939 1889 1138 1910 ο-ηη-
1165 1889 1186 1908 ι
1544 1889 1549 1892 -
1574 1889 1617 1892 ρ
1648 1889 1690 1892 ρ
1850 1889 1867 1907 ι
1894 1889 1934 1890 η

475 1927 882 1995 sustinebis,et
910 1926 1005 1981 hic
1037 1931 1095 1981 et
1127 1925 1186 1980 in
1220 1927 1416 1980 futuro
1446 1924 1786 1997 praevalebis
1810 1942 1824 1980 :
1851 1925 1991 1996 quia
2023 1941 2128 1980 nec
2155 1889 2204 1956 Β

473 2016 770 2090 prosperis
799 2013 1140 2082 elevaberis,
1174 2031 1278 2070 nec
1309 2013 1567 2070 adversis
1597 2012 1964 2086 deprimeris.
1991 2013 2126 2068 Pos-

474 2123 685 2162 sumus
714 2103 890 2164 ctiam
925 2121 1028 2176 per
1058 2104 1352 2159 dexteram
1384 2107 1444 2158 et
1472 2103 1773 2158 sinistram
1817 2107 2127 2174 utramque

473 2193 652 2251 vitam
686 2193 968 2266 accipere,
993 2195 1340 2264 praesentem
1373 2190 1596 2246 scilicet
1627 2194 1802 2263 atque
1835 2191 2124 2246 futuram:

475 2287 542 2337 ut
573 2299 676 2354 per
704 2281 1005 2336 sinistram
1037 2279 1438 2352 intelligamus
1469 2285 1816 2352 praesentem
1846 2279 2044 2345 vitam,
2069 2283 2129 2334 et

476 2387 582 2444 per
601 2370 897 2424 dexteram
918 2369 1397 2424 aeternamJuxta
1418 2369 1574 2440 quod
1607 2368 1908 2441 Sapientia
1937 2367 2076 2424 dicit
2109 2383 2122 2422 :

479 2480 507 2508 ‹‹
531 2459 592 2514 In
617 2459 852 2513 dextera
869 2457 998 2528 ejus
1029 2455 1336 2529 longitudo
1366 2457 1618 2528 dierum,
1637 2456 1696 2511 in
1729 2456 1969 2512 sinistra
1994 2473 2126 2513 vero

475 2545 686 2603 divitiae
737 2549 796 2602 et
849 2544 1035 2619 gloria
1080 2546 1262 2619 (Prov.
1297 2548 1376 2615 v.)
1411 2568 1432 2596 ι
1486 2545 1701 2602 Sancta
1755 2544 2015 2602 Ecclesia
2067 2545 2126 2600 in

473 2635 732 2702 sinistra,
759 2635 868 2690 hoc
895 2638 983 2690 est
1012 2633 1072 2690 in
1105 2634 1218 2690 vita
1269 2634 1560 2707 praesenti,
1588 2634 1822 2690 divitias
1866 2635 2044 2690 habet
2071 2637 2129 2690 et

475 2724 720 2798 gloriam
747 2741 759 2782 :
785 2723 924 2798 quia
955 2724 1129 2780 habet
1159 2723 1464 2780 scientiam
1495 2727 1553 2779 et
1582 2723 2026 2797 intelligentiam
2046 2724 2128 2778 di-

470 2813 740 2870 vinorum
772 2813 1163 2886 eloquiorum,
1195 2830 1324 2886 quae
1357 2817 1497 2868 sunt
1527 2813 1739 2868 divitiae
1767 2811 2122 2886 spirituales:

471 2908 530 2962 et
550 2903 724 2959 habet
751 2903 1026 2960 virtutem
1056 2903 1344 2958 bonorum
1375 2919 1616 2975 operum
1650 2919 1752 2974 per
1781 2920 1928 2974 quas
1949 2901 2124 2974 glori-

472 2993 681 3048 ﬁcatur
697 2993 757 3048 in
779 2991 1144 3066 gentibus.In
1179 2991 1412 3047 dextera
1442 3008 1572 3048 vero
1601 2991 1779 3047 habet
1808 2989 2123 3063 longitudi-

474 3097 608 3137 nem
639 3081 867 3137 dierum
899 3085 954 3136 et
974 3079 1280 3152 vitae,quia
1304 3085 1662 3152 postponens
1688 3079 2017 3152 praesentia,
2050 3079 2124 3134 ad

472 3173 673 3226 futura
693 3169 970 3224 festinat:
995 3169 1056 3223 in
1087 3168 1304 3240 quibus
1335 3167 1684 3224 aeternaliter
1712 3185 1844 3224 cum
1877 3167 2124 3223 Domino

2240 605 2418 644 unam
2443 587 2635 644 vocavi
2667 589 3029 658 decorem,ct
3056 588 3302 645 alteram
3332 589 3527 646 vocavi
3556 591 3878 649 funiculum

2238 677 2428 746 (Zach.
2449 682 2550 746 x1).
2579 700 2606 728 ››
2631 678 2736 734 Per
2763 679 2912 734 duas
2942 677 3135 751 virgas
3160 679 3285 734 vult
3313 679 3562 754 intelligi
3591 681 3742 737 duas
3771 681 3881 754 ple-

2239 765 2634 839 bes,gentium
2667 771 2726 822 et
2753 766 3114 822 Judaeorum.
3141 767 3249 823 Per
3278 785 3458 824 unam
3491 786 3670 842 quam
3701 771 3885 843 appel-

2239 853 2379 910 lavit
2410 855 2696 923 decorem,
2722 855 3072 928 intelligitur
3096 857 3610 930 gentilitas,quam
3641 858 3880 932 elegitin

2182 959 2189 965 '
2239 944 2356 999 Noe
2378 947 2435 999 et
2465 943 2600 998 ﬁliis
2621 946 2770 1016 ejus.
2805 945 2912 1000 Per
2939 945 3181 1001 alteram
3205 963 3336 1002 vero
3367 964 3543 1019 quam
3575 947 3881 1020 appellavit

2240 1032 2591 1100 funiculum,
2623 1033 2952 1090 ostenditur
2998 1034 3164 1107 plebs
3207 1035 3474 1104 Judaica,
3508 1053 3688 1109 quam
3719 1036 3882 1110 elegit

2239 1121 2392 1178 Deus
2433 1123 2804 1194 omnipotens
2834 1123 2893 1179 in
2924 1123 3308 1180 aediﬁcatione
3363 1125 3542 1180 turris
3575 1127 3634 1180 in
3667 1125 3882 1182 familia

2237 1211 2443 1280 Heber,
2467 1212 2526 1266 in
2546 1213 2820 1268 Abraam.
2860 1211 3024 1268 Unde
3055 1218 3113 1268 et
3141 1213 3360 1269 dicitur
3391 1213 3448 1268 in
3481 1214 3882 1287 subsequenti-

2237 1301 2348 1356 bus
2377 1317 2392 1356 :
2427 1301 2496 1356 Et
2525 1300 2748 1356 succidi
2781 1300 3016 1374 (inquit)
3046 1319 3082 1358 a
3111 1301 3273 1358 cultu
3323 1319 3451 1358 meo
3480 1307 3538 1358 et
3561 1304 3759 1376 gratia
3785 1305 3882 1360 vir-

2235 1405 2371 1462 gam
2402 1406 2530 1462 quae
2562 1388 2894 1462 appellatur
2921 1390 3120 1459 decus,
3153 1395 3212 1446 et
3241 1390 3458 1447 adhaesi
3489 1391 3637 1448 mihi
3661 1392 3880 1466 virgam

2235 1494 2362 1551 quae
2383 1478 2701 1535 vocabatur
2719 1477 3110 1536 funiculus.ln
3124 1468 3464 1536 confusione
3479 1480 3640 1536 enim
3665 1479 3883 1555 lingua-

2236 1583 2368 1622 rum
2403 1567 2629 1639 abjecta
2648 1571 2738 1624 est
2769 1567 3069 1640 gentilitas
3089 1585 3123 1625 a
3141 1567 3263 1624 viro
3293 1585 3400 1625 suo
3431 1587 3621 1642 usque
3643 1571 3718 1626 ad
3741 1576 3880 1628 tem-

2234 1674 2347 1729 pus
2386 1657 2807 1714 incarnationis
2835 1659 2985 1730 ejus,
3009 1663 3068 1715 et
3094 1657 3276 1714 electa
3304 1663 3394 1716 est
3423 1657 3588 1732 plebs
3616 1659 3878 1717 Judaica.

2235 1746 2486 1818 Ideoque
2519 1745 2620 1802 illa
2647 1746 2864 1804 dicitur
2891 1764 3018 1805 esse
3047 1747 3223 1804 vidua
3249 1752 3307 1804 et
3336 1747 3464 1804 sine
3493 1748 3637 1818 viro,
3687 1753 3750 1805 et
3781 1751 3882 1806 ista

2235 1833 2450 1891 dicitur
2477 1835 2692 1892 habere
2719 1835 3106 1893 virum.Unde
3121 1841 3178 1892 ct
3200 1837 3390 1893 Moses
3410 1835 3552 1893 dicit
3569 1837 3633 1893 in
3657 1839 3878 1894 cantico

2236 1923 2671 1981 Deuteronomii
2703 1927 2866 1998 (Cap.
2894 1929 3072 1996 xxxn)
3103 1943 3118 1981 :
3152 1925 3298 1981 Cum
3348 1925 3630 1982 divideret
3658 1927 3881 1984 Altissi-

2237 2030 2370 2068 mus
2399 2018 2624 2086 gentes,
2655 2031 2791 2070 cum
2824 2018 3120 2088 separaret
3149 2014 3302 2072 ﬁlios
3329 2015 3539 2085 Adam,
3569 2017 3643 2071 ad
3673 2017 3880 2072 turrim

2237 2101 2432 2171 Babel,
2465 2103 2770 2159 constituit
2801 2103 3084 2160 terminos
3109 2103 3460 2176 populorum
3482 2105 3656 2177 juxta
3685 2123 3880 2162 nume-

2237 2208 2368 2246 rum
2401 2190 2740 2264 angelorum
2772 2191 2895 2264 Dei,
2927 2191 3013 2248 vel
3049 2193 3220 2264 juxta
3267 2209 3580 2250 numerum
3629 2193 3881 2251 ﬁliorum

2236 2279 2582 2336 Israel.Pars
2612 2284 2808 2336 autem
2841 2280 3073 2337 Domini
3099 2281 3355 2354 populus
3379 2283 3718 2354 ejus,Jacob
3741 2283 3882 2339 funi-

2235 2369 2404 2424 culus
2428 2367 2783 2426 hanreditatis
2804 2371 3282 2442 ejus.Constituit
3302 2371 3458 2427 enim
3486 2371 3773 2428 terminos
3794 2389 3883 2444 po-

2235 2457 2508 2530 pulorum
2523 2458 2693 2530 juxta
2723 2475 3036 2514 numerum
3066 2459 3408 2532 angelorum
3435 2459 3558 2528 Dei,
3591 2461 3736 2534 quia
3764 2461 3883 2517 uni~

2235 2545 2446 2619 cuique
2465 2547 2623 2620 genti
2647 2546 2922 2620 angelum
2952 2547 3260 2620 praelatum
3285 2549 3502 2620 posuit.
3527 2549 3666 2605 Ideo
3687 2555 3880 2605 autem

2235 2633 2407 2690 dicit:
2433 2634 2806 2692 Confusionis
2837 2636 3241 2692 adolescentia
3275 2640 3386 2692 tua:
3415 2636 3802 2706 Oblivisceris,
3832 2643 3883 2694 et

2235 2722 2529 2796 cpprobrii
2558 2723 2861 2781 viduitatis
2893 2729 3004 2780 tuae
3030 2742 3145 2780 non
3179 2725 3576 2782 recordaberis
3605 2727 3879 2800 amplius,

2236 2814 2374 2886 quia
2397 2813 2631 2886 quando
2653 2832 2688 2870 a
2713 2819 2822 2870 Deo
2845 2813 3120 2870 derelicta
3149 2819 3238 2871 est
3266 2813 3326 2869 in
3359 2814 3746 2872 aediﬁcatione
3775 2821 3882 2872 tur-

2234 2903 2336 2974 ris,
2369 2902 2561 2958 adhuc
2591 2903 2760 2975 quasi
2807 2903 3147 2960 adolescens
3176 2907 3234 2959 et
3249 2903 3569 2975 juvencula
3593 2910 3740 2960 erat.
3777 2905 3882 2962 Sed

2234 2990 2368 3047 licet
2386 2991 2559 3065 longe
2582 2995 2840 3064 tempore
2861 2991 3240 3065 opprobrium
3263 2991 3566 3048 viduitatis
3579 3011 3701 3048 suae
3713 2994 3882 3050 susti-

2234 3080 2460 3136 nuisset
2486 3084 2799 3153 postquam
2827 3081 2985 3137 venit
3013 3081 3086 3136 ad
3116 3081 3728 3148 ﬁdem,confusionem
3757 3101 3876 3138 om-

2235 3185 2366 3224 nem
2399 3169 2689 3240 deposuit,
2722 3168 2941 3224 sociata
2977 3169 3108 3238 jam
3155 3168 3390 3241 proprio
3441 3169 3564 3224 viro
3615 3187 3720 3242 per
3748 3171 3876 3226 ﬁdei

472 3261 562 3312 est
594 3273 894 3324 mansura,
928 3260 985 3311 et
1015 3255 1248 3328 gaudiis
1279 3257 1510 3313 aeternis
1540 3257 1808 3312 l'ruitura.
1842 3257 2122 3328 Quodque
2151 3261 2194 3328 [ι
2233 3256 2501 3330 copulam
2525 3261 2583 3313 et
2603 3255 3030 3314 dilectionis.Et
3047 3257 3156 3313 hoc
3187 3275 3366 3332 quare
3386 3257 3414 3314 Ἰ
3434 3258 3498 3314 In
3521 3261 3880 3333 subsequen-

473 3344 884 3417 subjungitur:
909 3349 1010 3398 «et
1033 3361 1231 3399 semen
1267 3348 1432 3400 tuum
1463 3349 1666 3418 gentes
1696 3345 2118 3413 haereditabit,»

474 3431 787 3505 dupliciter
813 3431 1060 3504 intelligi
1085 3432 1476 3504 potest,ve1de
1493 3433 1714 3488 semine
1736 3435 2028 3506 Evangelii
2050 3435 2120 3490 de

473 3539 588 3596 quo
609 3522 828 3578 dicitur
847 3521 906 3577 in
928 3521 1235 3594 Evangelio
1251 3539 1264 3577 :
1279 3521 1430 3577 Exiit
1446 3522 1545 3594 qui
1562 3523 1816 3578 seminat
1832 3523 2122 3579 seminare

471 3631 671 3670 semen
693 3630 870 3671 suum
892 3629 906 3670 :
930 3611 1017 3668 vel
1039 3611 1214 3668 etiam
1241 3613 1310 3668 de
1332 3611 1613 3686 apostolis
1637 3613 1736 3685 qui
1759 3631 1794 3669 a
1813 3619 1928 3670 Deo
1951 3610 2123 3669 semi-

471 3703 591 3760 nati
624 3706 781 3771 sunt,
815 3707 872 3758 et
899 3703 969 3758 de
1000 3701 1216 3775 quibus
1247 3701 1428 3757 Isaias
1462 3719 1474 3758 :
1510 3701 1632 3757 Nisi
1664 3703 1948 3760 Dominus
1987 3701 2120 3760 reli-

471 3791 698 3865 quisset
729 3791 896 3848 nobis
927 3791 1326 3863 semen,quasi
1359 3791 1614 3846 Sodoma
1644 3792 1983 3849 fuissemus.
2019 3795 2152 3850 Se»

469 3897 604 3938 men
625 3897 762 3954 ergo
783 3879 1048 3938 Ecclesiae
1071 3880 1246 3954 (quod
1270 3884 1360 3936 est
1379 3879 1712 3954 evangelica
1730 3881 2014 3951 doctrina,
2034 3883 2120 3940 vel

468 3969 737 4042 apostoli)
759 3974 963 4042 gentes
994 3969 1166 4024 modo
1197 3967 1568 4038 baereditant,
1600 3969 1740 4043 quia
1771 3972 1972 4028 omnia
1993 3989 2120 4046 quae

467 4057 730 4130 possidet
748 4057 1152 4130 Christus(qui
1173 4063 1260 4114 est
1280 4063 1458 4130 caput
1480 4057 1769 4131 Ecclesiae)
1792 4059 2055 4132 possidet
2065 4079 2124 4132 et

467 4145 770 4202 haereditat
789 4145 1209 4217 Ecclesia,quae
1241 4150 1330 4200 est
1357 4163 1570 4218 corpus
1602 4145 1782 4204 illius.
1823 4171 1850 4199 ‹‹
1882 4150 1953 4204 Et
1983 4150 2120 4206 civi-

467 4237 618 4288 tates
633 4233 896 4288 desertas
912 4231 1286 4302 inhabitabit,
1297 4257 1324 4284 ››
1338 4235 1447 4290 hoc
1460 4239 1549 4291 est
1560 4252 1668 4308 gen
1676 4237 1912 4304 tes,sive
1927 4239 2120 4296 Eccle-

466 4319 606 4390 sies,
639 4319 729 4376 vel
759 4319 988 4376 animas
1017 4338 1052 4376 a
1081 4321 1198 4376 Deo
1229 4322 1534 4379 derelictas
1567 4324 1940 4382 inhabitabit.

537 4432 566 4460 «
594 4408 722 4466 Noli
752 4409 1014 4482 timere,-
1049 4409 1308 4466 Ecclesia
1339 4411 1822 4485 gentium,«quia
1844 4431 1960 4471 non
1983 4434 2119 4473 con-

463 4499 728 4556 funderis
761 4516 948 4572 neque
979 4501 1292 4556 erubesces
1325 4517 1338 4556 :
1374 4518 1488 4557 non
1520 4501 1675 4557 enim
1709 4507 1765 4559 te
1796 4505 2059 4576 pudebit,
2089 4530 2118 4558 »

464 4589 751 4690 subaudis
781 4590 964 4691 fuisse
996 4589 1311 4692 aliquando
1335 4596 1390 4696 te
1409 4589 1802 4696 derelictam'a
1824 4592 1944 4650 viro
1972 4598 2074 4651 tuo
2099 4613 2112 4652 :
2149 4633 2195 4696 Β

465 4699 496 4729 ‹‹
521 4678 665 4750 quia
698 4678 1062 4736 confusionis
1095 4685 1204 4734 tuae
1236 4678 1637 4736 adolescentiae
1671 4680 2051 4752 Oblivisceris,
2088 4707 2116 4735 ››

463 4767 604 4822 dum
636 4767 863 4824 veneris
893 4768 964 4822 ad
999 4768 1199 4836 ﬁdem,
1224 4773 1281 4824 et
1309 4768 1588 4842 receperit
1617 4774 1672 4826 te
1701 4769 1789 4826 vir
1816 4776 1976 4840 tuus,
2016 4793 2042 4826 α
2063 4776 2121 4829 et

462 4855 756 4928 opprobrii
779 4855 1080 4912 viduitatis
1112 4861 1222 4912 tuae
1245 4874 1356 4912 non
1386 4859 1782 4915 recordaberis
1804 4860 2117 4934 amplius.»

459 4943 791 5017 Alloquitur
846 4947 1020 5001 modo
1074 4945 1447 5019 omnipotens
1507 4947 1664 5004 Deus
1695 4948 2016 5006 Ecclesiam
2047 4951 2118 5006 de

460 5033 735 5106 gentibus
759 5035 830 5090 ad
852 5035 1029 5090 ﬁdem
1047 5053 1216 5090 suam
1237 5035 1771 5108 venientem,quam
1796 5037 2012 5110 legitur
2027 5039 2122 5095 dc-

462 5122 774 5196 reliquisse
797 5122 856 5178 in
880 5124 1262 5179 aediﬁcatione
1293 5123 1473 5180 turris
1513 5123 1710 5179 Babel.
1732 5125 1842 5180 Sed
1873 5127 2118 5198 quaestio

460 5211 572 5266 isto
603 5211 660 5266 in
694 5211 820 5269 loco
849 5213 1250 5278 oritur.Quore
1281 5212 1438 5268 dicat
1466 5211 1562 5268 hic
1595 5230 1608 5268 :
1645 5211 1782 5286 quia
1811 5213 2114 5272 viduitatis

458 5307 571 5356 tuan
594 5319 707 5357 non
733 5301 1130 5359 recordaberis
1161 5301 1576 5375 amplius,cum
1611 5303 1884 5374 superius
1906 5302 2115 5360 dixerit

462 5388 626 5446 illam
658 5392 914 5448 sterilem
945 5390 1124 5448 fuisse
1145 5396 1203 5446 et
1228 5408 1343 5446 non
1377 5390 1589 5447 habere
1617 5391 1893 5458 virum,et
1915 5391 2112 5464 plures

463 5476 617 5534 ﬁlios
647 5496 925 5553 generare
983 5497 1160 5554 quam
1215 5481 1585 5554 Synagogam
1615 5498 1742 5553 quae
1775 5483 2018 5554 putabat
2048 5497 2112 5538 se

456 5565 648 5621 virum
683 5568 946 5626 habere?
973 5573 1110 5638 Quae
1159 5569 1403 5643 quaestio
1453 5586 1521 5626 ex
1544 5570 1738 5626 verbis
1769 5569 2000 5626 Domini
2033 5569 2113 5627 lo-

461 5655 694 5733 quentia
711 5673 816 5732 per
833 5657 1174 5718 Zachariam
1193 5657 1537 5734 prophetam
1559 5662 1750 5735 potest
1773 5657 1938 5717 solvi.
1961 5658 2112 5718 Dici-

2230 3345 2388 3402 tibus
2419 3346 2830 3402 manifestatur
2860 3364 2874 3402 :

2301 3459 2328 3486 ι(
2363 3434 2510 3503 Quia
2539 3434 2940 3491 dominabitur
2967 3435 3206 3509 (inquit)
3235 3435 3324 3492 tui
3353 3436 3457 3508 qui
3487 3437 3624 3493 fecit
3657 3441 3736 3504 te,
3768 3439 3872 3494 Do-

2230 3525 2428 3580 minus
2457 3525 2818 3580 exercituum
2846 3541 3058 3581 nomen
3085 3526 3272 3598 ejus,»
3300 3525 3359 3581 id
3388 3531 3480 3582 est
3507 3525 3870 3596 militiarum,

2229 3613 2314 3670 vel
2337 3611 2700 3687 angelorum,
2725 3636 2752 3664 ‹‹
2773 3617 2828 3670 et
2850 3613 3200 3686 Redemptor
3220 3617 3358 3670 tuus
3378 3618 3620 3670 sanctus
3643 3615 3872 3684 Israel,»

2229 3704 2330 3776 qui
2361 3707 2419 3759 te
2449 3702 2696 3758 redemit
2719 3703 3004 3776 sanguine
3035 3720 3163 3758 suo.
3196 3703 3351 3759 Deus
3381 3703 3581 3759 omnis
3597 3708 3764 3760 terrae
3783 3721 3870 3759 vo-

2229 3793 2459 3849 cabitur
2474 3809 2590 3848 non
2608 3791 2786 3846 unius
2813 3789 3186 3848 solummodo
3218 3791 3695 3865 regionis,neque
3707 3791 3871 3848 unius

2229 3880 2601 3937 solummodo
2631 3879 2832 3952 anguli
2863 3879 3100 3947 Judaeae,
3135 3879 3237 3934 sed
3268 3879 3537 3934 omnium
3595 3885 3873 3936 creatura-

2229 3987 2384 4040 rum,
2413 3967 2740 4024 coelestium
2764 3967 3030 4025 videlicet
3058 3972 3116 4024 et
3144 3968 3487 4025 inferorum.

2301 4082 2328 4110 ‹‹
2346 4057 2570 4126 Quiaut
2581 4056 2888 4113 mulierem
2902 4056 3282 4113 derelictam»
3297 4057 3873 4126 subaudisaviro,«et

2230 4151 2570 4205 maerentem
2594 4144 2827 4219 spiritu,
2849 4146 3076 4203 vocavit
3102 4150 3159 4203 te
3179 4167 3206 4197 ››
3241 4147 3314 4202 ad
3343 4145 3522 4202 ﬁdem
3553 4145 3872 4214 suam,utei

2229 4237 2610 4304 adhaereres,«
2623 4242 2680 4293 et
2692 4253 2928 4292 uxorem
2943 4235 3017 4292 ab
3030 4235 3424 4293 adolescentia
3433 4235 3728 4308 abjeetam
3740 4234 3872 4292 dixit

2228 4327 2384 4384 Deus
2413 4329 2574 4382 tuus.
2600 4350 2622 4378 ι
2661 4323 2870 4381 Mulier
2898 4323 3176 4382 derelicta
3204 4341 3239 4380 a
3267 4325 3388 4381 viro
3419 4324 3531 4381 fuit
3557 4323 3868 4398 gentilitas,

2230 4415 2462 4487 quando
2494 4413 2694 4471 amisit
2721 4413 2911 4470 virum
2951 4430 3129 4470 suum
3178 4413 3364 4470 Deum
3413 4413 3869 4486 omnipotentem

2227 4507 2464 4578 propter
2492 4501 2906 4572 idololatriam,
2938 4506 2995 4560 et
3025 4502 3134 4560 hoc
3166 4507 3428 4576 tempore
3473 4501 3868 4560 adolescentia:

2229 4610 2368 4648 suae.
2401 4591 2871 4648 Adolescentiam
2897 4591 3054 4648 enim
3085 4591 3291 4648 habuit
3319 4591 3625 4670 gentilitas
3651 4592 3710 4648 in
3739 4590 3867 4648 ﬁliis

2227 4682 2345 4738 Noe
2373 4686 2432 4737 et
2461 4682 2522 4736 in
2549 4680 2992 4738 aediﬁcationem
3017 4681 3220 4737 turris.

2299 4793 2326 4821 ‹‹
2349 4770 2433 4826 Ad
2453 4774 2736 4844 punctum
2759 4770 2820 4826 in
2843 4770 3070 4827 modico
3099 4769 3464 4844 dereliquite,
3479 4775 3538 4827 et
3553 4771 3615 4826 in
3631 4769 3869 4827 misera-

2229 4860 2490 4916 tionibus
2545 4859 2776 4933 magnis
2837 4859 3202 4933 congregabo
3241 4864 3318 4915 te.
3351 4882 3380 4911 »
3415 4861 3606 4927 Quare
3635 4859 3773 4915 dicit
3800 4857 3868 4913 ad

2228 4953 2513 5020 punctum
2565 4949 2622 5003 in
2674 4949 2902 5004 modico
2943 4947 3281 5004 derelictam
3312 4965 3442 5005 esse
3468 4947 3866 5022 gentilitatem,

2228 5054 2362 5093 cum
2396 5055 2498 5110 per
2529 5037 2716 5093 multa
2745 5035 2931 5092 millia
2950 5055 3242 5093 annorum
3274 5039 3542 5094 servierit
3572 5035 3800 5094 diabolo
3816 5040 3872 5090 et

2227 5144 2345 5182 non
2375 5126 2688 5182 adhaeserit
2714 5125 2969 5182 Creatori
3001 5143 3108 5183 suo
3129 5126 3157 5182 ?
3185 5127 3325 5198 quia
3370 5127 3573 5183 omnia
3615 5131 3870 5198 tempora

2222 5217 2561 5286 comparata
2589 5213 2896 5270 aeternitati
2931 5213 3394 5286 Dei,permodica
3421 5219 3480 5270 et
3504 5230 3686 5286 parva
3714 5216 3864 5269 sunt.

2222 5303 2302 5358 De
2324 5301 2417 5358 his
2435 5319 2570 5377 ergo
2588 5302 3008 5360 misericordiis
3037 5303 3268 5360 Domini
3301 5303 3536 5378 magnis
3559 5303 3706 5360 dicit
3725 5299 3868 5357 Psal—

2223 5391 2397 5448 mista
2428 5410 2441 5448 :
2479 5415 2506 5443 ‹‹
2542 5391 2937 5448 Misericordia
2968 5391 3286 5466 (inquiens)
3320 5392 3556 5448 Domini
3585 5391 3758 5466 plena
3780 5391 3865 5445 est

2221 5483 2377 5536 terra
2406 5481 2819 5552 (Psal.xxxu).»
2851 5505 2879 5531 ‹‹
2894 5481 2964 5537 Et
2993 5479 3398 5538 misericordia
3417 5483 3550 5555 ejus
3572 5494 3868 5555 superem-

2221 5569 2321 5626 uia
2339 5587 2516 5642 opera
2535 5571 2663 5643 ejus
2684 5571 2853 5645 (Psal.
2878 5570 3079 5644 cxmv).
3100 5593 3128 5621 »
3159 5570 3566 5629 Misericordia
3589 5587 3728 5646 ergo
3745 5569 3865 5641 ejus

2218 5657 2628 5720 inenarrabilis
2667 5660 2798 5735 fuit,
2841 5665 2908 5718 ut
2937 5659 3118 5720 nullis
3151 5661 3370 5721 nostris
3407 5657 3866 5738 praecedentibus
