4106 6190
472 316 590 376 999

841 318 1248 378 HAYMONIS
1295 316 1834 404 HALBERSTAT.
1882 317 2128 378 EPISC.
2175 316 2347 378 OPP.
2394 316 2593 377 PARS
2639 316 2686 377 Ι.
2737 347 2813 360 -—
2855 312 3258 374 COMMI'INT.
3306 312 3506 373 BIBL.

3716 313 3878 374 ιοοο

471 450 752 516 stat.Qua3
777 449 952 506 etiam
986 466 1114 516 uno
1133 448 1502 506 solummodo
1523 449 1740 523 angulo
1759 450 1975 507 Judzea:
1997 467 2114 507 non
2145 448 2194 520 Α
2230 467 2384 519 nem,
2417 467 2544 524 quis
2577 448 2776 506 omnia
2827 445 3096 504 diabolus
3126 446 3346 511 sufﬁat,
3376 445 3486 505 hoc
3514 449 3607 502 est
3642 445 3877 505 excitat.

471 541 910 611 coangustetur,
943 537 1042 591 sed
1076 553 1178 609 per
1206 553 1409 593 omnes
1439 537 1721 594 terminos
1751 543 1915 594 terrae
1945 539 2116 612 longe

471 624 702 698 lateque
732 624 1084 681 extenditur.

541 738 568 762 ‹‹
603 713 912 770 Universos
945 713 1094 770 ﬁlios
1145 719 1277 770 tuos
1327 715 1529 770 doctos
1559 733 1592 770 a
1622 716 1890 784 Domino,
1927 739 1954 764 ››
1986 717 2119 771 sub-

470 803 640 858 audis
671 803 820 858 dabo
853 803 939 858 vel
973 803 1222 859 faciam:
1263 828 1282 852 «
1321 809 1378 859 et
1408 804 1846 859 multitudinem
1893 807 2053 876 pacis
2088 828 2116 854 ››

470 891 620 947 dabo
647 915 674 940 ‹‹
709 891 856 963 ﬁliis
882 892 1018 947 tuis.
1054 916 1081 942 ››

541 1005 569 1031 ‹‹
602 981 672 1037 Et
703 981 762 1036 in
785 981 1023 1052 justitia
1049 981 1411 1049 l‘undaberis,
1449 1004 1475 1030 »
1505 982 1560 1036 id
1611 987 1700 1037 est
1747 982 2115 1038 solidaberis.

470 1070 640 1128 Modo
669 1071 906 1143 exponit
934 1087 1080 1144 quos
1117 1071 1391 1144 superius
1441 1069 1819 1143 appellaverit
1867 1071 2115 1145 lapides,

467 1157 620 1215 ﬁlios
648 1157 918 1215 videlicet
946 1158 1234 1215 Ecclesiae.
1261 1158 1521 1215 Universi
1554 1159 1770 1232 quippe
1802 1159 1904 1215 ﬁlii
1930 1161 2120 1216 Eccle-

468 1247 567 1317 sia:
594 1245 748 1304 docti
774 1245 1392 1320 suntuDomiuo,quia
1423 1248 1548 1320 ipso
1580 1249 1822 1306 docente
1851 1250 2117 1306 efﬁciun-

469 1340 566 1392 tur
591 1335 697 1392 ﬁlii
731 1337 846 1392 Dei.
881 1336 1046 1392 Sicut
1077 1336 1202 1408 ipse
1232 1335 1292 1392 in
1320 1337 1628 1409 Evangelio
1659 1339 1802 1393 dicit
1835 1355 1847 1394 :
1875 1362 1902 1388 ‹‹
1937 1339 2118 1395 Nemo

466 1425 626 1481 venit
655 1425 726 1480 ad
761 1443 874 1492 me,
907 1424 1020 1482 nisi
1054 1425 1344 1498 Pater,qui
1375 1427 1540 1481 misit
1565 1444 1678 1494 me,
1715 1428 1954 1483 traxerit
1982 1446 2119 1484 eum

470 1513 645 1586 (Joau.
677 1516 778 1584 v1).
814 1536 842 1563 ››
870 1515 938 1570 Et
969 1514 1026 1568 in
1058 1513 1360 1587 prophetis
1411 1531 1424 1570 :
1477 1516 1662 1570 Erunt
1708 1516 1944 1590 (inquit)
1993 1535 2117 1573 om-

470 1620 574 1660 nes
603 1601 758 1658 docti
787 1620 821 1658 a
851 1602 1118 1658 Domino.
1145 1601 1581 1660 Multitudinem
1605 1605 1765 1677 pacis
1797 1607 1948 1661 dabo
1982 1605 2118 1661 ﬁliis

467 1691 608 1758 tuis,
632 1691 692 1747 id
723 1695 831 1759 est,
853 1690 1240 1748 reconciliabo
1269 1691 1374 1746 tibi
1410 1693 1560 1749 ﬁlios
1591 1694 1896 1750 tuos.Cum
1928 1694 2069 1750 dicit
2101 1713 2116 1751 :

459 1781 696 1856 justitia
724 1781 1086 1846 funda-beris,
1137 1797 1240 1852 per
1272 1781 1571 1852 justitiam
1625 1801 1828 1840 omnes
1874 1783 2120 1840 virtutes

465 1870 591 1926 vult
619 1888 654 1926 a
684 1871 854 1928 nobis
885 1870 1152 1944 intelligi,
1187 1874 1253 1926 ut
1281 1869 1359 1926 sit
1387 1888 1598 1928 sensus
1625 1872 1890 1944 :justitia
1911 1873 2118 1929 funda-

468 1959 644 2028 beris,
677 1959 787 2018 hoc
815 1964 904 2016 est
931 1961 1046 2016 ﬁde
1075 1959 1310 2029 Christi,
1345 1965 1672 2034 aeternaque
1695 1962 2120 2034 justiﬁcatione

467 2055 526 2105 et
555 2049 919 2122 plenitudine
949 2047 1230 2104 virtutum
1263 2047 1670 2119 solidaberis;«
1693 2053 1895 2106 recede
1916 2051 2119 2123 procul

468 2157 504 2194 a
531 2137 849 2210 calumnia,
879 2160 908 2189 ››
942 2136 999 2192 id
1029 2142 1119 2192 est
1149 2137 1221 2192 ab
1253 2139 1745 2210 oppressione,vel
1769 2137 2119 2212 rapina,sive

467 2227 832 2298 iniquitate,«
861 2226 1001 2297 quia
1029 2243 1146 2280 non
1177 2225 1762 2294 timebis,nsubaudis
1791 2229 2116 2295 diabolum,

469 2331 660 2385 neque
689 2314 1095 2369 haereticorum
1124 2313 1214 2367 vel
1246 2321 1689 2385 perseeutorum
1722 2317 2041 2388 impetum:
2068 2317 2118 2372 si

470 2401 782 2458 recesseris
813 2401 884 2456 ab
917 2399 1190 2456 omnibus
1223 2401 1687 2473 iniquitatibus,«
1711 2409 1769 2459 et
1797 2423 1830 2459 a
1850 2423 2111 2478 pavore,»

469 2489 755 2548 subaudis
786 2507 858 2546 ne
887 2488 1119 2558 timeas,
1153 2511 1180 2539 «
1214 2489 1353 2562 quia
1381 2507 1497 2546 non
1528 2493 2020 2566 appropinquabit
2039 2494 2118 2550 ti-

467 2578 872 2651 bi.-Superius
903 2576 1239 2634 consolatus
1264 2581 1353 2634 est
1373 2579 1688 2635 Ecclesiam
1719 2581 1790 2636 de
1820 2583 2114 2654 gentibus,

467 2667 816 2742 promittens
845 2667 896 2722 ei
929 2667 1150 2740 gratias
1181 2667 1520 2739 spirituales
1552 2685 1566 2724 :
1603 2687 1757 2725 nunc
1788 2671 1955 2726 decet
1975 2673 2116 2744 quid

466 2774 638 2832 agere
668 2756 896 2825 debeat,
930 2755 978 2811 si
1013 2773 1128 2812 non
1158 2755 1283 2812 vult
1313 2757 1781 2815 adversariorum
1829 2759 2116 2833 impetum

466 2847 803 2904 formidare.
837 2849 905 2902 Et
934 2849 1023 2901 est
1052 2863 1263 2902 sensus
1296 2863 1310 2900 :
1344 2847 1470 2902 Non
1500 2846 1587 2904 vis
1617 2848 1822 2905 timere
1843 2849 2117 2907 inimicos

467 2936 640 2994 tuos?
669 2937 759 2992 fac
789 2936 904 2992 ista
933 2952 1060 3008 quae
1092 2935 1244 3004 dico,
1278 2935 1386 2992 hoc
1424 2941 1532 3004 est,
1567 2939 1769 2994 recede
1817 2957 1852 2994 a
1899 2939 2118 2995 calum-

465 3026 644 3095 nia,et
669 3025 744 3082 ab
767 3024 1163 3097 iniquitate,et
1181 3043 1215 3080 a
1235 3025 1765 3098 puvorehominum
1792 3044 1863 3082 ne
1883 3027 2114 3085 timeas.

534 3115 680 3170 Ecce
709 3113 907 3170 accola
934 3114 1143 3180 veniet,
1177 3114 1278 3185 qui
1309 3131 1424 3170 non
1457 3119 1582 3170 erat
1609 3131 1861 3185 mecum,
1897 3118 2119 3174 advena

465 3203 766 3274 quondam
797 3207 939 3258 tuus
971 3202 1328 3274 adjungetur
1358 3203 1483 3259 tibi.
1505 3205 1657 3262 sVox
1685 3205 1899 3261 Christi
1921 3207 1993 3262 ad
2015 3209 2114 3263 Ec-

465 3291 706 3347 clesium
747 3290 1102 3362 primitivum
1141 3289 1434 3362 loquentis
1468 3293 1538 3347 de
1567 3293 1944 3350 multitudine
1972 3313 2112 3368 gen-

465 3378 616 3436 tium
645 3378 718 3433 ad
750 3377 928 3433 ﬁdem
958 3378 1339 3444 venientium,
1359 3397 1487 3452 quae
1503 3386 1638 3436 ante
1658 3383 1888 3438 Domini
1907 3386 2114 3440 adven-

463 3470 592 3524 tum
613 3466 836 3523 advena
850 3470 1058 3534 erat,et
1072 3465 1242 3539 longe
1262 3467 1447 3524 aDeo.
1471 3469 1614 3524 Ecce
1637 3470 1874 3542 (inquit)
1895 3473 2110 3543 accola,

463 3555 700 3629 gentilis
737 3554 1006 3612 videlicet
1034 3554 1307 3628 populus,
1330 3557 1521 3612 veniet
1549 3561 1623 3614 ad
1655 3575 1748 3614 me
1780 3577 1882 3632 per
1912 3562 2108 3632 ﬁdem,

464 3649 616 3702 recte
646 3646 958 3713 credendo,
981 3652 1037 3702 et
1057 3646 1207 3702 bene
1236 3647 1606 3720 vivendo,qui
1640 3654 1810 3706 antea
1843 3669 1955 3706 non
1989 3657 2115 3708 erat

461 3736 986 3802 mecum,serviens
1009 3735 1182 3792 idolis
1201 3737 1494 3809 variisque
1515 3739 1842 3808 erroribus;
1866 3741 2113 3810 advena,

464 3824 521 3880 id
541 3830 630 3880 est
642 3825 970 3898 proselytus
983 3826 1279 3897 quondam
1300 3831 1498 3894 tuus,o
1516 3827 1772 3884 Ecclesia
1793 3829 2108 3900 primitiva,

461 3911 717 3985 populus
747 3912 1014 3969 videlicet
1041 3913 1327 3986 gentium,
1360 3913 1462 3986 qui
1492 3913 1662 3988 longe
1691 3922 1817 3972 erat
1845 3933 1879 3972 a
1907 3922 1964 3971 te
1993 3922 2051 3972 et
2077 3935 2114 3973 a

462 4001 576 4057 ﬁde
605 4007 727 4069 tua,
761 4002 1116 4075 adjungetur
1165 4002 1270 4057 tibi
1324 4003 1496 4058 modo
1545 4005 1824 4060 vocabulo
1855 4005 2113 4062 nominis

460 4089 774 4146 Christiani
793 4095 850 4146 et
869 4091 1004 4146 ﬁdei
1037 4091 1500 4147 unitate.Sancta
1518 4092 1674 4147 enim
1705 4093 1964 4150 Ecclesia
1983 4111 2111 4167 quas

462 4180 596 4233 ante
628 4177 687 4230 in
716 4177 938 4234 Judaeis
969 4177 1339 4234 solummodo
1387 4187 1530 4248 erat,
1563 4183 1736 4238 modo
1785 4188 2016 4239 constat
2042 4201 2112 4242 ex

461 4266 712 4334 utroque
740 4262 956 4335 populo
987 4264 1452 4322 circumcisionis
1483 4272 1542 4324 et
1566 4271 1834 4342 przeputii
1871 4271 2112 4329 collecta

461 4349 522 4406 in
540 4367 724 4407 unum
742 4350 1082 4408 ovile.Sicut
1103 4352 1388 4410 Dominus
1404 4354 1464 4410 in
1485 4357 1795 4429 Evangelio
1821 4359 2025 4418 dicit:«
2042 4361 2112 4416 Et

451 4438 984 4514 alias,inquit,oves
1015 4440 1357 4515 habeo,quae
1390 4460 1507 4499 non
1535 4451 1764 4502 suntex
1785 4447 1894 4504 hoc
1922 4449 2058 4504 ovili
2092 4467 2108 4506 :

2149 1825 2197 1892 B

2228 540 2246 592 Ι
2254 557 2356 612 pse
2375 539 2551 594 etiam
2576 538 2794 611 profert
2813 553 2951 592 vasa
2969 535 3040 590 ad
3060 551 3208 606 opus
3225 551 3421 604 suum,
3437 533 3548 590 hoc
3565 539 3656 590 est
3675 551 3881 606 quem-

2225 626 2366 683 libet
2395 627 2734 683 haeretieum
2756 629 2812 680 et
2842 639 3157 697 paganum,
3184 621 3491 678 facientem
3513 621 3878 678 voluntatem

2226 733 2418 772 suam.
2439 715 2602 772 Sicut
2632 713 2875 787 protulit
2903 712 3200 769 Simonem
3222 728 3504 784 magnum
3527 717 3584 768 et
3603 711 3877 780 Elimam,

2227 822 2478 876 quorum
2509 822 2665 860 unus
2715 801 2930 858 restitit
2958 802 3128 856 beato
3170 800 3334 856 Petro
3382 804 3440 856 et
3486 799 3677 855 multa
3725 801 3882 856 mala

2229 893 2446 962 intulit,
2463 892 2610 950 alter
2630 891 2860 965 egregio
2883 887 3244 962 praedicatori
3271 887 3468 944 Paulo.
3493 889 3737 944 Dicatur
3766 889 3878 945 ita-

2226 999 2340 1055 que
2360 999 2373 1038 :
2393 983 2512 1055 Ego
2532 979 2720 1037 creavi
2740 980 2995 1046 fabrum,
3011 978 3068 1034 id
3091 983 3180 1032 est
3201 976 3522 1044 diabolum,
3537 979 3878 1034 suiﬂantem

2226 1072 2286 1127 in
2313 1072 2446 1144 igne
2476 1087 2718 1144 prunas,
2740 1069 2850 1124 hoc
2883 1072 2972 1124 est
3003 1067 3470 1141 persecutionem
3499 1072 3558 1122 et
3588 1066 3879 1123 malitiam

2227 1161 2678 1226 excitantem,et
2709 1159 3098 1231 proferentem
3148 1157 3220 1212 ad
3259 1173 3408 1229 Opus
3457 1173 3656 1224 suum,
3681 1155 3742 1212 id
3790 1161 3878 1212 est

2226 1249 2567 1306 haareticum
2611 1252 2668 1303 et
2705 1263 3044 1320 perversum
3075 1244 3398 1318 quemlibet
3435 1245 3507 1302 ad
3545 1245 3875 1302 faciendam

2225 1338 2587 1396 voluntatem
2616 1353 2806 1392 suam.

2297 1451 2326 1478 ‹‹
2359 1428 2431 1484 Et
2459 1441 2632 1482 omne
2659 1442 2762 1482 vas
2791 1425 2946 1498 quod
2977 1425 3181 1479 ﬁctum
3209 1427 3298 1478 est
3316 1443 3344 1475 υ
3371 1439 3404 1478 a
3423 1421 3656 1477 diabolo
3677 1425 3881 1478 contra

2225 1521 2351 1589 te,o
2371 1515 2650 1584 Ecclesia,
2673 1537 2702 1566 «
2727 1531 2842 1570 non
2874 1513 3178 1586 dirigetur,
3206 1535 3234 1562 »
3252 1512 3392 1585 quia
3420 1517 3740 1585 praesentes
3767 1529 3881 1584 pa:-

2227 1624 2334 1663 nas
2357 1605 2569 1662 sentiet
2583 1609 2642 1660 et
2663 1605 2889 1659 futuras
2911 1620 2958 1660 ;‹‹
2984 1607 3041 1659 et
3062 1618 3296 1658 omnem
3319 1600 3583 1674 linguam
3600 1623 3629 1651 ››
3655 1600 3882 1657 haereti-

2228 1713 2453 1762 corum,
2467 1694 2815 1761 scribarum,
2831 1697 2888 1749 et
2910 1692 3356 1759 Pbarismorum,
3371 1689 3458 1746 vel
3483 1691 3663 1746 etiam
3684 1691 3879 1764 philo-

2231 1784 2570 1858 sophorum,
2591 1805 2618 1834 ‹‹
2640 1783 3011 1838 resistentem
3039 1780 3146 1837 tibi
3179 1780 3235 1835 in
3261 1777 3487 1852 judicio
3510 1778 3876 1851 judicabis,»

2226 1875 2314 1932 vel
2346 1875 2522 1931 etiam
2553 1871 2884 1940 damnabis,
2909 1875 3012 1926 aut
3033 1874 3188 1926 certe
3209 1868 3559 1925 discretione
3581 1867 3879 1924 discernes

2227 1963 2583 2038 disputando
2605 1978 2740 2018 cum
2761 1960 2866 2016 eis.
2886 1959 3069 2016 Sicuti
3091 1959 3226 2015 alibi
3249 1958 3535 2031 scriptum
3557 1962 3651 2014 est
3672 1975 3728 2014 τι(
3756 1957 3877 2014 Per-

2229 2056 2364 2111 dam
2387 2051 2736 2124 sapientiam
2758 2049 3081 2105 humanam
3101 2066 3134 2104 a
3151 2047 3537 2120 sapientibus,
3552 2051 3611 2102 et
3632 2047 3879 2119 pruden-

2227 2145 2372 2200 tiam
2421 2139 2794 2214 prudentiam
2841 2138 3162 2211 reprobabo
3205 2138 3253 2210 (Ι
3282 2136 3402 2194 Cor.
3429 2141 3490 2206 1).
3516 2159 3544 2188 ››
3569 2137 3876 2209 Siquidem

2229 2231 2420 2290 conati
2451 2234 2592 2286 sunt
2621 2228 2821 2285 Simon
2851 2232 2909 2284 et
2937 2226 3156 2283 Elimas
3187 2226 3458 2282 resistere
3486 2227 3710 2282 sanctis
3739 2243 3874 2298 apo-

2228 2321 2418 2389 stolis,
2443 2319 2596 2375 sicut
2625 2317 2901 2384 diximus,
2925 2333 3034 2372 sua
3061 2315 3328 2372 doctrina
3354 2319 3413 2371 et
3440 2315 3750 2388 sapientia,
3773 2317 3874 2372 sed

2228 2407 2599 2466 condemnati
2621 2409 2763 2463 sunt
2783 2406 2856 2461 ab
2875 2405 2960 2462 eis
2981 2410 3038 2462 et
3053 2404 3358 2478 dijudicati
3378 2422 3493 2460 non
3504 2421 3642 2460 vera
3661 2403 3871 2460 dicere.

2227 2500 2322 2557 Sic
2337 2496 2709 2564 Hilarius,sie
2723 2493 3200 2568 Augustinus,sic
3217 2493 3690 2567 Hieronymus,et
3705 2493 3876 2549 Atha-

2228 2587 2451 2655 nasius,
2467 2590 2672 2642 contra
2690 2601 2831 2640 vasa
2849 2582 3064 2639 diaboli
3096 2587 3506 2656 pugnaverunt
3525 2585 3651 2638 suis
3671 2582 3874 2654 dispu-

2225 2675 2572 2735 tationibus.
2594 2698 2620 2724 ‹‹
2647 2674 2776 2729 Haec
2799 2678 2884 2729 est
2907 2672 3196 2729 hereditas
3227 2689 3526 2728 servorum
3549 2671 3804 2740 Domini,
3821 2675 3876 2726 et

2219 2764 2456 2840 justitia
2484 2779 2686 2819 eorum
2717 2761 2873 2834 apud
2906 2777 3021 2826 me,
3043 2760 3188 2815 dicit
3215 2759 3520 2840 Dominus.
3540 2782 3568 2809 »
3592 2759 3677 2816 Ne
3703 2765 3873 2833 puta-

2227 2859 2359 2912 rent
2384 2852 2550 2910 electi
2581 2851 2882 2907 incassum
2917 2848 3176 2906 laborem
3208 2847 3514 2922 praesentis
3541 2849 3674 2904 vitae
3704 2847 3874 2904 susti-

2227 2961 2364 3001 nere
2411 2959 2516 3016 pro
2547 2939 2783 2997 nomine
2825 2938 3062 3007 Christi,
3103 2943 3537 3010 consequentur
3585 2937 3873 2994 subinfert

2227 3032 2466 3108 praemia
2485 3029 2984 3086 meritorum.Ha:e
2996 3027 3233 3100 (inquit)
3245 3026 3556 3082 htereditas
3573 3043 3869 3082 servorum

2227 3117 2764 3190 Domini,videlicet
2781 3117 2903 3174 vita
2931 3122 3165 3184 aeterna,
3191 3133 3369 3190 regna
3398 3117 3680 3173 enatorum
3711 3121 3769 3171 et
3793 3132 3871 3171 re-

2144 3193 2189 3261 (ἶ
2224 3210 2466 3268 tributio
2498 3209 2789 3276 laborum,
2812 3223 2940 3278 qua:
2963 3229 2992 3256 «
3025 3205 3210 3262 oculis
3240 3221 3355 3261 non
3387 3205 3551 3272 vidit,
3577 3221 3686 3260 nec
3713 3204 3866 3260 auris

2223 3300 2464 3368 audivit,
2495 3315 2601 3354 nec
2631 3297 2691 3352 in
2722 3313 2822 3352 cor
2850 3293 3108 3351 hominis
3137 3295 3546 3360 ascenderunt,
3570 3311 3702 3366 qua;
3732 3311 3866 3366 prae-

2221 3389 2448 3462 paravit
2487 3387 2643 3443 Deus
2673 3384 3056 3458 diligentibus
3083 3401 3144 3440 se
3176 3385 3222 3456 (Ι
3249 3383 3369 3439 Cor.
3395 3383 3456 3456 1).
3483 3405 3510 3432 »
3531 3383 3601 3438 Et
3630 3382 3755 3438 haec
3780 3387 3866 3438 est

2211 3477 2449 3550 justitia
2477 3492 2680 3532 eorum
2704 3472 2806 3547 qui
2835 3473 2990 3546 apud
3023 3473 3339 3530 Dominum
3369 3477 3529 3540 sunt,
3552 3476 3619 3526 ut
3647 3488 3752 3545 pro
3780 3470 3864 3526 la-

2221 3567 2359 3622 bore
2407 3565 2712 3638 praesentis
2737 3563 2868 3619 vita
2893 3561 3132 3634 praemia
3176 3567 3392 3617 aeterna
3437 3559 3781 3634 percipiant,
3811 3563 3866 3616 et

2220 3671 2480 3728 praesens
2510 3651 2812 3709 tribulatio
2845 3653 3040 3707 futuro
3071 3649 3285 3724 gaudio
3315 3649 3863 3722 comprehendatur.

2852 3739 3086 3796 CAPUT
3126 3740 3240 3796 LV.

2293 3857 2320 3884 «
2345 3833 2562 3890 Omnes
2584 3829 3074 3896 sitientes,venite
3095 3827 3168 3884 ad
3193 3844 3411 3900 aquas;
3434 3833 3492 3884 et
3512 3828 3614 3900 qui
3641 3845 3757 3884 non
3777 3827 3866 3883 ba-

2221 3921 2370 3978 betis
2401 3923 2837 3993 argumentum,
2871 3920 3194 3990 pr0perate,
3219 3915 3394 3972 emite
3424 3921 3482 3972 et
3511 3917 3812 3972 comedite.
3835 3938 3861 3963 ιο

2219 4009 2482 4082 loquitur
2511 4024 2704 4065 sermo
2736 4005 2968 4062 divinus
2997 4003 3347 4078 generaliter
3370 4022 3598 4074 omnes,
3627 4010 3746 4060 tam
3772 4005 3864 4059 Ju-

2220 4099 2374 4154 daeos
2405 4114 2581 4170 quam
2613 4094 2879 4169 gentiles,
2904 4099 2970 4150 ut
2992 4093 3227 4150 veniant
3256 4094 3327 4149 ad
3355 4111 3540 4166 aquas
3562 4094 3859 4158 salutares,

2220 4187 2291 4242 de
2308 4187 2526 4259 quibus
2547 4184 2688 4240 dicit
2707 4183 2854 4240 alios
2877 4183 2936 4238 in
2957 4182 3084 4239 loco
3108 4183 3288 4239 Isaias
3307 4200 3355 4238 ;‹‹
3376 4183 3670 4239 Haurietis
3688 4199 3858 4256 aquas

2219 4277 2279 4332 in
2309 4276 2522 4350 gaudio
2563 4275 2634 4330 de
2674 4273 2936 4329 fontibus
2974 4272 3290 4329 Salvatoris
3311 4273 3439 4344 (Isa.
3457 4274 3618 4347 1:11).»
3639 4273 3776 4330 Sitis
3802 4272 3856 4326 in

2219 4365 2328 4421 hoc
2359 4363 2484 4421 loco
2503 4360 2890 4436 spiritualiter
2919 4361 3300 4436 intelligenda
3317 4366 3425 4430 est,
3450 4367 3508 4418 et
3528 4379 3686 4436 aqua
3703 4358 3860 4434 spiri-

2217 4453 2416 4522 tualis,
2443 4453 2512 4510 de
2543 4469 2661 4524 qua
2691 4467 2844 4522 aqua
2891 4450 3178 4507 Dominus
3227 4451 3287 4506 in
3335 4450 3648 4524 Evangelio
3678 4450 3811 4505 dicit
3838 4463 3853 4502 :

457 4533 516 4629 et
544 4528 932 4629 illas-oportet
980 4547 1074 4586 me
1121 4531 1432 4629 adducere,
1461 4537 1520 4588 et
1549 4551 1748 4629 vocem
1778 4553 2106 4629 meam_au-
2137 4563 2186 4629 Β
2221 4567 2249 4595 ‹‹
2270 4543 2377 4610 Qui
2407 4541 2533 4598 sitit
2559 4539 2754 4629 veniat
2784 4540 2856 4595 ad
2898 4540 2992 4594 me
3022 4545 3079 4596 et
3109 4539 3288 4606 bibat,
3323 4543 3380 4594 et
3409 4539 3480 4594 de
3510 4543 3709 4595 ventre
3735 4540 3858 4629 ejus

456 4617 706 4686 dient,et
722 4621 821 4675 ﬁet
841 4637 1024 4675 unum
1047 4620 1194 4676 ovile
1214 4625 1272 4677 et
1292 4638 1447 4678 unus
1469 4624 2108 4696 pastor(Joan.x).»Hazc

455 4707 487 4762 J
494 4707 642 4763 ιιάωί
657 4707 1130 4780 putantinaniter
1142 4710 1212 4764 ad
1230 4710 1592 4767 Hierusalem
1606 4713 1720 4768 dici
1738 4731 1751 4770 :
1767 4715 1921 4786 quod
1935 4715 2107 4771 multi

457 4813 525 4853 ex
544 4796 821 4868 gentibus
844 4796 963 4852 sint
982 4797 1254 4871 proselyti
1281 4799 1460 4855 futuri
1478 4806 1739 4874 tempore
1759 4803 1970 4859 Christi
1991 4805 2106 4862 sui.

529 4908 557 4936 ‹‹
587 4885 730 4942 Ecce
751 4901 856 4958 ego
879 4886 1067 4942 creavi
1091 4887 1321 4942 fabrum
1343 4889 1680 4946 sufﬂantem
1713 4893 1773 4947 in
1804 4892 1936 4966 igne
1968 4910 2107 4965 pru-

458 4991 586 5042 nas,
619 4978 676 5031 et
706 4975 1093 5046 proferentem
1127 4994 1228 5031 vas
1260 4977 1319 5032 in
1351 4995 1499 5050 opus
1544 4997 1742 5035 suum.
1777 5004 1805 5032 »
1854 4982 2108 5038 Fabrum

456 5061 569 5119 isto
600 5062 660 5118 in
691 5061 816 5120 loco
845 5063 1100 5136 appellat
1129 5064 1430 5121 diabolum
1458 5065 1820 5124 inventorem
1842 5071 2109 5127 omnium

457 5150 835 5218 malorum,et
861 5153 1262 5209 fabricatorem
1296 5154 1478 5210 totius
1507 5154 1742 5210 malitia:
1765 5163 1821 5212 et
1843 5158 1902 5213 in
1926 5159 2112 5230 quita-

456 5241 678 5308 tis,non
695 5241 850 5313 quod
875 5241 1029 5296 Deus
1048 5242 1419 5314 omnipotens
1435 5249 1721 5316 quantum
1740 5247 1810 5300 ad
1836 5253 2108 5306 naturam

457 5328 710 5402 pertinet
742 5327 964 5385 malum
996 5331 1275 5386 creaverit
1303 5331 1492 5399 illum,
1527 5332 1629 5388 sed
1677 5333 1773 5390 ille
1820 5353 1926 5392 suo
1968 5337 2106 5394 vitio

458 5415 651 5473 malus
684 5418 945 5487 eﬁ‘eetus,
979 5419 1226 5475 fabricat
1255 5419 1512 5493 quotidie
1545 5438 1712 5478 arma
1749 5423 2103 5497 iniquitatis.

458 5503 567 5562 Per
581 5504 778 5577 ignem
793 5511 851 5563 ct
865 5523 1088 5580 prunas
1107 5507 1388 5565 debemus
1409 5509 1731 5586 intelligere
1753 5512 2104 5573 incentivam

455 5590 735 5652 vitiorum
761 5593 1088 5670 libidinem,
1123 5597 1354 5676 aliaque
1372 5603 1628 5674 peccata,
1662 5604 1720 5660 et
1745 5605 2103 5678 persecutio-

2217 4631 2403 4687 ﬁuent
2442 4647 2607 4701 aqua:
2653 4627 2792 4684 viva:
2820 4630 3004 4697 (Joan.
3026 4631 3150 4697 v11).
3179 4650 3206 4676 ››
3230 4629 3666 4700 Consequenter
3706 4625 3856 4682 enim

2217 4717 2588 4792 Evangelista
2610 4715 2922 4772 declaravit
2941 4717 3083 4788 quid
3117 4715 3260 4772 illud
3300 4715 3728 4790 signiﬁcaverit,
3749 4713 3856 4770 hoc

2217 4809 2515 4880 (inquens)
2533 4805 2676 4862 dixit
2700 4806 2771 4860 de
2798 4805 3016 4877 Spiritu
3042 4822 3216 4877 quem
3239 4805 3533 4878 accepturi
3555 4809 3716 4860 erant
3737 4819 3857 4858 cre-

2217 4898 2424 4954 dentes
2447 4897 2505 4950 in
2529 4893 2918 4950 eum.0mnes
2941 4892 3226 4964 sitientes,
3250 4894 3308 4948 id
3331 4898 3422 4950 est
3440 4892 3858 4956 desiderantes,

2219 4986 2337 5041 sive
2350 4988 2676 5058 quaerentes
2694 4981 2996 5038 scientiam
3010 4981 3234 5038 Veteris
3251 4999 3318 5038 ac
3330 4980 3470 5038 Novi
3484 4977 3855 5045 Testamenti,

2215 5074 2406 5129 venite
2438 5072 2509 5126 ad
2555 5088 2740 5143 aquas
2787 5071 3180 5143 baptismatis,
3204 5070 3294 5126 vel
3324 5071 3393 5126 ad
3429 5070 3586 5126 dona
3615 5067 3857 5142 Spiritus

2218 5160 2512 5218 sancti.Et
2533 5160 2630 5232 qui
2658 5177 2773 5215 non
2805 5158 3034 5215 habetis
3055 5164 3384 5232 argentum,
3409 5157 3520 5215 hoc
3549 5163 3637 5215 est
3664 5155 3856 5213 divina

2216 5249 2468 5324 eloquia,
2483 5249 2552 5304 de
2576 5249 2793 5320 quibus
2810 5247 2951 5304 dicit
2974 5247 3285 5304 Psalmista
3302 5264 3351 5304 :«
3366 5245 3612 5322 Eloquia
3630 5243 3852 5303 Domini

2215 5339 2449 5412 eloquia
2470 5342 2634 5394 casta
2654 5342 2964 5410 argentum
2984 5338 3296 5410 probatum
3314 5337 3486 5407 (Psal.
3504 5338 3638 5410 11),»
3661 5349 3856 5410 propo-

2213 5434 2336 5485 rate
2365 5428 2481 5484 cito
2505 5427 2701 5483 venire
2727 5427 2800 5484 ad
2834 5427 3008 5483 ﬁdem
3032 5427 3470 5494 meam.Emite,
3495 5426 3647 5483 dona
3674 5420 3853 5496 Spiri—

2211 5521 2309 5574 tus
2329 5516 2516 5574 sancti
2539 5519 2596 5572 et
2616 5533 2832 5589 aquam
2854 5513 3248 5588 baptismatis,
3269 5533 3387 5574 non
3405 5515 3592 5589 pretio
3613 5511 3734 5571 auri
3750 5514 3858 5568 aut

2211 5605 2438 5682 argenti
2479 5603 2570 5665 vel
2628 5604 2825 5682 aliquo
2871 5603 3303 5682 hujuscemodi,
3335 5605 3440 5666 sed
3487 5602 3763 5666 credendo
3788 5599 3860 5663 et
