4106 6190
302 350 454 431 tom

1347 376 1750 437 COMMENT.
1800 378 1877 437 IN
1925 350 2218 441 ιξςΑιζωΞί.
2253 395 2330 427 -;
2372 384 2519 445 LIB.
2570 386 2673 446 III.

3560 361 3713 461 1062

301 500 451 601 bene
464 501 733 601 vivendo.
758 503 1136 601 Etcomedite
1158 502 1348 579 ipsam
1374 525 1609 580 aquam,
1631 502 1955 566 doctrinam
1988 515 2036 579 Α
2069 514 2422 589 gentiam,et
2443 519 2726 577 eomedite
2753 520 2993 592 benum,
3010 522 3118 581 hoc
3142 530 3231 581 est
3260 514 3530 601 integrite
3551 522 3713 600 Chri-

300 587 526 649 scilicet
578 588 955 672 spiritiialum
985 594 1075 672 vel
1107 595 1261 652 dona
1309 598 1568 670 Spiritus
1613 599 1821 668 sancti,
1857 596 1958 655 ad;

300 682 535 752 diendo,
559 680 827 756 legendo,
856 666 1214 771 meditando,
1237 666 1411 771 corde
1454 686 1781 743 retinendo.
1807 666 1957 755 Quo-

299 768 475 827 mOdo
504 788 641 845 ergo
667 780 988 845 poSsumus
1008 766 1222 845 aquam
1247 766 1588 832 comedere?
1612 777 1789 832 Sacra
1811 777 1957 832 Scri-

301 865 473 937 ptura
493 860 851 934 quibusdam
882 862 943 916 in
974 860 1120 919 locis
1151 867 1240 920 est
1269 864 1827 938 cibus,quibusdam
1861 882 1957 938 po-

299 942 415 1007 tus.
443 948 791 1024 Ubicunque
824 946 958 1007 cum
992 948 1339 1009 difﬁcultate
1370 955 1616 1026 capitur,
1646 955 1814 1011 cibus
1845 959 1952 1022 est,

297 1038 405 1095 Ubi
439 1056 572 1095 vero
614 1034 844 1096 facilem
894 1040 1071 1097 habet
1108 1034 1587 1115 intelligentiam,
1620 1048 1795 1115 potus
1841 1047 1951 1098 est.

300 1152 321 1177 ι
346 1127 607 1194 Venite,»
635 1146 668 1185 o
699 1126 946 1201 gentiles
976 1129 1199 1203 populi,
1224 1136 1282 1186 et
1312 1148 1515 1187 omnes
1549 1131 1648 1204 qui
1677 1129 1953 1205 indigetis

294 1215 525 1289 eloquis
538 1216 768 1274 Veteris
788 1222 845 1274 et
858 1212 1001 1275 Novi
1020 1212 1434 1288 Testamenti,‘«
1457 1224 1513 1276 et
1534 1220 1709 1276 emite
1731 1212 1952 1293 absque

295 1300 560 1378 argento,
576 1309 634 1361 et
648 1305 871 1380 absque
888 1302 1009 1363 ulla
1025 1301 1707 1378 commutatione,vinum
1727 1314 1783 1365 et
1801 1309 1949 1366 lac.»

294 1393 595 1466 Sapientia
624 1392 891 1453 humana
925 1396 1116 1469 pretio
1148 1413 1181 1453 a
1218 1396 1586 1471 philosophis
1625 1399 1947 1466 emebatur,

293 1484 393 1539 sed
428 1482 710 1557 apostolis
741 1484 965 1541 dictum
998 1490 1089 1541 est
1111 1502 1160 1541 :u
1186 1486 1379 1542 Gratis
1413 1487 1743 1560 accepistis,
1766 1488 1949 1561 gratis

293 1572 429 1628 date
449 1572 656 1644 (Matth.
680 1576 795 1643 x).p
820 1568 1037 1630 Vinum
1070 1591 1206 1648 ergo
1248 1566 1417 1632 n'bbis
1449 1577 1549 1632 dat
1588 1594 1755 1632 saera
1794 1576 1947 1633 Scri-

286 1666 483 1733 ptura,
509 1678 643 1719 cum
667 1654 846 1719 dicit:
874 1687 900 1714 «
925 1663 1076 1719 Audi
1107 1664 1305 1735 Israel,
1332 1655 1611 1722 Dominus
1633 1664 1786 1722 Deus
1806 1670 1947 1721 tuus

286 1750 443 1807 Deus
473 1768 631 1807 unus
661 1757 751 1808 est
790 1742 982 1824 (Exod.
1005 1752 1120 1825 xx).
1147 1754 1262 1809 »Εἰ
1310 1752 1455 1809 illud
1505 1755 1788 1811 Joannis:
1816 1780 1843 1805 ‹‹
1883 1757 1944 1813 in

283 1839 577 1912 principia
599 1844 722 1896 erat
739 1840 1054 1897 Verbum.»
1069 1842 1181 1898 Lac
1199 1859 1331 1898 vero
1356 1843 1525 1900 nobis
1548 1843 1941 1911 administrat,

282 1944 419 1983 cum
443 1922 586 1995 dieit
605 1946 653 1984 ;‹‹
674 1929 799 1986 Non
823 1930 1073 1997 occides,
1092 1948 1208 1987 non
1232 1930 1652 2002 adulterabis,»
1665 1937 1721 1989 et
1741 1938 1949 1989 caetera

280 2016 649 2088 hujusmodi.
674 2014 743 2073 Et
787 2035 891 2091 per
918 2018 1119 2075 vinum
1153 2014 1534 2093 intelligenda
1566 2026 1705 2077 sunt
1735 2039 1948 2078 arcana

280 2105 613 2162 divinorum
666 2105 1056 2180 eloquiorum,
1087 2125 1191 2180 per
1244 2109 1333 2165 lac
1382 2109 1630 2181 simplex
1680 2111 1947 2166 doctrina

280 2192 409 2266 quae
442 2195 713 2251 convenit
743 2195 1123 2268 parvulorum
1158 2197 1314 2265 ﬁdei,
1344 2198 1498 2254 sicut
1519 2198 1833 2271 Apostolus
1864 2198 1947 2254 di-

280 2284 399 2338 cit:
430 2306 458 2333 ‹‹
485 2284 597 2340 Lac
626 2285 790 2341 vobis
835 2292 1041 2358 potum
1075 2286 1203 2342 dedi
1249 2304 1364 2342 non
1411 2302 1630 2357 escam,
1682 2288 1942 2343 nondum

282 2372 441 2427 enim
475 2373 774 2445 poteratis.
804 2395 832 2422 »

354 2483 382 2510 «
408 2462 595 2526 Quare
617 2456 948 2534 a‘ppenditis
972 2466 1282 2537 argentum
1306 2480 1422 2519 non
1458 2464 1517 2519 in
1550 2464 1858 2537 panibus,»
1885 2466 1941 2521 id

283 2554 398 2620 est,
420 2566 537 2604 non
558 2549 617 2605 in
648 2550 932 2608 doctrinis
964 2551 1396 2625 spiritualibus,
1424 2578 1449 2603 ‹‹
1476 2559 1532 2608 et
1561 2553 1818 2610 laborem
1848 2572 1943 2610 ve-

286 2640 480 2692 strum
513 2634 629 2694 neu
653 2638 710 2694 in
741 2640 1131 2697 saturitate?»
1156 2638 1423 2713 Increpat
1447 2641 1620 2697 modo
1644 2642 1866 2698 scribas
1889 2646 1946 2698 et

285 2723 631 2797 Pharisaeos,
647 2727 1065 2803 hzereticosque
1089 2746 1155 2785 ac
1177 2729 1560 2803 philosophos
1581 2726 1866 2804 gentium,
1887 2736 1944 2786 et

284 2830 491 2871 omnes
504 2815 605 2888 qui
622 2815 856 2873 illorum
879 2835 1182 2891 perversas
1196 2819 1493 2875 doctrinas
1518 2819 1944 2892 simulatasque

284 2900 635 2961 traditiones
668 2912 1186 2980 sectantur,quare
1216 2909 1546 2980 expendant
1578 2908 1700 2965 sive
1729 2925 1942 2965 consu-

284 2997 453 3048 mant
471 2991 719 3050 nitorem
743 2993 1086 3068 eloquentiae
1120 2996 1178 3052 in
1213 2996 1521 3070 superﬁcie
1543 2997 1772 3063 litterae,
1798 3000 1854 3052 et
1884 2997 1942 3052 in

283 3082 549 3140 humana
568 3084 855 3157 sapientia
872 3086 935 3140 in
954 3086 1171 3159 quibus
1195 3100 1308 3142 non
1336 3086 1623 3160 reperitur
1642 3087 1814 3160 panis
1831 3084 1945 3160 spi-

282 3170 536 3241 ritualis,
562 3173 632 3229 de
657 3190 773 3246 quo
800 3179 1099 3231 saturetur
1129 3176 1347 3242 anima,
1373 3175 1483 3231 hoc
1505 3180 1593 3231 est
1615 3174 1943 3248 spiritualis

2068 606 2224 658 stum
2248 610 2398 661 recte
2420 609 2706 665 credendo
2728 614 2785 665 et
2804 611 2949 667 bene
2967 612 3228 682 vivendo,
3243 615 3341 686 qui
3365 617 3574 672 dixitzu
3597 618 3715 692 Ego

2067 707 2199 747 sum
2232 699 2433 765 pastor
2479 696 2669 753 bonus
2691 700 2867 768 (Joan.
2892 704 2970 770 Χ).
2999 724 3025 750 ››
3050 702 3153 757 Vel
3184 702 3360 769 etiam
3396 704 3716 776 'intelligite

2066 782 2122 833 et
2144 782 2425 853 percipite
2447 784 2940 852 bonum,verbum
2964 784 3280 865 Evangelii.
3296 791 3375 846 De
3399 782 3513 863 quo
3535 789 3687 865 etiaq’

2065 867 2281 923 dicitur
2305 887 2316 925 :
2344 896 2371 921 ‹‹
2397 872 2660 941 Domine,
2685 892 2876 932 nonne
2900 877 3118 934 bonum
3150 870 3673 951 semenseminasti

2064 955 2268 1024 (Matth.
2293 965 2470 1028 xm).-
2500 963 2569 1017 Et
2590 961 2975 1021 delectabitur
3004 966 3061 1021 in
3095 967 3485 1024 crassitudine
3513 964 3713 1043 anima

2062 1050 2271 1111 vestra,
2300 1047 2357 1101 id
2391 1054 2501 1115 est,
2526 1051 2582 1104 in
2616 1052 2930 1110 virtutibus
2960 1060 3017 1110 et
3046 1056 3309 1111 doctrina
3339 1055 3653 1130 spirituali.

2135 1156 2161 1181 ‹‹
2188 1134 2470 1191 Inclinate
2495 1156 2695 1194 aurem
2720 1146 3030 1211 vestram,»
3048 1132 3263 1200 hoc‘est
3290 1144 3592 1202 humiliter
3612 1148 3711 1202 au-

2061 1220 2181 1277 dite
2206 1240 2358 1291 me,«
2379 1230 2437 1281 et
2459 1227 2702 1293 venite,»
2731 1228 3015 1286 subaudis
3038 1232 3109 1286 ad
3141 1250 3254 1303 me,
3280 1252 3393 1290 non
3432 1232 3585 1305 loco,
3605 1233 3706 1311 sed

2061 1313 2288 1383 merito,
2315 1319 2469 1370 recte
2501 1316 2809 1385 credendo,
2833 1321 2891 1373 et
2921 1319 3065 1375 bene
3084 1320 3347 1377 vivendo.
3371 1345 3398 1373 «
3422 1324 3651 1391 Audite,
3674 1346 3703 1375 »

2057 1398 2117 1454 id
2146 1405 2235 1456 est
2264 1402 2492 1459 obedite
2522 1405 2714 1461 verbis
2746 1406 2912 1475 meis,
2937 1432 2963 1457 ‹‹
2989 1412 3046 1464 et
3072 1407 3222 1464 vivet
3241 1397 3439 1466 anima
3456 1396 3706 1485 vestra,»

2057 1488 2364 1557 subaudis,
2396 1491 2456 1546 in
2487 1492 2603 1548 vita
2634 1498 2848 1549 aeterna
2879 1494 3148 1552 habendo
3187 1497 3247 1552 in
3290 1515 3351 1554 se
3390 1498 3573 1554 Deum
3606 1488 3707 1571 qui

2057 1582 2293 1648 praestat
2322 1579 2498 1635 vitam
2531 1581 2590 1636 in
2623 1599 2686 1637 se
2714 1580 3110 1641 credentibus.
3140 1609 3160 1635 α
3189 1586 3257 1640 Et
3287 1586 3491 1642 feriam
3516 1572 3710 1663 vobis.-

2057 1683 2191 1721 cum
2221 1672 2459 1740 pactum
2491 1670 2939 1743 sempiternum,
2973 1673 3405 1731 misericordias
3435 1672 3613 1731 David
3647 1674 3709 1731 fi-

2055 1754 2272 1811 delos.»
2286 1758 2377 1814 Ad
2397 1758 2631 1815 Judzeos
2652 1758 2913 1833 loquitur
2934 1763 3067 1818 ista.
3093 1762 3285 1819 Ferirc
3308 1752 3559 1835 dicimus
3581 1781 3707 1838 per-

2056 1846 2274 1900 outere.
2304 1845 2467 1902 Unde
2511 1846 2726 1903 dicitur
2757 1866 2806 1905 ;‹‹
2837 1850 3129 1907 Percussit
3171 1851 3464 1908 Abraham
3516 1852 3704 1917 fcedus

2057 1930 2209 2002 (Gen.
2231 1935 2362 2003 1.1),»
2387 1931 2442 1989 id
2472 1938 2559 1989 est
2590 1934 2841 1991 hostiam
2875 1953 2979 2010 pro
3000 1938 3213 1994 fccdere
3241 1944 3298 1995 et
3326 1943 3516 2012 pacto.
3542 1939 3705 2011 Sicut

2056 2017 2271 2091 legitur
2289 2020 2348 2076 in
2365 2021 2555 2102 Veteri
2567 2024 3105 2099 Testamento,quia
3116 2024 3401 2084 Dominus
3418 2029 3705 2103 sanguine

2057 2106 2694 2177 hircorum,vitulorum
2706 2156 2719 2181 ,
2734 2116 2790 2171 et
2811 2131 3118 2187 agnorum,
3134 2117 3498 2172 conﬁrmavit
3515 2112 3704 2174 fwdus

2055 2198 2210 2268 quod
2241 2200 2533 2270 percussit
2561 2217 2695 2255 cum
2728 2201 2866 2258 ﬁliis
2898 2203 3094 2271 Israel,
3119 2205 3267 2260 dans
3299 2205 3384 2261 eis
3416 2196 3700 2278 legitima.

2056 2286 2266 2340 Fcedus
2291 2288 2446 2359 quod
2480 2289 2699 2361 pepigit
2718 2290 3024 2347 nobiscum
3045 2291 3105 2346 in
3127 2293 3282 2349 Novo
3305 2294 3701 2350 Testamento.

2054 2366 2341 2447 sanguine
2374 2376 2501 2431 Filii
2535 2378 2625 2432 sui
2668 2379 3054 2449 confirmavit,
3081 2382 3314 2453 quando
3346 2380 3505 2453 dedit
3535 2381 3705 2437 nobis

2053 2462 2648 2537 EvangelianrQuare
2671 2473 2866 2523 autem
2887 2468 3083 2545 dicit,«
3103 2475 3160 2524 et
3183 2469 3385 2525 feriam
3404 2464 3704 2527 Vobiscum

2053 2558 2289 2624 pactum
2327 2556 2811 2627 sempiternum,»
2834 2574 2968 2612 cum
2992 2557 3136 2612 illud
3170 2576 3285 2613 non
3316 2558 3708 2631 permanserit

2055 2640 2408 2697 aeternaliter
2438 2660 2574 2698 cum
2622 2643 2777 2699 illis?
2808 2646 2917 2701 Sed
2972 2645 3279 2701 sciendum
3325 2652 3436 2715 est,
3469 2647 3607 2720 quia
3636 2648 3706 2703 de

2054 2729 2244 2803 gratia
2276 2731 2416 2785 Novi
2440 2732 2796 2788 Tcstamenti
2820 2734 2979 2788 dicit.
3002 2734 3115 2789 Lex
3145 2735 3301 2801 enim
3324 2739 3381 2790 et
3408 2735 3703 2811 prophetae

2053 2820 2239 2889 nsque
2278 2819 2350 2873 ad
2400 2819 2708 2888 Joannem,
2739 2838 2806 2876 ex
2850 2838 2916 2877 eo
2963 2840 3211 2896 regnum
3261 2822 3357 2878 Dei
3388 2821 3592 2893 (Matth.
3618 2825 3701 2892 ιι),

2054 2905 2112 2960 id
2147 2910 2235 2962 est
2263 2906 2640 2980 Evangelium
2672 2910 3076 2978 annuntiatur,
3102 2911 3256 2985 quod
3278 2899 3704 2985 Sempiternum

2053 2994 2270 3049 dicitur
2301 3012 2450 3061 esse,
2476 2997 2616 3068 quia
2648 3015 2760 3054 nou
2794 2998 3064 3054 succedet
3102 2999 3153 3054 ei
3195 2997 3377 3056 altera
3403 2999 3514 3055 lex.
3539 2996 3707 3067 Unde

2054 3088 2112 3139 et
2160 3084 2521 3150 Joannes.in
2567 3085 2913 3160 Apocalypsi
2965 3104 3091 3157 sua,
3144 3086 3305 3143 dicit.
3335 3105 3398 3145 se
3432 3109 3458 3142 α
3486 3082 3711 3145 vidisse

2053 3172 2432 3246 Evangelium
2456 3177 2734 3230 aeternum
2756 3175 2936 3247 (Apoc.
2959 3178 3136 3247 xxv).»
3158 3177 3320 3243 Quod
3342 3181 3540 3233 autem
3562 3176 3705 3234 dicit

285 3259 698 3334 intelligentia,
722 3261 823 3318 ubi
856 3266 945 3319 est
976 3264 1231 3338 cognitio
1263 3263 1432 3336 panis
1463 3263 1600 3331 veri,
1627 3264 1726 3336 qui
1753 3264 1937 3319 dixit:
1972 3251 2014 3319 C
2055 3262 2511 3330 misericordias,
2545 3262 2603 3319 id
2649 3267 2739 3320 est
2784 3264 3204 3337 promissiones
3251 3254 3433 3321 David
3480 3254 3703 3337 ﬁdeles,

166 3381 175 3385 -
284 3372 312 3399 «
341 3350 462 3423 Ego
486 3366 619 3406 sum
640 3351 809 3423 panis
831 3352 995 3409 vivus
1017 3352 1198 3435 (Joan.
1221 3351 1344 3426 vn).
1367 3375 1395 3431 »
1414 3354 1737 3425 Argentum
1758 3351 1939 3421 enim,

284 3438 441 3494 sicut
469 3438 603 3494 aliis
630 3438 691 3494 in
722 3438 867 3497 locis
901 3426 1180 3510 diximus,
1214 3426 1506 3514 significat
1545 3441 1795 3497 nitorem
1829 3440 1941 3498 elo-

284 3526 563 3599 quentiae.
588 3527 757 3585 Multi
786 3534 926 3586 sunt
958 3528 1120 3600 (didlt
1151 3531 1356 3586 beatus
1377 3529 1712 3604 Gregorius)
1735 3530 1836 3603 qui
1867 3530 1943 3587 le-

282 3620 434 3689 gunt
448 3616 606 3672 dicta
623 3617 1043 3691 prOphetarum
1063 3618 1430 3693 aliarumque
1449 3620 1779 3676 divinarum
1795 3621 1943 3677 Scri-

284 3707 724 3777 pturarum,sed
757 3723 871 3763 non
903 3708 1205 3780 reperiunt
1236 3708 1295 3763 iu
1318 3707 1402 3763 eis
1433 3724 1615 3781 panes
1637 3726 1703 3764 ex
1725 3694 1942 3782 quibus

282 3795 357 3850 a'd
380 3794 750 3851 saturitatem
770 3796 1277 3869 perveniant,quia
1294 3797 1661 3853 solummodo
1683 3795 1941 3852 litteram

282 3883 597 3957 requirunt
618 3900 744 3956 qua:
769 3884 1076 3953 occidit,et
1098 3884 1463 3956 spiritualem
1493 3883 1941 3957 intelligentiam

281 3971 497 4027 nolunt
518 3972 854 4045 perquirere
875 3989 1001 4045 qua:
1018 3972 1294 4041 viviﬁcat,
1312 3976 1368 4029 et
1389 3973 1487 4028 ubi
1510 3972 1833 4045 spiritualis
1854 3978 1944 4030 est

278 4060 457 4133 panis
482 4077 600 4133 quo
623 4060 821 4117 anima
841 4065 1143 4118 saturatur
1157 4062 1207 4133 (I
1222 4064 1346 4121 Cor.
1368 4061 1740 4130 m).Gentiles
1761 4061 1940 4117 etiam

282 4150 491 4223 legunt
512 4150 806 4207 humanos
823 4149 1025 4217 libros,
1042 4150 1416 4224 multumque
1434 4150 1513 4205 ibi
1530 4151 1797 4207 laborant
1813 4167 1945 4206 con-

279 4240 577 4296 sumendo
627 4239 880 4297 nitorem
929 4238 1293 4313 eloquentiae,
1323 4240 1424 4296 sed
1478 4257 1595 4297 non
1644 4244 1945 4296 merentur

280 4324 707 4401 saturari,quia
728 4327 1053 4401 Spiritualis
1073 4319 1459 4402 intelligentia
1480 4328 1538 4383 in
1561 4328 1678 4384 illis
1698 4328 1944 4384 minime

281 4404 678 4473 continetur.«
703 4408 914 4473 Audite
958 4418 1263 4474 audientes
1302 4421 1487 4487 me,et
1519 4417 1805 4473 comedite
1837 4418 1943 4473 bo-

282 4514 454 4575 rium,
479 4508 539 4561 et
568 4504 952 4562 delectabitur
972 4506 1031 4561 in
1053 4506 1443 4563 crassitudine
1474 4506 1673 4562 anima
1692 4510 1943 4562 vestra.»

282 4596 543 4651 Auditus
565 4594 626 4651 in
654 4610 820 4651 sacro
852 4594 1085 4668 eloquia
1114 4594 1500 4669 spiritualiter
1528 4599 1617 4651 est
1645 4595 1944 4667 requiren-

287 4685 421 4750 dus,
447 4688 512 4738 ut
535 4682 679 4739 illud
705 4700 755 4740 :«
775 4683 883 4750 Qui
905 4684 1080 4739 habet
1102 4698 1272 4740 aures
1296 4685 1495 4740 audiat
1517 4684 1699 4756 (Apoc.
1724 4685 1807 4757 ιι),
1831 4707 1858 4734 ››
1888 4684 1946 4739 id

285 4777 400 4839 est,
424 4772 528 4844 qui
560 4772 737 4828 habet
769 4762 1219 4845 intelligentiam
1249 4773 1482 4841 mentis,
1508 4772 1797 4846 intelligat
1817 4791 1944 4846 quae

286 4860 559 4916 dicturus
581 4877 737 4917 sum.
752 4861 871 4917 Ista
884 4862 1040 4917 enim
1063 4862 1343 4918 comestio
1360 4861 1739 4934 spiritaaliter
1757 4868 1846 4917 est
1865 4880 1947 4918 re-

285 4948 596 5021 quirenda,
614 4949 768 5005 sicut
791 4954 846 5005 et
867 4950 968 5006 illa
988 4951 1058 5007 de
1077 4968 1193 5023 qua
1214 4950 1327 5006 alio
1350 4951 1407 5005 in
1430 4950 1555 5006 loco
1575 4950 1788 5006 dicitur
1811 4969 1856 5006 ξι
1884 4951 1943 5007 Si

284 5036 602 5093 audieritis
634 5055 747 5107 me,
768 5039 923 5095 bona
953 5043 1116 5095 terra:
1147 5041 1466 5096 comedetis
1486 5042 1661 5110 (Deut.
1687 5045 1945 5110 xxvm).»

283 5123 450 5179 Sicut
472 5126 631 5181 enim
656 5144 871 5200 corpus
894 5127 1257 5185 incrassatur
1275 5130 1464 5202 epulis
1488 5129 1841 5197 carnalibus,
1864 5132 1948 5187 ita

282 5211 485 5268 anima
507 5214 768 5271 reficitur
803 5220 861 5271 et
888 5215 1293 5291 impinguatur
1313 5219 1595 5275 doctrinis
1626 5218 1949 5293 Spirituali-

285 5300 404 5357 bus
435 5306 494 5357 et
513 5301 854 5361 virtutibus.
880 5306 957 5361 De
989 5306 1097 5362 hac
1120 5307 1510 5363 crassitudine
1536 5308 1677 5363 dicit
1709 5308 1951 5364 Psalmi-

285 5393 381 5444 sta
401 5405 451 5445 ευ
473 5389 638 5447 Sicut
656 5392 826 5467 adipe
843 5399 901 5451 et
922 5395 1276 5468 pingdedine
1293 5395 1586 5469 repleatur
1603 5396 1801 5452 anima
1822 5414 1952 5453 mea

286 5476 464 5547 (Psal.
493 5484 649 5552 an).
675 5505 703 5532 »
725 5484 794 5540 Et
817 5501 830 5539 :
858 5505 885 5534 ‹‹
911 5484 1300 5558 Impinguasti
1324 5485 1383 5540 in
1406 5484 1531 5542 oleo
1553 5490 1731 5558 caput
1752 5502 1950 5542 meum

287 5568 464 5643 (Psal.
487 5574 648 5642 xxxi).
676 5595 704 5623 »
723 5565 934 5631 Audite
977 5564 1215 5648 (inquit)
1240 5572 1546 5632 audientes
1597 5593 1709 5645 me,
1739 5575 1798 5632 id
1839 5580 1948 5655 est,

289 5655 605 5737 intelligite
626 5675 755 5737 quae
777 5678 883 5737 ego
906 5663 1173 5721 dicturus
1195 5680 1327 5721 sum
1351 5664 1451 5739 qui
1482 5664 1711 5723 habetis
1733 5662 1950 5723 intelli-

628 5788 905 5854 PATROL.
949 5789 1154 5856 CXVI.

2055 3350 2341 3407 subaudis
2363 3346 2733 3408 Conﬂrmabo
2764 3354 3086 3427 vobiscum,
3111 3356 3225 3410 non
3260 3354 3330 3410 de
3360 3348 3540 3421 David
3572 3352 3715 3427 rege

2054 3457 2162 3497 suo
2194 3438 2309 3496 Isai
2343 3439 2792 3513 intelligendum
2823 3445 2934 3514 est,
2957 3441 3059 3498 sed
3092 3443 3164 3498 de
3184 3440 3413 3513 Christo
3442 3436 3503 3498 in
3534 3442 3705 3514 cujus

2055 3527 2307 3602 figuram
2358 3528 2455 3585 ille
2504 3529 2808 3601 processit.
2833 3530 3048 3599 Omnes
3079 3532 3236 3587 enim
3280 3520 3704 3604 promissiones

2056 3630 2182 3691 quae
2212 3617 2285 3674 ad
2319 3617 2498 3672 David
2534 3619 2695 3673 factae
2727 3623 2885 3687 sunt,
2917 3619 2987 3673 de
3016 3618 3246 3674 Christo
3277 3619 3534 3674 fuerunt.

2127 3731 2152 3757 (‹
2188 3707 2333 3761 Ecce
2366 3709 2573 3761 testem
2604 3705 2834 3778 populis
2866 3707 3019 3774 dedi,
3047 3707 3254 3762 ducem
3286 3723 3352 3762 ac
3383 3711 3700 3779 praecepto-

2054 3812 2175 3851 rem
2210 3793 2495 3867 gentium.
2521 3793 2684 3848 »Vox
2714 3793 2815 3849 Dei
2847 3793 3033 3851 Patris
3059 3795 3129 3850 de
3160 3793 3511 3869 Filio,qucm
3544 3792 3703 3858 dedit

2053 3887 2263 3939 testem
2282 3881 2652 3954 populis,hoc
2665 3887 2752 3939 est
2766 3881 2826 3937 in
2839 3883 3132 3938 testimoni
3144 3900 3239 3939 um
3258 3870 3703 3957 populorum,ut

2052 3976 2341 4045 pra-cepta
2376 3970 2534 4026 illius
2556 3976 2730 4044 atque
2751 3971 3028 4028 mandata
3052 3971 3171 4029 illis
3192 3970 3585 4047 annuntiaret,
3601 3964 3700 4047 qui

2055 4060 2123 4117 de
2148 4076 2208 4117 se
2231 4061 2357 4133 ipso
2375 4066 2432 4116 et
2454 4061 2618 4116 Patre
2642 4058 2903 4133 loquitur
2919 4078 2970 4117 ευ
2983 4061 3101 4134 Ego
3124 4063 3195 4118 ad
3218 4062 3325 4118 hoc
3346 4050 3519 4119 natus
3542 4056 3701 4131 Sum,

2054 4154 2121 4205 ut
2144 4149 2550 4205 testimonium
2579 4148 2917 4222 perhibeam
2940 4150 3165 4207 veritati
3188 4154 3375 4221 (Joan.
3393 4148 3609 4226 xviri)»

2052 4237 2201 4294 illud
2228 4255 2275 4293 :«
2302 4238 2539 4310 Oportet
2557 4234 2860 4315 praedicari
2877 4236 3257 4313 Evangeliu'm
3280 4237 3439 4309 istud
3459 4236 3519 4296 in
3542 4239 3704 4298 omni

2054 4327 2214 4394 orbe,
2231 4327 2291 4381 in
2314 4328 2718 4384 testimonium
2737 4328 2965 4385 cunctis
2986 4322 3473 4402 gentibusollatth.
3492 4328 3703 4405 λευκὴ.»

2055 4418 2170 4473 Iste
2201 4420 2291 4472 est
2323 4416 2477 4471 enim
2530 4417 2697 4474 testis
2736 4418 3022 4486 omnium,
3046 4436 3217 4491 quem
3268 4414 3436 4475 Pater
3482 4410 3703 4490 mundo

2006 4506 2015 4513 ’
2055 4504 2328 4580 promisit
2363 4510 2421 4562 et
2458 4506 2746 4580 praestitit.
2772 4507 2900 4579 Ipse
2939 4511 3029 4562 est
3083 4508 3219 4575 dux,
3253 4505 3390 4579 quia
3422 4500 3703 4562 ducat-um

2060 4594 2429 4650 rectitudinis
2449 4592 2697 4666 praebuit
2716 4594 2839 4649 suis
2857 4592 3151 4662 ﬁdelibus,
3165 4601 3223 4650 et
3242 4595 3366 4665 ipse
3387 4586 3706 4649 introducit

2062 4702 2168 4740 nos
2199 4684 2268 4739 de
2299 4684 2548 4739 terrenis
2579 4683 2650 4738 ad
2701 4676 3252 4755 contemplationem
3281 4682 3383 4737 Dei
3431 4682 3620 4738 Patris
3650 4685 3707 4737 et

2057 4791 2249 4841 suam,
2268 4772 2421 4827 sicut
2452 4772 2576 4844 ipse
2598 4770 2737 4826 dicit
2760 4789 2808 4827 τοι
2834 4772 3015 4827 Nemo
3035 4768 3192 4827 venit
3213 4771 3283 4826 ad
3318 4772 3567 4839 Patrem,
3590 4768 3705 4829 nisi

2056 4881 2158 4935 per
2186 4879 2276 4916 me
2298 4866 2482 4932 (Joan.
2502 4860 2676 4933 x1v),»
2705 4862 2833 4934 Ipse
2854 4865 2944 4916 est
2961 4860 3137 4916 etiam
3162 4858 3479 4935 praeceptor
3507 4865 3708 4918 noster

2061 4956 2117 5007 et
2150 4950 2564 5024 magister,qui
2598 4968 2705 5006 nos
2728 4951 2894 5006 docet
2923 4951 3075 5005 viam
3104 4950 3382 5019 veritatis,
3398 4950 3496 5022 qui
3520 4938 3701 5006 dixit:

2061 5064 2087 5091 «
2112 5040 2275 5096 Unus
2307 5044 2397 5095 est
2427 5040 2709 5112 magister
2734 5046 2926 5096 vester
2956 5034 3222 5096 Christus
3242 5030 3443 5113 (Matth.
3467 5030 3648 5112 xxxii).
3677 5061 3705 5088 »

2057 5156 2083 5181 α
2110 5130 2253 5185 Ecce
2285 5134 2491 5203 gentes
2514 5147 2660 5203 quas
2684 5130 2985 5185 nesciebas
3010 5130 3333 5198 vocabis,et
3353 5134 3557 5203 gentes
3577 5118 3709 5201 qua!

2061 5225 2116 5277 te
2141 5237 2255 5275 non
2277 5224 2693 5292 cognoverunt,
2719 5219 2791 5272 ad
2816 5222 2871 5273 te
2891 5212 3180 5274 current.»
3202 5212 3535 5290 Alloquitur
3552 5206 3707 5273 Deus

2060 5310 2228 5364 Pater
2258 5308 2470 5364 Filium
2504 5324 2681 5363 suum
2705 5306 2774 5362 de
2805 5305 3103 5363 vocatione
3126 5306 3388 5380 gentium
3410 5307 3481 5362 ad
3507 5306 3704 5376 ﬁdem,

2061 5401 2117 5453 et
2138 5397 2289 5469 quod
2315 5398 2387 5452 ad
2422 5412 2557 5451 eum
2592 5399 2945 5451 concurrant
2973 5400 3197 5467 gentes,
3222 5413 3348 5469 qua:
3375 5401 3508 5452 ante
3537 5384 3705 5475 illum

2061 5504 2176 5542 non
2210 5486 2642 5558 cognoscebant
2677 5501 2780 5556 per
2826 5475 2999 5541 ﬁdem
3034 5488 3091 5540 et
3136 5478 3531 5542 dilectionem.
3564 5487 3706 5544 Ecce

2062 5573 2294 5653 (inqhit)
2305 5575 2507 5649 gentes
2524 5590 2671 5647 quas
2690 5570 3024 5659 ignorabas,
3040 5577 3275 5659 propter
3290 5560 3703 5659 idololatriani,

2058 5669 2296 5728 vocabis
2327 5683 2362 5725 a
2393 5660 2625 5725 cultura
2653 5658 2801 5722 vana
2822 5663 2894 5721 ad
2916 5654 3093 5723 fidem
3115 5654 3277 5722 tuam
3298 5681 3403 5739 per
3421 5654 3727 5742 apostolo?

3309 5798 3387 5864 32
