  <div class='ocr_page' id='page_1' title='image "/cluster/home/n/w/nwhite01/storage/ocr_20150623/116/hvd.32044054759808/512.png"; bbox 0 0 4046 6188; ppageno 0'>
   <div class='ocr_carea' id='block_1_1' title="bbox 253 338 415 402">
    <p class='ocr_par' dir='ltr' id='par_1_1' title="bbox 253 338 415 402">
     <span class='ocr_line' id='line_1_1' title="bbox 253 338 415 402; baseline -0.019 0"><span class='ocrx_word' id='word_1_1' title='bbox 253 338 415 402; x_wconf 87' lang='grc'><strong>1013</strong></span> 
     </span>
    </p>
   </div>
   <div class='ocr_carea' id='block_1_2' title="bbox 1309 333 2626 406">
    <p class='ocr_par' dir='ltr' id='par_1_2' title="bbox 1309 333 2626 406">
     <span class='ocr_line' id='line_1_2' title="bbox 1309 333 2626 406; baseline 0.004 -7"><span class='ocrx_word' id='word_1_2' title='bbox 1309 334 1717 400; x_wconf 82' lang='lat' dir='ltr'><strong>COMMENT.</strong></span> <span class='ocrx_word' id='word_1_3' title='bbox 1763 335 1839 396; x_wconf 89' lang='grc' dir='ltr'>ΙΝ</span> <span class='ocrx_word' id='word_1_4' title='bbox 1886 333 2280 399; x_wconf 84' lang='lat' dir='ltr'><strong>ISAIAM.—</strong></span> <span class='ocrx_word' id='word_1_5' title='bbox 2324 339 2474 401; x_wconf 88' lang='lat' dir='ltr'><strong>LIB.</strong></span> <span class='ocrx_word' id='word_1_6' title='bbox 2517 340 2626 406; x_wconf 91' lang='lat' dir='ltr'><strong>III.</strong></span> 
     </span>
    </p>
   </div>
   <div class='ocr_carea' id='block_1_3' title="bbox 3507 349 3663 411">
    <p class='ocr_par' dir='ltr' id='par_1_3' title="bbox 3507 349 3663 411">
     <span class='ocr_line' id='line_1_3' title="bbox 3507 349 3663 411; baseline 0 0"><span class='ocrx_word' id='word_1_7' title='bbox 3507 349 3663 411; x_wconf 76' lang='grc'><strong>1014</strong></span> 
     </span>
    </p>
   </div>
   <div class='ocr_carea' id='block_1_4' title="bbox 250 465 3668 546">
    <p class='ocr_par' dir='ltr' id='par_1_4' title="bbox 250 465 3668 546">
     <span class='ocr_line' id='line_1_4' title="bbox 250 465 3668 546; baseline 0.003 -17"><span class='ocrx_word' id='word_1_8' title='bbox 250 475 420 546; x_wconf 85' lang='lat' dir='ltr'><strong>patre</strong></span> <span class='ocrx_word' id='word_1_9' title='bbox 450 467 684 527; x_wconf 84' lang='lat' dir='ltr'><strong>diabolo</strong></span> <span class='ocrx_word' id='word_1_10' title='bbox 714 467 855 525; x_wconf 80' lang='lat' dir='ltr'><strong>estis</strong></span> <span class='ocrx_word' id='word_1_11' title='bbox 887 471 1068 537; x_wconf 83' lang='lat' dir='ltr'><strong>(Joan.</strong></span> <span class='ocrx_word' id='word_1_12' title='bbox 1092 465 1214 541; x_wconf 86' lang='lat' dir='ltr'><strong>vm)</strong></span> <span class='ocrx_word' id='word_1_13' title='bbox 1239 485 1251 525; x_wconf 90' lang='lat'>:</span> <span class='ocrx_word' id='word_1_14' title='bbox 1281 490 1308 518; x_wconf 85' lang='lat'>»</span> <span class='ocrx_word' id='word_1_15' title='bbox 1330 486 1445 525; x_wconf 90' lang='lat' dir='ltr'><strong>non</strong></span> <span class='ocrx_word' id='word_1_16' title='bbox 1478 485 1582 541; x_wconf 86' lang='lat' dir='ltr'><strong>per</strong></span> <span class='ocrx_word' id='word_1_17' title='bbox 1609 473 1901 537; x_wconf 88' lang='lat' dir='ltr'><strong>naturam,</strong></span> <span class='ocrx_word' id='word_1_18' title='bbox 1932 465 1991 535; x_wconf 74' lang='grc' dir='ltr'>Α</span> <span class='ocrx_word' id='word_1_19' title='bbox 2020 470 2075 524; x_wconf 88' lang='lat' dir='ltr'><strong>te</strong></span> <span class='ocrx_word' id='word_1_20' title='bbox 2106 469 2264 544; x_wconf 88' lang='lat' dir='ltr'><strong>regio</strong></span> <span class='ocrx_word' id='word_1_21' title='bbox 2286 478 2644 546; x_wconf 76' lang='lat' dir='ltr'><strong>unguento.»</strong></span> <span class='ocrx_word' id='word_1_22' title='bbox 2670 474 2778 532; x_wconf 89' lang='lat' dir='ltr'><strong>Per</strong></span> <span class='ocrx_word' id='word_1_23' title='bbox 2805 479 3055 533; x_wconf 88' lang='lat' dir='ltr'><strong>stratum</strong></span> <span class='ocrx_word' id='word_1_24' title='bbox 3078 478 3174 536; x_wconf 91' lang='lat' dir='ltr'><strong>hic</strong></span> <span class='ocrx_word' id='word_1_25' title='bbox 3195 479 3479 538; x_wconf 85' lang='lat' dir='ltr'><strong>debemus</strong></span> <span class='ocrx_word' id='word_1_26' title='bbox 3499 480 3668 539; x_wconf 88' lang='lat' dir='ltr'><strong>intel-</strong></span> 
     </span>
    </p>
   </div>
   <div class='ocr_carea' id='block_1_5' title="bbox 250 556 1897 633">
    <p class='ocr_par' dir='ltr' id='par_1_5' title="bbox 250 556 1897 633">
     <span class='ocr_line' id='line_1_5' title="bbox 250 556 1897 633; baseline -0.003 -16"><span class='ocrx_word' id='word_1_27' title='bbox 250 561 354 618; x_wconf 87' lang='lat' dir='ltr'><strong>sed</strong></span> <span class='ocrx_word' id='word_1_28' title='bbox 378 578 482 633; x_wconf 89' lang='lat' dir='ltr'><strong>per</strong></span> <span class='ocrx_word' id='word_1_29' title='bbox 496 557 877 614; x_wconf 91' lang='lat' dir='ltr'><strong>imitationes.</strong></span> <span class='ocrx_word' id='word_1_30' title='bbox 896 556 1188 614; x_wconf 78' lang='lat' dir='ltr'><strong>Scelestus</strong></span> <span class='ocrx_word' id='word_1_31' title='bbox 1204 557 1378 613; x_wconf 91' lang='lat' dir='ltr'><strong>homo</strong></span> <span class='ocrx_word' id='word_1_32' title='bbox 1395 558 1610 613; x_wconf 92' lang='lat' dir='ltr'><strong>dicitur</strong></span> <span class='ocrx_word' id='word_1_33' title='bbox 1625 556 1897 614; x_wconf 84' lang='lat' dir='ltr'><strong>crudelis.</strong></span> 
     </span>
    </p>
   </div>
   <div class='ocr_carea' id='block_1_6' title="bbox 246 644 1901 718">
    <p class='ocr_par' dir='ltr' id='par_1_6' title="bbox 246 644 1901 718">
     <span class='ocr_line' id='line_1_6' title="bbox 246 644 1901 718; baseline -0.002 -13"><span class='ocrx_word' id='word_1_34' title='bbox 246 649 323 706; x_wconf 89' lang='lat' dir='ltr'><strong>Et</strong></span> <span class='ocrx_word' id='word_1_35' title='bbox 344 648 430 703; x_wconf 87' lang='lat' dir='ltr'>illi</span> <span class='ocrx_word' id='word_1_36' title='bbox 452 646 769 703; x_wconf 81' lang='lat' dir='ltr'><strong>crudeliter</strong></span> <span class='ocrx_word' id='word_1_37' title='bbox 788 662 855 700; x_wconf 92' lang='lat' dir='ltr'><strong>ac</strong></span> <span class='ocrx_word' id='word_1_38' title='bbox 876 644 1144 716; x_wconf 75' lang='lat' dir='ltr'><strong>nequiter</strong></span> <span class='ocrx_word' id='word_1_39' title='bbox 1162 647 1431 717; x_wconf 78' lang='lat' dir='ltr'><strong>agebant,</strong></span> <span class='ocrx_word' id='word_1_40' title='bbox 1447 648 1681 718; x_wconf 85' lang='lat' dir='ltr'><strong>quando</strong></span> <span class='ocrx_word' id='word_1_41' title='bbox 1704 645 1901 702; x_wconf 90' lang='lat' dir='ltr'><strong>relicto</strong></span> 
     </span>
    </p>
   </div>
   <div class='ocr_carea' id='block_1_7' title="bbox 246 731 1902 801">
    <p class='ocr_par' dir='ltr' id='par_1_7' title="bbox 246 731 1902 801">
     <span class='ocr_line' id='line_1_7' title="bbox 246 731 1902 801; baseline -0.002 -8"><span class='ocrx_word' id='word_1_42' title='bbox 246 735 370 793; x_wconf 91' lang='lat' dir='ltr'><strong>Deo</strong></span> <span class='ocrx_word' id='word_1_43' title='bbox 393 752 528 791; x_wconf 91' lang='lat' dir='ltr'><strong>vero</strong></span> <span class='ocrx_word' id='word_1_44' title='bbox 560 733 732 790; x_wconf 84' lang='lat' dir='ltr'><strong>idolis</strong></span> <span class='ocrx_word' id='word_1_45' title='bbox 761 732 1111 801; x_wconf 81' lang='lat' dir='ltr'><strong>serviebant,</strong></span> <span class='ocrx_word' id='word_1_46' title='bbox 1136 736 1192 788; x_wconf 91' lang='lat' dir='ltr'><strong>et</strong></span> <span class='ocrx_word' id='word_1_47' title='bbox 1213 731 1324 788; x_wconf 89' lang='lat' dir='ltr'><strong>diis</strong></span> <span class='ocrx_word' id='word_1_48' title='bbox 1356 732 1561 790; x_wconf 87' lang='lat' dir='ltr'><strong>alienis</strong></span> <span class='ocrx_word' id='word_1_49' title='bbox 1584 733 1734 790; x_wconf 91' lang='lat' dir='ltr'><strong>ﬁlios</strong></span> <span class='ocrx_word' id='word_1_50' title='bbox 1762 750 1902 790; x_wconf 92' lang='lat' dir='ltr'><strong>suos</strong></span> 
     </span>
    </p>
   </div>
   <div class='ocr_carea' id='block_1_8' title="bbox 246 821 1901 894">
    <p class='ocr_par' dir='ltr' id='par_1_8' title="bbox 246 821 1901 894">
     <span class='ocr_line' id='line_1_8' title="bbox 246 821 1901 894; baseline -0.002 -14"><span class='ocrx_word' id='word_1_51' title='bbox 246 823 664 880; x_wconf 79' lang='lat' dir='ltr'><strong>immolabant.</strong></span> <span class='ocrx_word' id='word_1_52' title='bbox 697 822 908 878; x_wconf 87' lang='lat' dir='ltr'><strong>Semen</strong></span> <span class='ocrx_word' id='word_1_53' title='bbox 941 821 1191 877; x_wconf 82' lang='lat' dir='ltr'><strong>mendax</strong></span> <span class='ocrx_word' id='word_1_54' title='bbox 1218 826 1403 887; x_wconf 89' lang='lat' dir='ltr'><strong>erant,</strong></span> <span class='ocrx_word' id='word_1_55' title='bbox 1438 822 1575 894; x_wconf 84' lang='lat' dir='ltr'><strong>quia</strong></span> <span class='ocrx_word' id='word_1_56' title='bbox 1604 822 1901 878; x_wconf 90' lang='lat' dir='ltr'><strong>diabolum</strong></span> 
     </span>
    </p>
   </div>
   <div class='ocr_carea' id='block_1_9' title="bbox 246 909 1905 984">
    <p class='ocr_par' dir='ltr' id='par_1_9' title="bbox 246 909 1905 984">
     <span class='ocr_line' id='line_1_9' title="bbox 246 909 1905 984; baseline -0.001 -15"><span class='ocrx_word' id='word_1_57' title='bbox 246 912 661 978; x_wconf 83' lang='lat' dir='ltr'><strong>imitabantur,</strong></span> <span class='ocrx_word' id='word_1_58' title='bbox 689 910 788 984; x_wconf 90' lang='lat' dir='ltr'><strong>qui</strong></span> <span class='ocrx_word' id='word_1_59' title='bbox 814 914 904 967; x_wconf 90' lang='lat' dir='ltr'><strong>est</strong></span> <span class='ocrx_word' id='word_1_60' title='bbox 934 910 1188 965; x_wconf 87' lang='lat' dir='ltr'><strong>mandax</strong></span> <span class='ocrx_word' id='word_1_61' title='bbox 1206 909 1381 982; x_wconf 90' lang='lat' dir='ltr'><strong>(sicut</strong></span> <span class='ocrx_word' id='word_1_62' title='bbox 1410 911 1695 968; x_wconf 87' lang='lat' dir='ltr'><strong>Dominus</strong></span> <span class='ocrx_word' id='word_1_63' title='bbox 1725 912 1827 980; x_wconf 86' lang='lat' dir='ltr'><strong>ait)</strong></span> <span class='ocrx_word' id='word_1_64' title='bbox 1848 915 1905 968; x_wconf 90' lang='lat' dir='ltr'><strong>et</strong></span> 
     </span>
    </p>
   </div>
   <div class='ocr_carea' id='block_1_10' title="bbox 247 997 1900 1076">
    <p class='ocr_par' dir='ltr' id='par_1_10' title="bbox 247 997 1900 1076">
     <span class='ocr_line' id='line_1_10' title="bbox 247 997 1900 1076; baseline -0.001 -19"><span class='ocrx_word' id='word_1_65' title='bbox 247 1006 421 1076; x_wconf 89' lang='lat' dir='ltr'><strong>pater</strong></span> <span class='ocrx_word' id='word_1_66' title='bbox 444 1002 592 1074; x_wconf 86' lang='lat' dir='ltr'><strong>ejus,</strong></span> <span class='ocrx_word' id='word_1_67' title='bbox 628 1000 687 1055; x_wconf 91' lang='lat' dir='ltr'><strong>id</strong></span> <span class='ocrx_word' id='word_1_68' title='bbox 726 1003 835 1067; x_wconf 89' lang='lat' dir='ltr'><strong>est,</strong></span> <span class='ocrx_word' id='word_1_69' title='bbox 870 997 1181 1068; x_wconf 86' lang='lat' dir='ltr'><strong>mendacii,</strong></span> <span class='ocrx_word' id='word_1_70' title='bbox 1206 1003 1371 1071; x_wconf 90' lang='lat' dir='ltr'><strong>pater</strong></span> <span class='ocrx_word' id='word_1_71' title='bbox 1417 1004 1475 1055; x_wconf 89' lang='lat' dir='ltr'><strong>et</strong></span> <span class='ocrx_word' id='word_1_72' title='bbox 1521 1005 1725 1056; x_wconf 87' lang='lat' dir='ltr'><strong>auctor</strong></span> <span class='ocrx_word' id='word_1_73' title='bbox 1752 1001 1900 1071; x_wconf 83' lang='lat' dir='ltr'><strong>ejus.</strong></span> 
     </span>
    </p>
   </div>
   <div class='ocr_carea' id='block_1_11' title="bbox 248 1085 1902 1161">
    <p class='ocr_par' dir='ltr' id='par_1_11' title="bbox 248 1085 1902 1161">
     <span class='ocr_line' id='line_1_11' title="bbox 248 1085 1902 1161; baseline -0.002 -13"><span class='ocrx_word' id='word_1_74' title='bbox 248 1092 373 1148; x_wconf 86' lang='lat' dir='ltr'><strong>Hoc</strong></span> <span class='ocrx_word' id='word_1_75' title='bbox 401 1107 536 1146; x_wconf 87' lang='lat' dir='ltr'><strong>vero</strong></span> <span class='ocrx_word' id='word_1_76' title='bbox 557 1088 713 1161; x_wconf 93' lang='lat' dir='ltr'><strong>quod</strong></span> <span class='ocrx_word' id='word_1_77' title='bbox 742 1088 905 1159; x_wconf 88' lang='lat' dir='ltr'><strong>dicit,</strong></span> <span class='ocrx_word' id='word_1_78' title='bbox 931 1085 1030 1160; x_wconf 91' lang='lat' dir='ltr'><strong>qui</strong></span> <span class='ocrx_word' id='word_1_79' title='bbox 1052 1086 1436 1143; x_wconf 89' lang='lat' dir='ltr'><strong>consolamini</strong></span> <span class='ocrx_word' id='word_1_80' title='bbox 1461 1088 1519 1143; x_wconf 91' lang='lat' dir='ltr'><strong>in</strong></span> <span class='ocrx_word' id='word_1_81' title='bbox 1543 1089 1658 1144; x_wconf 89' lang='lat' dir='ltr'><strong>diis</strong></span> <span class='ocrx_word' id='word_1_82' title='bbox 1678 1088 1902 1159; x_wconf 91' lang='lat' dir='ltr'><strong>alienis,</strong></span> 
     </span>
    </p>
   </div>
   <div class='ocr_carea' id='block_1_12' title="bbox 246 1174 1904 1251">
    <p class='ocr_par' dir='ltr' id='par_1_12' title="bbox 246 1174 1904 1251">
     <span class='ocr_line' id='line_1_12' title="bbox 246 1174 1904 1251; baseline -0.003 -14"><span class='ocrx_word' id='word_1_83' title='bbox 246 1180 307 1236; x_wconf 93' lang='lat' dir='ltr'><strong>id</strong></span> <span class='ocrx_word' id='word_1_84' title='bbox 345 1183 456 1250; x_wconf 90' lang='lat' dir='ltr'><strong>est,</strong></span> <span class='ocrx_word' id='word_1_85' title='bbox 478 1178 579 1251; x_wconf 90' lang='lat' dir='ltr'><strong>qui</strong></span> <span class='ocrx_word' id='word_1_86' title='bbox 610 1174 980 1233; x_wconf 89' lang='lat' dir='ltr'><strong>delectamini</strong></span> <span class='ocrx_word' id='word_1_87' title='bbox 1014 1175 1072 1230; x_wconf 89' lang='lat' dir='ltr'><strong>in</strong></span> <span class='ocrx_word' id='word_1_88' title='bbox 1102 1174 1216 1231; x_wconf 91' lang='lat' dir='ltr'><strong>diis</strong></span> <span class='ocrx_word' id='word_1_89' title='bbox 1246 1177 1446 1231; x_wconf 91' lang='lat' dir='ltr'><strong>subter</strong></span> <span class='ocrx_word' id='word_1_90' title='bbox 1475 1194 1647 1232; x_wconf 90' lang='lat' dir='ltr'><strong>omne</strong></span> <span class='ocrx_word' id='word_1_91' title='bbox 1678 1177 1904 1250; x_wconf 84' lang='lat' dir='ltr'><strong>lignum</strong></span> 
     </span>
    </p>
   </div>
   <div class='ocr_carea' id='block_1_13' title="bbox 245 1264 1909 1337">
    <p class='ocr_par' dir='ltr' id='par_1_13' title="bbox 245 1264 1909 1337">
     <span class='ocr_line' id='line_1_13' title="bbox 245 1264 1909 1337; baseline -0.001 -12"><span class='ocrx_word' id='word_1_92' title='bbox 245 1269 621 1336; x_wconf 82' lang='lat' dir='ltr'><strong>frondosum,</strong></span> <span class='ocrx_word' id='word_1_93' title='bbox 637 1265 1012 1321; x_wconf 87' lang='lat' dir='ltr'><strong>immolantes</strong></span> <span class='ocrx_word' id='word_1_94' title='bbox 1027 1264 1300 1337; x_wconf 84' lang='lat' dir='ltr'><strong>parvulos</strong></span> <span class='ocrx_word' id='word_1_95' title='bbox 1318 1265 1375 1320; x_wconf 92' lang='lat' dir='ltr'><strong>in</strong></span> <span class='ocrx_word' id='word_1_96' title='bbox 1394 1266 1753 1322; x_wconf 88' lang='lat' dir='ltr'><strong>torrentibus</strong></span> <span class='ocrx_word' id='word_1_97' title='bbox 1774 1267 1909 1323; x_wconf 89' lang='lat' dir='ltr'><strong>sub-</strong></span> 
     </span>
    </p>
   </div>
   <div class='ocr_carea' id='block_1_14' title="bbox 246 1352 1908 1429">
    <p class='ocr_par' dir='ltr' id='par_1_14' title="bbox 246 1352 1908 1429">
     <span class='ocr_line' id='line_1_14' title="bbox 246 1352 1908 1429; baseline -0.002 -14"><span class='ocrx_word' id='word_1_98' title='bbox 246 1362 341 1415; x_wconf 86' lang='lat' dir='ltr'><strong>ter</strong></span> <span class='ocrx_word' id='word_1_99' title='bbox 370 1355 752 1413; x_wconf 87' lang='lat' dir='ltr'><strong>imminentes</strong></span> <span class='ocrx_word' id='word_1_100' title='bbox 782 1358 979 1428; x_wconf 87' lang='lat' dir='ltr'><strong>petras</strong></span> <span class='ocrx_word' id='word_1_101' title='bbox 1003 1371 1016 1409; x_wconf 90' lang='lat'><strong>:</strong></span> <span class='ocrx_word' id='word_1_102' title='bbox 1042 1353 1100 1408; x_wconf 90' lang='lat' dir='ltr'><strong>in</strong></span> <span class='ocrx_word' id='word_1_103' title='bbox 1121 1352 1269 1409; x_wconf 91' lang='lat' dir='ltr'><strong>libro</strong></span> <span class='ocrx_word' id='word_1_104' title='bbox 1292 1354 1515 1426; x_wconf 81' lang='lat' dir='ltr'><strong>Regum</strong></span> <span class='ocrx_word' id='word_1_105' title='bbox 1544 1359 1600 1410; x_wconf 91' lang='lat' dir='ltr'><strong>et</strong></span> <span class='ocrx_word' id='word_1_106' title='bbox 1622 1355 1908 1429; x_wconf 89' lang='lat' dir='ltr'><strong>Paralipo-</strong></span> 
     </span>
    </p>
   </div>
   <div class='ocr_carea' id='block_1_15' title="bbox 248 1442 1907 1518">
    <p class='ocr_par' dir='ltr' id='par_1_15' title="bbox 248 1442 1907 1518">
     <span class='ocr_line' id='line_1_15' title="bbox 248 1442 1907 1518; baseline -0.002 -15"><span class='ocrx_word' id='word_1_107' title='bbox 248 1463 469 1503; x_wconf 89' lang='lat' dir='ltr'><strong>menon</strong></span> <span class='ocrx_word' id='word_1_108' title='bbox 490 1442 749 1518; x_wconf 77' lang='lat' dir='ltr'><strong>apcntius</strong></span> <span class='ocrx_word' id='word_1_109' title='bbox 774 1442 1201 1509; x_wconf 84' lang='lat' dir='ltr'><strong>manifestatur,</strong></span> <span class='ocrx_word' id='word_1_110' title='bbox 1220 1442 1316 1497; x_wconf 92' lang='lat' dir='ltr'><strong>ubi</strong></span> <span class='ocrx_word' id='word_1_111' title='bbox 1342 1442 1557 1497; x_wconf 88' lang='lat' dir='ltr'><strong>dicitur</strong></span> <span class='ocrx_word' id='word_1_112' title='bbox 1579 1445 1731 1515; x_wconf 91' lang='lat' dir='ltr'><strong>quod</strong></span> <span class='ocrx_word' id='word_1_113' title='bbox 1756 1444 1907 1501; x_wconf 91' lang='lat' dir='ltr'><strong>ﬁlios</strong></span> 
     </span>
    </p>
   </div>
   <div class='ocr_carea' id='block_1_16' title="bbox 248 1529 1910 1604">
    <p class='ocr_par' dir='ltr' id='par_1_16' title="bbox 248 1529 1910 1604">
     <span class='ocr_line' id='line_1_16' title="bbox 248 1529 1910 1604; baseline -0.002 -12"><span class='ocrx_word' id='word_1_114' title='bbox 248 1551 395 1592; x_wconf 90' lang='lat' dir='ltr'><strong>suos</strong></span> <span class='ocrx_word' id='word_1_115' title='bbox 427 1537 485 1590; x_wconf 90' lang='lat' dir='ltr'><strong>et</strong></span> <span class='ocrx_word' id='word_1_116' title='bbox 517 1532 670 1588; x_wconf 89' lang='lat' dir='ltr'><strong>ﬁlias</strong></span> <span class='ocrx_word' id='word_1_117' title='bbox 691 1532 954 1587; x_wconf 88' lang='lat' dir='ltr'><strong>fecerunt</strong></span> <span class='ocrx_word' id='word_1_118' title='bbox 974 1530 1225 1589; x_wconf 89' lang='lat' dir='ltr'><strong>transire</strong></span> <span class='ocrx_word' id='word_1_119' title='bbox 1257 1547 1359 1603; x_wconf 90' lang='lat' dir='ltr'><strong>per</strong></span> <span class='ocrx_word' id='word_1_120' title='bbox 1386 1529 1603 1604; x_wconf 85' lang='lat' dir='ltr'><strong>ignem,</strong></span> <span class='ocrx_word' id='word_1_121' title='bbox 1629 1536 1686 1588; x_wconf 90' lang='lat' dir='ltr'><strong>et</strong></span> <span class='ocrx_word' id='word_1_122' title='bbox 1707 1533 1910 1589; x_wconf 90' lang='lat' dir='ltr'><strong>subter</strong></span> 
     </span>
    </p>
   </div>
   <div class='ocr_carea' id='block_1_17' title="bbox 246 1619 1908 1697">
    <p class='ocr_par' dir='ltr' id='par_1_17' title="bbox 246 1619 1908 1697">
     <span class='ocr_line' id='line_1_17' title="bbox 246 1619 1908 1697; baseline -0.002 -18"><span class='ocrx_word' id='word_1_123' title='bbox 246 1623 418 1697; x_wconf 86' lang='lat' dir='ltr'><strong>ligna</strong></span> <span class='ocrx_word' id='word_1_124' title='bbox 445 1637 778 1687; x_wconf 88' lang='lat' dir='ltr'><strong>numerosa,</strong></span> <span class='ocrx_word' id='word_1_125' title='bbox 812 1624 869 1675; x_wconf 90' lang='lat' dir='ltr'><strong>et</strong></span> <span class='ocrx_word' id='word_1_126' title='bbox 900 1619 958 1674; x_wconf 91' lang='lat' dir='ltr'><strong>in</strong></span> <span class='ocrx_word' id='word_1_127' title='bbox 1000 1619 1361 1675; x_wconf 89' lang='lat' dir='ltr'><strong>torrentibus</strong></span> <span class='ocrx_word' id='word_1_128' title='bbox 1392 1623 1449 1674; x_wconf 91' lang='lat' dir='ltr'><strong>et</strong></span> <span class='ocrx_word' id='word_1_129' title='bbox 1480 1620 1685 1676; x_wconf 85' lang='lat' dir='ltr'><strong>subter</strong></span> <span class='ocrx_word' id='word_1_130' title='bbox 1714 1620 1908 1676; x_wconf 86' lang='lat' dir='ltr'><strong>immi-</strong></span> 
     </span>
    </p>
   </div>
   <div class='ocr_carea' id='block_1_18' title="bbox 249 1706 1908 1783">
    <p class='ocr_par' dir='ltr' id='par_1_18' title="bbox 249 1706 1908 1783">
     <span class='ocr_line' id='line_1_18' title="bbox 249 1706 1908 1783; baseline -0.002 -15"><span class='ocrx_word' id='word_1_131' title='bbox 249 1715 460 1769; x_wconf 89' lang='lat' dir='ltr'><strong>nentes</strong></span> <span class='ocrx_word' id='word_1_132' title='bbox 492 1714 688 1783; x_wconf 88' lang='lat' dir='ltr'><strong>petras</strong></span> <span class='ocrx_word' id='word_1_133' title='bbox 735 1707 1073 1763; x_wconf 90' lang='lat' dir='ltr'><strong>obtulerunt</strong></span> <span class='ocrx_word' id='word_1_134' title='bbox 1114 1706 1286 1764; x_wconf 90' lang='lat' dir='ltr'><strong>idolis</strong></span> <span class='ocrx_word' id='word_1_135' title='bbox 1334 1707 1640 1764; x_wconf 88' lang='lat' dir='ltr'><strong>sacriﬁcia.</strong></span> <span class='ocrx_word' id='word_1_136' title='bbox 1670 1708 1750 1764; x_wconf 91' lang='lat' dir='ltr'><strong>De</strong></span> <span class='ocrx_word' id='word_1_137' title='bbox 1798 1709 1908 1764; x_wconf 87' lang='lat' dir='ltr'><strong>hac</strong></span> 
     </span>
    </p>
   </div>
   <div class='ocr_carea' id='block_1_19' title="bbox 246 1795 1907 1856">
    <p class='ocr_par' dir='ltr' id='par_1_19' title="bbox 246 1795 1907 1856">
     <span class='ocr_line' id='line_1_19' title="bbox 246 1795 1907 1856; baseline -0.002 0"><span class='ocrx_word' id='word_1_138' title='bbox 246 1799 656 1856; x_wconf 84' lang='lat' dir='ltr'><strong>immolatione</strong></span> <span class='ocrx_word' id='word_1_139' title='bbox 678 1796 820 1853; x_wconf 89' lang='lat' dir='ltr'><strong>dicit</strong></span> <span class='ocrx_word' id='word_1_140' title='bbox 841 1795 1154 1852; x_wconf 89' lang='lat' dir='ltr'><strong>Psalmista</strong></span> <span class='ocrx_word' id='word_1_141' title='bbox 1176 1811 1189 1851; x_wconf 89' lang='lat'>:</span> <span class='ocrx_word' id='word_1_142' title='bbox 1216 1818 1243 1845; x_wconf 91' lang='grc'><strong>‹‹</strong></span> <span class='ocrx_word' id='word_1_143' title='bbox 1268 1795 1726 1852; x_wconf 89' lang='lat' dir='ltr'><strong>Immolaverunt</strong></span> <span class='ocrx_word' id='word_1_144' title='bbox 1756 1796 1907 1853; x_wconf 88' lang='lat' dir='ltr'><strong>ﬁlios</strong></span> 
     </span>
    </p>
   </div>
   <div class='ocr_carea' id='block_1_20' title="bbox 249 1883 1384 1955">
    <p class='ocr_par' dir='ltr' id='par_1_20' title="bbox 249 1883 1384 1955">
     <span class='ocr_line' id='line_1_20' title="bbox 249 1883 1384 1955; baseline -0.011 -8"><span class='ocrx_word' id='word_1_145' title='bbox 249 1906 397 1947; x_wconf 92' lang='lat' dir='ltr'><strong>suos</strong></span> <span class='ocrx_word' id='word_1_146' title='bbox 427 1891 484 1943; x_wconf 86' lang='lat' dir='ltr'><strong>et</strong></span> <span class='ocrx_word' id='word_1_147' title='bbox 514 1886 667 1943; x_wconf 87' lang='lat' dir='ltr'><strong>ﬁlias</strong></span> <span class='ocrx_word' id='word_1_148' title='bbox 697 1883 1001 1941; x_wconf 81' lang='lat' dir='ltr'><strong>daemoniis</strong></span> <span class='ocrx_word' id='word_1_149' title='bbox 1021 1884 1195 1954; x_wconf 83' lang='lat' dir='ltr'><strong>(Psal.</strong></span> <span class='ocrx_word' id='word_1_150' title='bbox 1218 1884 1330 1955; x_wconf 86' lang='lat' dir='ltr'><strong>ev).</strong></span> <span class='ocrx_word' id='word_1_151' title='bbox 1357 1906 1384 1933; x_wconf 84' lang='lat'>»</span> 
     </span>
    </p>
   </div>
   <div class='ocr_carea' id='block_1_21' title="bbox 328 1972 1904 2049">
    <p class='ocr_par' dir='ltr' id='par_1_21' title="bbox 328 1972 1904 2049">
     <span class='ocr_line' id='line_1_21' title="bbox 328 1972 1904 2049; baseline 0.001 -21"><span class='ocrx_word' id='word_1_152' title='bbox 328 2000 356 2029; x_wconf 74' lang='grc' dir='ltr'><strong>ι(</strong></span> <span class='ocrx_word' id='word_1_153' title='bbox 390 1977 456 2034; x_wconf 92' lang='lat' dir='ltr'><strong>In</strong></span> <span class='ocrx_word' id='word_1_154' title='bbox 486 1975 755 2049; x_wconf 90' lang='lat' dir='ltr'><strong>partibus</strong></span> <span class='ocrx_word' id='word_1_155' title='bbox 784 1973 1114 2041; x_wconf 83' lang='lat' dir='ltr'><strong>torrentis,»</strong></span> <span class='ocrx_word' id='word_1_156' title='bbox 1138 1972 1198 2027; x_wconf 91' lang='lat' dir='ltr'><strong>id</strong></span> <span class='ocrx_word' id='word_1_157' title='bbox 1223 1977 1313 2028; x_wconf 90' lang='lat' dir='ltr'><strong>est</strong></span> <span class='ocrx_word' id='word_1_158' title='bbox 1344 1972 1403 2027; x_wconf 93' lang='lat' dir='ltr'><strong>in</strong></span> <span class='ocrx_word' id='word_1_159' title='bbox 1437 1972 1579 2046; x_wconf 90' lang='lat' dir='ltr'><strong>ripis</strong></span> <span class='ocrx_word' id='word_1_160' title='bbox 1608 1974 1904 2044; x_wconf 87' lang='lat' dir='ltr'><strong>torrentis,</strong></span> 
     </span>
    </p>
   </div>
   <div class='ocr_carea' id='block_1_22' title="bbox 245 2061 1908 2143">
    <p class='ocr_par' dir='ltr' id='par_1_22' title="bbox 245 2061 1908 2143">
     <span class='ocr_line' id='line_1_22' title="bbox 245 2061 1908 2143; baseline -0.002 -20"><span class='ocrx_word' id='word_1_161' title='bbox 245 2086 391 2143; x_wconf 90' lang='lat' dir='ltr'><strong>pars</strong></span> <span class='ocrx_word' id='word_1_162' title='bbox 408 2071 535 2133; x_wconf 89' lang='lat' dir='ltr'><strong>tua,</strong></span> <span class='ocrx_word' id='word_1_163' title='bbox 548 2082 580 2121; x_wconf 95' lang='lat' dir='ltr'><strong>o</strong></span> <span class='ocrx_word' id='word_1_164' title='bbox 596 2062 1119 2134; x_wconf 70' lang='lat' dir='ltr'><strong>Hierusalem,quaa</strong></span> <span class='ocrx_word' id='word_1_165' title='bbox 1142 2061 1479 2134; x_wconf 90' lang='lat' dir='ltr'><strong>relinquens</strong></span> <span class='ocrx_word' id='word_1_166' title='bbox 1495 2062 1676 2117; x_wconf 90' lang='lat' dir='ltr'><strong>altare</strong></span> <span class='ocrx_word' id='word_1_167' title='bbox 1698 2063 1908 2120; x_wconf 90' lang='lat' dir='ltr'><strong>domus</strong></span> 
     </span>
    </p>
   </div>
   <div class='ocr_carea' id='block_1_23' title="bbox 247 2149 1905 2222">
    <p class='ocr_par' dir='ltr' id='par_1_23' title="bbox 247 2149 1905 2222">
     <span class='ocr_line' id='line_1_23' title="bbox 247 2149 1905 2222; baseline -0.009 -8"><span class='ocrx_word' id='word_1_168' title='bbox 247 2155 486 2215; x_wconf 90' lang='lat' dir='ltr'><strong>Domini</strong></span> <span class='ocrx_word' id='word_1_169' title='bbox 509 2155 569 2209; x_wconf 92' lang='lat' dir='ltr'><strong>in</strong></span> <span class='ocrx_word' id='word_1_170' title='bbox 587 2152 945 2209; x_wconf 88' lang='lat' dir='ltr'><strong>torrentibus</strong></span> <span class='ocrx_word' id='word_1_171' title='bbox 964 2149 1260 2206; x_wconf 85' lang='lat' dir='ltr'><strong>immolas.</strong></span> <span class='ocrx_word' id='word_1_172' title='bbox 1279 2173 1307 2201; x_wconf 83' lang='lat'><strong>«</strong></span> <span class='ocrx_word' id='word_1_173' title='bbox 1330 2151 1459 2206; x_wconf 64' lang='lat' dir='ltr'><strong>Haec</strong></span> <span class='ocrx_word' id='word_1_174' title='bbox 1480 2155 1569 2206; x_wconf 88' lang='lat' dir='ltr'><strong>est</strong></span> <span class='ocrx_word' id='word_1_175' title='bbox 1589 2167 1725 2222; x_wconf 89' lang='lat' dir='ltr'><strong>pars</strong></span> <span class='ocrx_word' id='word_1_176' title='bbox 1748 2155 1866 2219; x_wconf 90' lang='lat' dir='ltr'><strong>tua,</strong></span> <span class='ocrx_word' id='word_1_177' title='bbox 1879 2175 1905 2200; x_wconf 77' lang='grc' dir='ltr'><strong>υ</strong></span> 
     </span>
    </p>
   </div>
   <div class='ocr_carea' id='block_1_24' title="bbox 247 2238 1908 2311">
    <p class='ocr_par' dir='ltr' id='par_1_24' title="bbox 247 2238 1908 2311">
     <span class='ocr_line' id='line_1_24' title="bbox 247 2238 1908 2311; baseline -0.004 -9"><span class='ocrx_word' id='word_1_178' title='bbox 247 2244 544 2302; x_wconf 89' lang='lat' dir='ltr'><strong>subaudis</strong></span> <span class='ocrx_word' id='word_1_179' title='bbox 567 2242 626 2297; x_wconf 92' lang='lat' dir='ltr'><strong>in</strong></span> <span class='ocrx_word' id='word_1_180' title='bbox 644 2240 876 2297; x_wconf 82' lang='lat' dir='ltr'><strong>cultura</strong></span> <span class='ocrx_word' id='word_1_181' title='bbox 894 2238 1242 2306; x_wconf 87' lang='lat' dir='ltr'><strong>idolorum,«</strong></span> <span class='ocrx_word' id='word_1_182' title='bbox 1257 2243 1314 2295; x_wconf 90' lang='lat' dir='ltr'><strong>et</strong></span> <span class='ocrx_word' id='word_1_183' title='bbox 1331 2238 1476 2311; x_wconf 88' lang='lat' dir='ltr'><strong>ipsis</strong></span> <span class='ocrx_word' id='word_1_184' title='bbox 1491 2238 1748 2295; x_wconf 69' lang='lat' dir='ltr'><strong>eﬁ‘udisti</strong></span> <span class='ocrx_word' id='word_1_185' title='bbox 1768 2239 1908 2296; x_wconf 55' lang='lat' dir='ltr'><strong>liba.</strong></span> 
     </span>
    </p>
   </div>
   <div class='ocr_carea' id='block_1_25' title="bbox 247 2327 1908 2401">
    <p class='ocr_par' dir='ltr' id='par_1_25' title="bbox 247 2327 1908 2401">
     <span class='ocr_line' id='line_1_25' title="bbox 247 2327 1908 2401; baseline -0.004 -10"><span class='ocrx_word' id='word_1_186' title='bbox 247 2351 412 2401; x_wconf 89' lang='lat' dir='ltr'><strong>men,</strong></span> <span class='ocrx_word' id='word_1_187' title='bbox 438 2330 704 2388; x_wconf 89' lang='lat' dir='ltr'><strong>obtulisti</strong></span> <span class='ocrx_word' id='word_1_188' title='bbox 727 2328 1140 2387; x_wconf 81' lang='lat' dir='ltr'><strong>sacriﬁcium.»</strong></span> <span class='ocrx_word' id='word_1_189' title='bbox 1160 2327 1467 2384; x_wconf 87' lang='lat' dir='ltr'><strong>Libamina</strong></span> <span class='ocrx_word' id='word_1_190' title='bbox 1486 2332 1625 2382; x_wconf 88' lang='lat' dir='ltr'><strong>sunt</strong></span> <span class='ocrx_word' id='word_1_191' title='bbox 1643 2327 1702 2382; x_wconf 91' lang='lat' dir='ltr'><strong>in</strong></span> <span class='ocrx_word' id='word_1_192' title='bbox 1724 2327 1908 2401; x_wconf 89' lang='lat' dir='ltr'><strong>liqua-</strong></span> 
     </span>
    </p>
   </div>
   <div class='ocr_carea' id='block_1_26' title="bbox 250 2415 1904 2488">
    <p class='ocr_par' dir='ltr' id='par_1_26' title="bbox 250 2415 1904 2488">
     <span class='ocr_line' id='line_1_26' title="bbox 250 2415 1904 2488; baseline -0.004 -9"><span class='ocrx_word' id='word_1_193' title='bbox 250 2421 541 2488; x_wconf 87' lang='lat' dir='ltr'><strong>minibus,</strong></span> <span class='ocrx_word' id='word_1_194' title='bbox 578 2420 637 2475; x_wconf 92' lang='lat' dir='ltr'><strong>in</strong></span> <span class='ocrx_word' id='word_1_195' title='bbox 690 2418 814 2474; x_wconf 90' lang='lat' dir='ltr'><strong>oleo</strong></span> <span class='ocrx_word' id='word_1_196' title='bbox 845 2422 901 2473; x_wconf 90' lang='lat' dir='ltr'><strong>et</strong></span> <span class='ocrx_word' id='word_1_197' title='bbox 929 2417 1084 2473; x_wconf 92' lang='lat' dir='ltr'><strong>vino.</strong></span> <span class='ocrx_word' id='word_1_198' title='bbox 1117 2416 1482 2472; x_wconf 89' lang='lat' dir='ltr'><strong>Sacriﬁcium</strong></span> <span class='ocrx_word' id='word_1_199' title='bbox 1518 2415 1576 2471; x_wconf 92' lang='lat' dir='ltr'><strong>in</strong></span> <span class='ocrx_word' id='word_1_200' title='bbox 1608 2416 1811 2487; x_wconf 89' lang='lat' dir='ltr'><strong>aridis,</strong></span> <span class='ocrx_word' id='word_1_201' title='bbox 1846 2417 1904 2472; x_wconf 92' lang='lat' dir='ltr'><strong>in</strong></span> 
     </span>
    </p>
   </div>
   <div class='ocr_carea' id='block_1_27' title="bbox 247 2492 1906 2586">
    <p class='ocr_par' dir='ltr' id='par_1_27' title="bbox 247 2492 1906 2586">
     <span class='ocr_line' id='line_1_27' title="bbox 247 2492 1906 2586; baseline -0.005 -18"><span class='ocrx_word' id='word_1_202' title='bbox 247 2529 405 2586; x_wconf 92' lang='lat' dir='ltr'><strong>pane</strong></span> <span class='ocrx_word' id='word_1_203' title='bbox 448 2515 506 2566; x_wconf 90' lang='lat' dir='ltr'><strong>et</strong></span> <span class='ocrx_word' id='word_1_204' title='bbox 544 2507 818 2565; x_wconf 86' lang='lat' dir='ltr'><strong>victimis.</strong></span> <span class='ocrx_word' id='word_1_205' title='bbox 845 2528 872 2556; x_wconf 85' lang='lat'><strong>«</strong></span> <span class='ocrx_word' id='word_1_206' title='bbox 903 2504 1180 2578; x_wconf 91' lang='lat' dir='ltr'><strong>Nunquid</strong></span> <span class='ocrx_word' id='word_1_207' title='bbox 1222 2492 1399 2577; x_wconf 75' lang='lat' dir='ltr'><strong>super</strong></span> <span class='ocrx_word' id='word_1_208' title='bbox 1438 2504 1551 2573; x_wconf 87' lang='lat' dir='ltr'><strong>his,</strong></span> <span class='ocrx_word' id='word_1_209' title='bbox 1580 2527 1607 2553; x_wconf 89' lang='grc'><strong>››</strong></span> <span class='ocrx_word' id='word_1_210' title='bbox 1632 2505 1906 2577; x_wconf 90' lang='lat' dir='ltr'><strong>operibus</strong></span> 
     </span>
    </p>
   </div>
   <div class='ocr_carea' id='block_1_28' title="bbox 246 2593 1905 2673">
    <p class='ocr_par' dir='ltr' id='par_1_28' title="bbox 246 2593 1905 2673">
     <span class='ocr_line' id='line_1_28' title="bbox 246 2593 1905 2673; baseline -0.005 -16"><span class='ocrx_word' id='word_1_211' title='bbox 246 2602 373 2658; x_wconf 88' lang='lat' dir='ltr'><strong>tuis</strong></span> <span class='ocrx_word' id='word_1_212' title='bbox 407 2597 705 2673; x_wconf 87' lang='lat' dir='ltr'><strong>pessimis,</strong></span> <span class='ocrx_word' id='word_1_213' title='bbox 734 2620 762 2647; x_wconf 89' lang='grc'><strong>‹‹</strong></span> <span class='ocrx_word' id='word_1_214' title='bbox 798 2613 912 2652; x_wconf 91' lang='lat' dir='ltr'><strong>non</strong></span> <span class='ocrx_word' id='word_1_215' title='bbox 944 2594 1347 2667; x_wconf 72' lang='lat' dir='ltr'><strong>indignabor,»</strong></span> <span class='ocrx_word' id='word_1_216' title='bbox 1375 2593 1677 2662; x_wconf 88' lang='lat' dir='ltr'><strong>subaudis,</strong></span> <span class='ocrx_word' id='word_1_217' title='bbox 1704 2598 1768 2648; x_wconf 93' lang='lat' dir='ltr'><strong>ut</strong></span> <span class='ocrx_word' id='word_1_218' title='bbox 1789 2611 1905 2649; x_wconf 89' lang='lat' dir='ltr'><strong>non</strong></span> 
     </span>
    </p>
   </div>
   <div class='ocr_carea' id='block_1_29' title="bbox 232 2681 1390 2758">
    <p class='ocr_par' dir='ltr' id='par_1_29' title="bbox 232 2681 1390 2758">
     <span class='ocr_line' id='line_1_29' title="bbox 232 2681 1390 2758; baseline -0.009 -11"><span class='ocrx_word' id='word_1_219' title='bbox 232 2690 498 2748; x_wconf 61' lang='lat' dir='ltr'><strong>&#39;reddam</strong></span> <span class='ocrx_word' id='word_1_220' title='bbox 528 2686 633 2742; x_wconf 89' lang='lat' dir='ltr'><strong>tibi</strong></span> <span class='ocrx_word' id='word_1_221' title='bbox 659 2686 830 2758; x_wconf 81' lang='lat' dir='ltr'><strong>juxta</strong></span> <span class='ocrx_word' id='word_1_222' title='bbox 858 2701 1035 2757; x_wconf 86' lang='lat' dir='ltr'><strong>opera</strong></span> <span class='ocrx_word' id='word_1_223' title='bbox 1058 2687 1161 2738; x_wconf 89' lang='lat' dir='ltr'><strong>tua</strong></span> <span class='ocrx_word' id='word_1_224' title='bbox 1190 2681 1345 2738; x_wconf 87' lang='lat' dir='ltr'><strong>mala</strong></span> <span class='ocrx_word' id='word_1_225' title='bbox 1363 2682 1390 2737; x_wconf 90' lang='lat'><strong>?</strong></span> 
     </span>
    </p>
   </div>
   <div class='ocr_carea' id='block_1_30' title="bbox 324 2769 1900 2849">
    <p class='ocr_par' dir='ltr' id='par_1_30' title="bbox 324 2769 1900 2849">
     <span class='ocr_line' id='line_1_30' title="bbox 324 2769 1900 2849; baseline -0.006 -21"><span class='ocrx_word' id='word_1_226' title='bbox 324 2802 353 2829; x_wconf 77' lang='grc' dir='ltr'>α</span> <span class='ocrx_word' id='word_1_227' title='bbox 377 2779 568 2849; x_wconf 88' lang='lat' dir='ltr'><strong>Super</strong></span> <span class='ocrx_word' id='word_1_228' title='bbox 589 2778 848 2830; x_wconf 90' lang='lat' dir='ltr'><strong>montem</strong></span> <span class='ocrx_word' id='word_1_229' title='bbox 869 2771 1163 2828; x_wconf 85' lang='lat' dir='ltr'><strong>excelsum</strong></span> <span class='ocrx_word' id='word_1_230' title='bbox 1190 2769 1439 2844; x_wconf 87' lang='lat' dir='ltr'><strong>posuisti</strong></span> <span class='ocrx_word' id='word_1_231' title='bbox 1462 2769 1653 2826; x_wconf 91' lang='lat' dir='ltr'><strong>cubile</strong></span> <span class='ocrx_word' id='word_1_232' title='bbox 1674 2773 1900 2838; x_wconf 81' lang='lat' dir='ltr'><strong>tuum,»</strong></span> 
     </span>
    </p>
   </div>
   <div class='ocr_carea' id='block_1_31' title="bbox 244 2858 1904 2932">
    <p class='ocr_par' dir='ltr' id='par_1_31' title="bbox 244 2858 1904 2932">
     <span class='ocr_line' id='line_1_31' title="bbox 244 2858 1904 2932; baseline -0.007 -8"><span class='ocrx_word' id='word_1_233' title='bbox 244 2873 307 2925; x_wconf 92' lang='lat' dir='ltr'><strong>et</strong></span> <span class='ocrx_word' id='word_1_234' title='bbox 340 2870 566 2922; x_wconf 71' lang='lat' dir='ltr'><strong>caetera.</strong></span> <span class='ocrx_word' id='word_1_235' title='bbox 588 2862 738 2919; x_wconf 84' lang='lat' dir='ltr'><strong>Dicit</strong></span> <span class='ocrx_word' id='word_1_236' title='bbox 765 2862 971 2918; x_wconf 90' lang='lat' dir='ltr'><strong>beatus</strong></span> <span class='ocrx_word' id='word_1_237' title='bbox 1003 2860 1414 2932; x_wconf 84' lang='lat' dir='ltr'><strong>Hieronymus,</strong></span> <span class='ocrx_word' id='word_1_238' title='bbox 1435 2859 1588 2932; x_wconf 89' lang='lat' dir='ltr'><strong>quod</strong></span> <span class='ocrx_word' id='word_1_239' title='bbox 1620 2858 1904 2931; x_wconf 90' lang='lat' dir='ltr'><strong>tempori-</strong></span> 
     </span>
    </p>
   </div>
   <div class='ocr_carea' id='block_1_32' title="bbox 244 2947 1903 3021">
    <p class='ocr_par' dir='ltr' id='par_1_32' title="bbox 244 2947 1903 3021">
     <span class='ocr_line' id='line_1_32' title="bbox 244 2947 1903 3021; baseline -0.006 -8"><span class='ocrx_word' id='word_1_240' title='bbox 244 2958 365 3014; x_wconf 86' lang='lat' dir='ltr'><strong>bus</strong></span> <span class='ocrx_word' id='word_1_241' title='bbox 406 2953 570 3010; x_wconf 76' lang='lat' dir='ltr'><strong>Isaize</strong></span> <span class='ocrx_word' id='word_1_242' title='bbox 628 2952 747 3007; x_wconf 70' lang='lat' dir='ltr'><strong>haec</strong></span> <span class='ocrx_word' id='word_1_243' title='bbox 808 2948 1058 3005; x_wconf 79' lang='lat' dir='ltr'><strong>maxime</strong></span> <span class='ocrx_word' id='word_1_244' title='bbox 1089 2947 1474 3021; x_wconf 89' lang='lat' dir='ltr'><strong>contigerant,</strong></span> <span class='ocrx_word' id='word_1_245' title='bbox 1501 2948 1735 3020; x_wconf 86' lang='lat' dir='ltr'><strong>quando</strong></span> <span class='ocrx_word' id='word_1_246' title='bbox 1792 2948 1903 3003; x_wconf 91' lang='lat' dir='ltr'><strong>sub</strong></span> 
     </span>
    </p>
   </div>
   <div class='ocr_carea' id='block_1_33' title="bbox 244 3036 1902 3118">
    <p class='ocr_par' dir='ltr' id='par_1_33' title="bbox 244 3036 1902 3118">
     <span class='ocr_line' id='line_1_33' title="bbox 244 3036 1902 3118; baseline -0.005 -17"><span class='ocrx_word' id='word_1_247' title='bbox 244 3061 387 3118; x_wconf 87' lang='lat' dir='ltr'><strong>rege</strong></span> <span class='ocrx_word' id='word_1_248' title='bbox 408 3042 600 3099; x_wconf 86' lang='lat' dir='ltr'><strong>Acbaz</strong></span> <span class='ocrx_word' id='word_1_249' title='bbox 622 3056 826 3097; x_wconf 90' lang='lat' dir='ltr'><strong>omnes</strong></span> <span class='ocrx_word' id='word_1_250' title='bbox 846 3040 1075 3093; x_wconf 89' lang='lat' dir='ltr'><strong>montes</strong></span> <span class='ocrx_word' id='word_1_251' title='bbox 1092 3036 1323 3092; x_wconf 88' lang='lat' dir='ltr'><strong>cultura</strong></span> <span class='ocrx_word' id='word_1_252' title='bbox 1344 3037 1674 3092; x_wconf 73' lang='lat' dir='ltr'><strong>dmmonum</strong></span> <span class='ocrx_word' id='word_1_253' title='bbox 1701 3037 1902 3110; x_wconf 90' lang='lat' dir='ltr'><strong>repleti</strong></span> 
     </span>
    </p>
   </div>
   <div class='ocr_carea' id='block_1_34' title="bbox 244 3124 1905 3198">
    <p class='ocr_par' dir='ltr' id='par_1_34' title="bbox 244 3124 1905 3198">
     <span class='ocr_line' id='line_1_34' title="bbox 244 3124 1905 3198; baseline -0.006 -7"><span class='ocrx_word' id='word_1_254' title='bbox 244 3138 413 3192; x_wconf 90' lang='lat' dir='ltr'><strong>sunt.</strong></span> <span class='ocrx_word' id='word_1_255' title='bbox 438 3133 502 3188; x_wconf 89' lang='lat' dir='ltr'><strong>In</strong></span> <span class='ocrx_word' id='word_1_256' title='bbox 534 3129 835 3186; x_wconf 89' lang='lat' dir='ltr'><strong>montibus</strong></span> <span class='ocrx_word' id='word_1_257' title='bbox 856 3128 1012 3184; x_wconf 90' lang='lat' dir='ltr'><strong>enim</strong></span> <span class='ocrx_word' id='word_1_258' title='bbox 1036 3124 1280 3183; x_wconf 90' lang='lat' dir='ltr'><strong>excelsis</strong></span> <span class='ocrx_word' id='word_1_259' title='bbox 1313 3126 1606 3198; x_wconf 89' lang='lat' dir='ltr'><strong>ponebant</strong></span> <span class='ocrx_word' id='word_1_260' title='bbox 1634 3125 1905 3181; x_wconf 88' lang='lat' dir='ltr'><strong>cubicula</strong></span> 
     </span>
    </p>
   </div>
   <div class='ocr_carea' id='block_1_35' title="bbox 2012 554 3673 643">
    <p class='ocr_par' dir='ltr' id='par_1_35' title="bbox 2012 554 3673 643">
     <span class='ocr_line' id='line_1_35' title="bbox 2012 554 3673 643; baseline 0.01 -32"><span class='ocrx_word' id='word_1_261' title='bbox 2012 554 2193 630; x_wconf 89' lang='lat' dir='ltr'><strong>ligere</strong></span> <span class='ocrx_word' id='word_1_262' title='bbox 2225 561 2601 632; x_wconf 87' lang='lat' dir='ltr'><strong>adulterium,</strong></span> <span class='ocrx_word' id='word_1_263' title='bbox 2625 565 2779 637; x_wconf 93' lang='lat' dir='ltr'><strong>quod</strong></span> <span class='ocrx_word' id='word_1_264' title='bbox 2831 565 2889 620; x_wconf 92' lang='lat' dir='ltr'><strong>in</strong></span> <span class='ocrx_word' id='word_1_265' title='bbox 2940 570 3128 623; x_wconf 87' lang='lat' dir='ltr'><strong>stratu</strong></span> <span class='ocrx_word' id='word_1_266' title='bbox 3160 573 3455 641; x_wconf 89' lang='lat' dir='ltr'><strong>operatur,</strong></span> <span class='ocrx_word' id='word_1_267' title='bbox 3486 573 3544 626; x_wconf 92' lang='lat' dir='ltr'><strong>et</strong></span> <span class='ocrx_word' id='word_1_268' title='bbox 3572 587 3673 643; x_wconf 87' lang='lat' dir='ltr'><strong>per</strong></span> 
     </span>
    </p>
   </div>
   <div class='ocr_carea' id='block_1_36' title="bbox 2010 650 3668 725">
    <p class='ocr_par' dir='ltr' id='par_1_36' title="bbox 2010 650 3668 725">
     <span class='ocr_line' id='line_1_36' title="bbox 2010 650 3668 725; baseline 0.01 -25"><span class='ocrx_word' id='word_1_269' title='bbox 2010 662 2256 704; x_wconf 91' lang='lat' dir='ltr'><strong>manum</strong></span> <span class='ocrx_word' id='word_1_270' title='bbox 2291 650 2685 722; x_wconf 85' lang='lat' dir='ltr'><strong>operationem</strong></span> <span class='ocrx_word' id='word_1_271' title='bbox 2730 653 3163 725; x_wconf 89' lang='lat' dir='ltr'><strong>irreverentem,</strong></span> <span class='ocrx_word' id='word_1_272' title='bbox 3197 660 3261 711; x_wconf 90' lang='lat' dir='ltr'><strong>ut</strong></span> <span class='ocrx_word' id='word_1_273' title='bbox 3302 656 3381 711; x_wconf 89' lang='lat' dir='ltr'><strong>sit</strong></span> <span class='ocrx_word' id='word_1_274' title='bbox 3409 675 3622 716; x_wconf 87' lang='lat' dir='ltr'><strong>sensus</strong></span> <span class='ocrx_word' id='word_1_275' title='bbox 3654 675 3668 715; x_wconf 87' lang='lat'><strong>:</strong></span> 
     </span>
    </p>
   </div>
   <div class='ocr_carea' id='block_1_37' title="bbox 2010 733 3675 817">
    <p class='ocr_par' dir='ltr' id='par_1_37' title="bbox 2010 733 3675 817">
     <span class='ocr_line' id='line_1_37' title="bbox 2010 733 3675 817; baseline 0.008 -28"><span class='ocrx_word' id='word_1_276' title='bbox 2010 733 2276 793; x_wconf 88' lang='lat' dir='ltr'><strong>Dilexisti</strong></span> <span class='ocrx_word' id='word_1_277' title='bbox 2308 740 2667 797; x_wconf 87' lang='lat' dir='ltr'><strong>adulterium</strong></span> <span class='ocrx_word' id='word_1_278' title='bbox 2688 760 2868 798; x_wconf 87' lang='lat' dir='ltr'><strong>manu</strong></span> <span class='ocrx_word' id='word_1_279' title='bbox 2896 748 3116 817; x_wconf 88' lang='lat' dir='ltr'><strong>aperta,</strong></span> <span class='ocrx_word' id='word_1_280' title='bbox 3142 744 3201 799; x_wconf 90' lang='lat' dir='ltr'><strong>id</strong></span> <span class='ocrx_word' id='word_1_281' title='bbox 3231 748 3339 814; x_wconf 89' lang='lat' dir='ltr'><strong>est,</strong></span> <span class='ocrx_word' id='word_1_282' title='bbox 3362 744 3490 801; x_wconf 87' lang='lat' dir='ltr'><strong>sine</strong></span> <span class='ocrx_word' id='word_1_283' title='bbox 3518 762 3675 803; x_wconf 83' lang='lat' dir='ltr'><strong>vere.</strong></span> 
     </span>
    </p>
   </div>
   <div class='ocr_carea' id='block_1_38' title="bbox 2010 825 3663 907">
    <p class='ocr_par' dir='ltr' id='par_1_38' title="bbox 2010 825 3663 907">
     <span class='ocr_line' id='line_1_38' title="bbox 2010 825 3663 907; baseline 0.006 -27"><span class='ocrx_word' id='word_1_284' title='bbox 2010 825 2233 882; x_wconf 50' lang='lat' dir='ltr'><strong>cundia.</strong></span> <span class='ocrx_word' id='word_1_285' title='bbox 2255 832 2311 883; x_wconf 91' lang='lat' dir='ltr'><strong>et</strong></span> <span class='ocrx_word' id='word_1_286' title='bbox 2337 830 2673 901; x_wconf 82' lang='lat' dir='ltr'><strong>operatione</strong></span> <span class='ocrx_word' id='word_1_287' title='bbox 2704 830 3061 901; x_wconf 89' lang='lat' dir='ltr'><strong>irreverenti,</strong></span> <span class='ocrx_word' id='word_1_288' title='bbox 3087 835 3145 889; x_wconf 93' lang='lat' dir='ltr'><strong>et</strong></span> <span class='ocrx_word' id='word_1_289' title='bbox 3174 832 3397 889; x_wconf 89' lang='lat' dir='ltr'><strong>ornasti</strong></span> <span class='ocrx_word' id='word_1_290' title='bbox 3426 837 3484 889; x_wconf 90' lang='lat' dir='ltr'><strong>et</strong></span> <span class='ocrx_word' id='word_1_291' title='bbox 3515 851 3663 907; x_wconf 73' lang='lat' dir='ltr'><strong>pra:-</strong></span> 
     </span>
    </p>
   </div>
   <div class='ocr_carea' id='block_1_39' title="bbox 2011 916 3670 994">
    <p class='ocr_par' dir='ltr' id='par_1_39' title="bbox 2011 916 3670 994">
     <span class='ocr_line' id='line_1_39' title="bbox 2011 916 3670 994; baseline 0.005 -25"><span class='ocrx_word' id='word_1_292' title='bbox 2011 916 2231 986; x_wconf 90' lang='lat' dir='ltr'><strong>parasti</strong></span> <span class='ocrx_word' id='word_1_293' title='bbox 2265 921 2320 972; x_wconf 90' lang='lat' dir='ltr'><strong>te</strong></span> <span class='ocrx_word' id='word_1_294' title='bbox 2354 924 2653 991; x_wconf 87' lang='lat' dir='ltr'><strong>unguento</strong></span> <span class='ocrx_word' id='word_1_295' title='bbox 2694 920 2870 992; x_wconf 90' lang='lat' dir='ltr'><strong>regio,</strong></span> <span class='ocrx_word' id='word_1_296' title='bbox 2897 919 2953 975; x_wconf 92' lang='lat' dir='ltr'><strong>id</strong></span> <span class='ocrx_word' id='word_1_297' title='bbox 2987 925 3076 976; x_wconf 89' lang='lat' dir='ltr'><strong>est</strong></span> <span class='ocrx_word' id='word_1_298' title='bbox 3114 920 3423 989; x_wconf 90' lang='lat' dir='ltr'><strong>diabolico,</strong></span> <span class='ocrx_word' id='word_1_299' title='bbox 3448 922 3549 994; x_wconf 90' lang='lat' dir='ltr'><strong>qui</strong></span> <span class='ocrx_word' id='word_1_300' title='bbox 3579 925 3670 978; x_wconf 88' lang='lat' dir='ltr'><strong>est</strong></span> 
     </span>
    </p>
   </div>
   <div class='ocr_carea' id='block_1_40' title="bbox 2012 1006 3671 1083">
    <p class='ocr_par' dir='ltr' id='par_1_40' title="bbox 2012 1006 3671 1083">
     <span class='ocr_line' id='line_1_40' title="bbox 2012 1006 3671 1083; baseline 0.005 -26"><span class='ocrx_word' id='word_1_301' title='bbox 2012 1019 2112 1058; x_wconf 85' lang='lat' dir='ltr'><strong>rex</strong></span> <span class='ocrx_word' id='word_1_302' title='bbox 2139 1022 2317 1077; x_wconf 87' lang='lat' dir='ltr'><strong>super</strong></span> <span class='ocrx_word' id='word_1_303' title='bbox 2339 1023 2543 1062; x_wconf 90' lang='lat' dir='ltr'><strong>omnes</strong></span> <span class='ocrx_word' id='word_1_304' title='bbox 2574 1006 2726 1063; x_wconf 90' lang='lat' dir='ltr'><strong>ﬁlios</strong></span> <span class='ocrx_word' id='word_1_305' title='bbox 2756 1008 3062 1080; x_wconf 68' lang='lat' dir='ltr'><strong>superbiae.</strong></span> <span class='ocrx_word' id='word_1_306' title='bbox 3086 1009 3188 1065; x_wconf 89' lang='lat' dir='ltr'><strong>Vel</strong></span> <span class='ocrx_word' id='word_1_307' title='bbox 3213 1014 3510 1083; x_wconf 89' lang='lat' dir='ltr'><strong>unguento</strong></span> <span class='ocrx_word' id='word_1_308' title='bbox 3531 1028 3671 1083; x_wconf 64' lang='lat' dir='ltr'><strong>pra:-</strong></span> 
     </span>
    </p>
   </div>
   <div class='ocr_carea' id='block_1_41' title="bbox 2015 1093 3671 1170">
    <p class='ocr_par' dir='ltr' id='par_1_41' title="bbox 2015 1093 3671 1170">
     <span class='ocr_line' id='line_1_41' title="bbox 2015 1093 3671 1170; baseline 0.005 -23"><span class='ocrx_word' id='word_1_309' title='bbox 2015 1093 2234 1163; x_wconf 89' lang='lat' dir='ltr'><strong>parasti</strong></span> <span class='ocrx_word' id='word_1_310' title='bbox 2268 1098 2321 1148; x_wconf 90' lang='lat' dir='ltr'><strong>te</strong></span> <span class='ocrx_word' id='word_1_311' title='bbox 2355 1095 2533 1167; x_wconf 86' lang='lat' dir='ltr'><strong>regio,</strong></span> <span class='ocrx_word' id='word_1_312' title='bbox 2568 1094 2624 1149; x_wconf 91' lang='lat' dir='ltr'><strong>id</strong></span> <span class='ocrx_word' id='word_1_313' title='bbox 2658 1100 2765 1160; x_wconf 85' lang='lat' dir='ltr'><strong>est,</strong></span> <span class='ocrx_word' id='word_1_314' title='bbox 2800 1096 2954 1152; x_wconf 85' lang='lat' dir='ltr'><strong>idolo</strong></span> <span class='ocrx_word' id='word_1_315' title='bbox 2995 1096 3385 1153; x_wconf 88' lang='lat' dir='ltr'><strong>Moabitarum</strong></span> <span class='ocrx_word' id='word_1_316' title='bbox 3410 1115 3423 1154; x_wconf 93' lang='lat'>:</span> <span class='ocrx_word' id='word_1_317' title='bbox 3448 1099 3605 1170; x_wconf 93' lang='lat' dir='ltr'><strong>quod</strong></span> <span class='ocrx_word' id='word_1_318' title='bbox 3635 1116 3671 1155; x_wconf 88' lang='lat' dir='ltr'><strong>a</strong></span> 
     </span>
    </p>
   </div>
   <div class='ocr_carea' id='block_1_42' title="bbox 2016 1180 3672 1257">
    <p class='ocr_par' dir='ltr' id='par_1_42' title="bbox 2016 1180 3672 1257">
     <span class='ocr_line' id='line_1_42' title="bbox 2016 1180 3672 1257; baseline 0.005 -23"><span class='ocrx_word' id='word_1_319' title='bbox 2016 1180 2374 1252; x_wconf 88' lang='lat' dir='ltr'><strong>quibusdam</strong></span> <span class='ocrx_word' id='word_1_320' title='bbox 2398 1182 2623 1237; x_wconf 87' lang='lat' dir='ltr'><strong>Moloch</strong></span> <span class='ocrx_word' id='word_1_321' title='bbox 2649 1183 2737 1237; x_wconf 91' lang='lat' dir='ltr'><strong>vel</strong></span> <span class='ocrx_word' id='word_1_322' title='bbox 2760 1183 3025 1239; x_wconf 89' lang='lat' dir='ltr'><strong>Melehon</strong></span> <span class='ocrx_word' id='word_1_323' title='bbox 3050 1185 3398 1257; x_wconf 88' lang='lat' dir='ltr'><strong>appellatur,</strong></span> <span class='ocrx_word' id='word_1_324' title='bbox 3423 1191 3479 1242; x_wconf 89' lang='lat' dir='ltr'><strong>et</strong></span> <span class='ocrx_word' id='word_1_325' title='bbox 3499 1187 3672 1242; x_wconf 90' lang='lat' dir='ltr'><strong>inter-</strong></span> 
     </span>
    </p>
   </div>
   <div class='ocr_carea' id='block_1_43' title="bbox 2015 1271 3672 1343">
    <p class='ocr_par' dir='ltr' id='par_1_43' title="bbox 2015 1271 3672 1343">
     <span class='ocr_line' id='line_1_43' title="bbox 2015 1271 3672 1343; baseline 0.004 -19"><span class='ocrx_word' id='word_1_326' title='bbox 2015 1274 2279 1341; x_wconf 87' lang='lat' dir='ltr'><strong>pretatur</strong></span> <span class='ocrx_word' id='word_1_327' title='bbox 2301 1288 2420 1327; x_wconf 73' lang='lat' dir='ltr'><strong>rex.</strong></span> <span class='ocrx_word' id='word_1_328' title='bbox 2447 1271 2550 1326; x_wconf 88' lang='lat' dir='ltr'><strong>Cui</strong></span> <span class='ocrx_word' id='word_1_329' title='bbox 2578 1289 2639 1327; x_wconf 88' lang='lat' dir='ltr'><strong>se</strong></span> <span class='ocrx_word' id='word_1_330' title='bbox 2671 1273 3036 1343; x_wconf 70' lang='lat' dir='ltr'><strong>praeparabat</strong></span> <span class='ocrx_word' id='word_1_331' title='bbox 3060 1272 3414 1330; x_wconf 82' lang='lat' dir='ltr'><strong>Hierusalem</strong></span> <span class='ocrx_word' id='word_1_332' title='bbox 3437 1279 3494 1331; x_wconf 89' lang='lat' dir='ltr'><strong>et</strong></span> <span class='ocrx_word' id='word_1_333' title='bbox 3525 1275 3672 1331; x_wconf 92' lang='lat' dir='ltr'><strong>mul-</strong></span> 
     </span>
    </p>
   </div>
   <div class='ocr_carea' id='block_1_44' title="bbox 2013 1354 3671 1435">
    <p class='ocr_par' dir='ltr' id='par_1_44' title="bbox 2013 1354 3671 1435">
     <span class='ocr_line' id='line_1_44' title="bbox 2013 1354 3671 1435; baseline 0.005 -23"><span class='ocrx_word' id='word_1_334' title='bbox 2013 1358 2056 1412; x_wconf 85' lang='lat' dir='ltr'><strong>ti</strong></span> <span class='ocrx_word' id='word_1_335' title='bbox 2064 1358 2319 1430; x_wconf 88' lang='lat' dir='ltr'><strong>plicabat</strong></span> <span class='ocrx_word' id='word_1_336' title='bbox 2339 1360 2664 1433; x_wconf 88' lang='lat' dir='ltr'><strong>pigmenta,</strong></span> <span class='ocrx_word' id='word_1_337' title='bbox 2686 1364 2750 1415; x_wconf 91' lang='lat' dir='ltr'><strong>ut</strong></span> <span class='ocrx_word' id='word_1_338' title='bbox 2771 1365 2983 1417; x_wconf 90' lang='lat' dir='ltr'><strong>ornatu</strong></span> <span class='ocrx_word' id='word_1_339' title='bbox 3008 1378 3115 1416; x_wconf 89' lang='lat' dir='ltr'><strong>suo</strong></span> <span class='ocrx_word' id='word_1_340' title='bbox 3137 1354 3192 1416; x_wconf 85' lang='lat' dir='ltr'><strong>et</strong></span> <span class='ocrx_word' id='word_1_341' title='bbox 3215 1362 3389 1418; x_wconf 91' lang='lat' dir='ltr'><strong>odore</strong></span> <span class='ocrx_word' id='word_1_342' title='bbox 3420 1363 3671 1435; x_wconf 87' lang='lat' dir='ltr'><strong>placeret</strong></span> 
     </span>
    </p>
   </div>
   <div class='ocr_carea' id='block_1_45' title="bbox 2016 1448 2564 1504">
    <p class='ocr_par' dir='ltr' id='par_1_45' title="bbox 2016 1448 2564 1504">
     <span class='ocr_line' id='line_1_45' title="bbox 2016 1448 2564 1504; baseline 0 -2"><span class='ocrx_word' id='word_1_343' title='bbox 2016 1448 2380 1503; x_wconf 88' lang='lat' dir='ltr'><strong>amatoribus</strong></span> <span class='ocrx_word' id='word_1_344' title='bbox 2418 1448 2564 1504; x_wconf 91' lang='lat' dir='ltr'><strong>suis.</strong></span> 
     </span>
    </p>
   </div>
   <div class='ocr_carea' id='block_1_46' title="bbox 2092 1536 3672 1609">
    <p class='ocr_par' dir='ltr' id='par_1_46' title="bbox 2092 1536 3672 1609">
     <span class='ocr_line' id='line_1_46' title="bbox 2092 1536 3672 1609; baseline 0.006 -22"><span class='ocrx_word' id='word_1_345' title='bbox 2092 1559 2119 1586; x_wconf 83' lang='lat'><strong>«</strong></span> <span class='ocrx_word' id='word_1_346' title='bbox 2144 1536 2355 1592; x_wconf 89' lang='lat' dir='ltr'><strong>Misisti</strong></span> <span class='ocrx_word' id='word_1_347' title='bbox 2388 1536 2611 1609; x_wconf 86' lang='lat' dir='ltr'><strong>legatos</strong></span> <span class='ocrx_word' id='word_1_348' title='bbox 2642 1541 2775 1592; x_wconf 86' lang='lat' dir='ltr'><strong>tuos</strong></span> <span class='ocrx_word' id='word_1_349' title='bbox 2806 1537 3069 1609; x_wconf 78' lang='lat' dir='ltr'><strong>procul,»</strong></span> <span class='ocrx_word' id='word_1_350' title='bbox 3091 1539 3398 1606; x_wconf 89' lang='lat' dir='ltr'><strong>subaudis,</strong></span> <span class='ocrx_word' id='word_1_351' title='bbox 3422 1540 3494 1596; x_wconf 91' lang='lat' dir='ltr'><strong>ad</strong></span> <span class='ocrx_word' id='word_1_352' title='bbox 3516 1540 3672 1596; x_wconf 91' lang='lat' dir='ltr'><strong>defe-</strong></span> 
     </span>
    </p>
   </div>
   <div class='ocr_carea' id='block_1_47' title="bbox 2017 1624 3671 1696">
    <p class='ocr_par' dir='ltr' id='par_1_47' title="bbox 2017 1624 3671 1696">
     <span class='ocr_line' id='line_1_47' title="bbox 2017 1624 3671 1696; baseline 0.003 -17"><span class='ocrx_word' id='word_1_353' title='bbox 2017 1625 2199 1679; x_wconf 89' lang='lat' dir='ltr'><strong>renda</strong></span> <span class='ocrx_word' id='word_1_354' title='bbox 2230 1624 2404 1693; x_wconf 89' lang='lat' dir='ltr'><strong>idola,</strong></span> <span class='ocrx_word' id='word_1_355' title='bbox 2428 1629 2485 1679; x_wconf 89' lang='lat' dir='ltr'><strong>et</strong></span> <span class='ocrx_word' id='word_1_356' title='bbox 2531 1626 2941 1681; x_wconf 88' lang='lat' dir='ltr'><strong>conducendos</strong></span> <span class='ocrx_word' id='word_1_357' title='bbox 2992 1631 3307 1696; x_wconf 88' lang='lat' dir='ltr'><strong>amatores,</strong></span> <span class='ocrx_word' id='word_1_358' title='bbox 3332 1650 3359 1678; x_wconf 89' lang='grc'><strong>‹‹</strong></span> <span class='ocrx_word' id='word_1_359' title='bbox 3390 1631 3447 1683; x_wconf 92' lang='lat' dir='ltr'><strong>et</strong></span> <span class='ocrx_word' id='word_1_360' title='bbox 3476 1628 3671 1684; x_wconf 90' lang='lat' dir='ltr'><strong>humi-</strong></span> 
     </span>
    </p>
   </div>
   <div class='ocr_carea' id='block_1_48' title="bbox 2016 1711 3672 1787">
    <p class='ocr_par' dir='ltr' id='par_1_48' title="bbox 2016 1711 3672 1787">
     <span class='ocr_line' id='line_1_48' title="bbox 2016 1711 3672 1787; baseline 0.003 -20"><span class='ocrx_word' id='word_1_361' title='bbox 2016 1711 2158 1768; x_wconf 90' lang='lat' dir='ltr'><strong>liata</strong></span> <span class='ocrx_word' id='word_1_362' title='bbox 2185 1730 2249 1769; x_wconf 86' lang='lat' dir='ltr'><strong>es</strong></span> <span class='ocrx_word' id='word_1_363' title='bbox 2280 1730 2466 1785; x_wconf 91' lang='lat' dir='ltr'><strong>usque</strong></span> <span class='ocrx_word' id='word_1_364' title='bbox 2496 1712 2732 1780; x_wconf 89' lang='lat' dir='ltr'><strong>inferos,</strong></span> <span class='ocrx_word' id='word_1_365' title='bbox 2763 1738 2784 1763; x_wconf 76' lang='grc' dir='ltr'>ιι</span> <span class='ocrx_word' id='word_1_366' title='bbox 2818 1712 2877 1768; x_wconf 89' lang='lat' dir='ltr'><strong>id</strong></span> <span class='ocrx_word' id='word_1_367' title='bbox 2931 1719 3038 1780; x_wconf 89' lang='lat' dir='ltr'><strong>est,</strong></span> <span class='ocrx_word' id='word_1_368' title='bbox 3082 1719 3318 1787; x_wconf 89' lang='lat' dir='ltr'><strong>propter</strong></span> <span class='ocrx_word' id='word_1_369' title='bbox 3364 1732 3541 1787; x_wconf 89' lang='lat' dir='ltr'><strong>opera</strong></span> <span class='ocrx_word' id='word_1_370' title='bbox 3570 1720 3672 1772; x_wconf 89' lang='lat' dir='ltr'><strong>tua</strong></span> 
     </span>
    </p>
   </div>
   <div class='ocr_carea' id='block_1_49' title="bbox 1937 1801 3668 1899">
    <p class='ocr_par' dir='ltr' id='par_1_49' title="bbox 1937 1801 3668 1899">
     <span class='ocr_line' id='line_1_49' title="bbox 1937 1801 3668 1899; baseline 0.002 -43"><span class='ocrx_word' id='word_1_371' title='bbox 1937 1833 1987 1899; x_wconf 82' lang='grc' dir='ltr'><strong>Β</strong></span> <span class='ocrx_word' id='word_1_372' title='bbox 2020 1801 2176 1899; x_wconf 73' lang='lat' dir='ltr'><strong>mala</strong></span> <span class='ocrx_word' id='word_1_373' title='bbox 2203 1801 2567 1899; x_wconf 73' lang='lat' dir='ltr'><strong>prmcipitata</strong></span> <span class='ocrx_word' id='word_1_374' title='bbox 2586 1820 2649 1899; x_wconf 78' lang='lat' dir='ltr'><strong>es</strong></span> <span class='ocrx_word' id='word_1_375' title='bbox 2678 1801 2737 1857; x_wconf 90' lang='lat' dir='ltr'><strong>in</strong></span> <span class='ocrx_word' id='word_1_376' title='bbox 2761 1806 3029 1858; x_wconf 90' lang='lat' dir='ltr'><strong>mortem.</strong></span> <span class='ocrx_word' id='word_1_377' title='bbox 3055 1803 3123 1858; x_wconf 89' lang='lat' dir='ltr'><strong>Et</strong></span> <span class='ocrx_word' id='word_1_378' title='bbox 3153 1807 3242 1859; x_wconf 91' lang='lat' dir='ltr'><strong>est</strong></span> <span class='ocrx_word' id='word_1_379' title='bbox 3271 1820 3515 1860; x_wconf 89' lang='lat' dir='ltr'><strong>sensus:</strong></span> <span class='ocrx_word' id='word_1_380' title='bbox 3541 1805 3668 1860; x_wconf 88' lang='lat' dir='ltr'><strong>Non</strong></span> 
     </span>
    </p>
   </div>
   <div class='ocr_carea' id='block_1_50' title="bbox 2017 1890 3669 1965">
    <p class='ocr_par' dir='ltr' id='par_1_50' title="bbox 2017 1890 3669 1965">
     <span class='ocr_line' id='line_1_50' title="bbox 2017 1890 3669 1965; baseline 0.001 -18"><span class='ocrx_word' id='word_1_381' title='bbox 2017 1891 2247 1947; x_wconf 82' lang='lat' dir='ltr'><strong>suﬁ&#39;ecit</strong></span> <span class='ocrx_word' id='word_1_382' title='bbox 2276 1892 2381 1947; x_wconf 90' lang='lat' dir='ltr'><strong>tibi</strong></span> <span class='ocrx_word' id='word_1_383' title='bbox 2414 1896 2478 1947; x_wconf 92' lang='lat' dir='ltr'><strong>ut</strong></span> <span class='ocrx_word' id='word_1_384' title='bbox 2518 1890 2890 1948; x_wconf 90' lang='lat' dir='ltr'><strong>solummodo</strong></span> <span class='ocrx_word' id='word_1_385' title='bbox 2923 1892 3198 1949; x_wconf 90' lang='lat' dir='ltr'><strong>adorares</strong></span> <span class='ocrx_word' id='word_1_386' title='bbox 3244 1893 3383 1949; x_wconf 90' lang='lat' dir='ltr'><strong>deos</strong></span> <span class='ocrx_word' id='word_1_387' title='bbox 3431 1910 3579 1965; x_wconf 91' lang='lat' dir='ltr'><strong>quos</strong></span> <span class='ocrx_word' id='word_1_388' title='bbox 3607 1893 3669 1949; x_wconf 91' lang='lat' dir='ltr'><strong>in</strong></span> 
     </span>
    </p>
   </div>
   <div class='ocr_carea' id='block_1_51' title="bbox 2017 1979 3671 2054">
    <p class='ocr_par' dir='ltr' id='par_1_51' title="bbox 2017 1979 3671 2054">
     <span class='ocr_line' id='line_1_51' title="bbox 2017 1979 3671 2054; baseline 0.001 -19"><span class='ocrx_word' id='word_1_389' title='bbox 2017 1979 2264 2036; x_wconf 90' lang='lat' dir='ltr'><strong>circuitu</strong></span> <span class='ocrx_word' id='word_1_390' title='bbox 2296 1984 2396 2036; x_wconf 91' lang='lat' dir='ltr'><strong>tuo</strong></span> <span class='ocrx_word' id='word_1_391' title='bbox 2446 1984 2647 2054; x_wconf 83' lang='lat' dir='ltr'><strong>gentes</strong></span> <span class='ocrx_word' id='word_1_392' title='bbox 2679 1979 2951 2036; x_wconf 75' lang='lat' dir='ltr'><strong>colebant</strong></span> <span class='ocrx_word' id='word_1_393' title='bbox 2982 1998 2994 2036; x_wconf 93' lang='lat'>:</span> <span class='ocrx_word' id='word_1_394' title='bbox 3030 1981 3131 2036; x_wconf 91' lang='lat' dir='ltr'><strong>sed</strong></span> <span class='ocrx_word' id='word_1_395' title='bbox 3165 1981 3404 2053; x_wconf 91' lang='lat' dir='ltr'><strong>insuper</strong></span> <span class='ocrx_word' id='word_1_396' title='bbox 3452 1980 3671 2037; x_wconf 90' lang='lat' dir='ltr'><strong>misisti</strong></span> 
     </span>
    </p>
   </div>
   <div class='ocr_carea' id='block_1_52' title="bbox 2015 2067 3670 2142">
    <p class='ocr_par' dir='ltr' id='par_1_52' title="bbox 2015 2067 3670 2142">
     <span class='ocr_line' id='line_1_52' title="bbox 2015 2067 3670 2142; baseline 0.002 -19"><span class='ocrx_word' id='word_1_397' title='bbox 2015 2067 2216 2142; x_wconf 91' lang='lat' dir='ltr'><strong>procul</strong></span> <span class='ocrx_word' id='word_1_398' title='bbox 2238 2069 2297 2123; x_wconf 90' lang='lat' dir='ltr'><strong>in</strong></span> <span class='ocrx_word' id='word_1_399' title='bbox 2320 2068 2671 2142; x_wconf 87' lang='lat' dir='ltr'><strong>Babylonem</strong></span> <span class='ocrx_word' id='word_1_400' title='bbox 2691 2072 2747 2124; x_wconf 91' lang='lat' dir='ltr'><strong>et</strong></span> <span class='ocrx_word' id='word_1_401' title='bbox 2766 2068 2824 2122; x_wconf 91' lang='lat' dir='ltr'><strong>in</strong></span> <span class='ocrx_word' id='word_1_402' title='bbox 2841 2069 3177 2141; x_wconf 63' lang='lat' dir='ltr'><strong>Egyptum,</strong></span> <span class='ocrx_word' id='word_1_403' title='bbox 3196 2073 3260 2125; x_wconf 89' lang='lat' dir='ltr'><strong>ut</strong></span> <span class='ocrx_word' id='word_1_404' title='bbox 3282 2069 3515 2125; x_wconf 88' lang='lat' dir='ltr'><strong>illorum</strong></span> <span class='ocrx_word' id='word_1_405' title='bbox 3533 2087 3670 2142; x_wconf 87' lang='lat' dir='ltr'><strong>quo-</strong></span> 
     </span>
    </p>
   </div>
   <div class='ocr_carea' id='block_1_53' title="bbox 2015 2157 3668 2230">
    <p class='ocr_par' dir='ltr' id='par_1_53' title="bbox 2015 2157 3668 2230">
     <span class='ocr_line' id='line_1_53' title="bbox 2015 2157 3668 2230; baseline 0.002 -19"><span class='ocrx_word' id='word_1_406' title='bbox 2015 2174 2128 2230; x_wconf 91' lang='lat' dir='ltr'><strong>que</strong></span> <span class='ocrx_word' id='word_1_407' title='bbox 2159 2157 2298 2213; x_wconf 89' lang='lat' dir='ltr'><strong>deos</strong></span> <span class='ocrx_word' id='word_1_408' title='bbox 2327 2159 2577 2213; x_wconf 90' lang='lat' dir='ltr'><strong>adorans</strong></span> <span class='ocrx_word' id='word_1_409' title='bbox 2599 2157 3040 2213; x_wconf 84' lang='lat' dir='ltr'><strong>fornicationem</strong></span> <span class='ocrx_word' id='word_1_410' title='bbox 3069 2162 3232 2213; x_wconf 89' lang='lat' dir='ltr'><strong>tuam</strong></span> <span class='ocrx_word' id='word_1_411' title='bbox 3253 2157 3511 2230; x_wconf 84' lang='lat' dir='ltr'><strong>expleres</strong></span> <span class='ocrx_word' id='word_1_412' title='bbox 3530 2174 3668 2214; x_wconf 91' lang='lat' dir='ltr'><strong>cum</strong></span> 
     </span>
    </p>
   </div>
   <div class='ocr_carea' id='block_1_54' title="bbox 2014 2245 3669 2319">
    <p class='ocr_par' dir='ltr' id='par_1_54' title="bbox 2014 2245 3669 2319">
     <span class='ocr_line' id='line_1_54' title="bbox 2014 2245 3669 2319; baseline 0.001 -18"><span class='ocrx_word' id='word_1_413' title='bbox 2014 2246 2338 2302; x_wconf 88' lang='lat' dir='ltr'><strong>cultoribus</strong></span> <span class='ocrx_word' id='word_1_414' title='bbox 2368 2263 2593 2302; x_wconf 90' lang='lat' dir='ltr'><strong>eorum.</strong></span> <span class='ocrx_word' id='word_1_415' title='bbox 2618 2247 2781 2313; x_wconf 86' lang='lat' dir='ltr'><strong>Quod</strong></span> <span class='ocrx_word' id='word_1_416' title='bbox 2834 2246 2996 2313; x_wconf 86' lang='lat' dir='ltr'><strong>dicit,</strong></span> <span class='ocrx_word' id='word_1_417' title='bbox 3030 2245 3343 2301; x_wconf 90' lang='lat' dir='ltr'><strong>humiliata</strong></span> <span class='ocrx_word' id='word_1_418' title='bbox 3372 2264 3435 2302; x_wconf 89' lang='lat' dir='ltr'><strong>es</strong></span> <span class='ocrx_word' id='word_1_419' title='bbox 3480 2263 3669 2319; x_wconf 88' lang='lat' dir='ltr'><strong>usque</strong></span> 
     </span>
    </p>
   </div>
   <div class='ocr_carea' id='block_1_55' title="bbox 2014 2333 3668 2407">
    <p class='ocr_par' dir='ltr' id='par_1_55' title="bbox 2014 2333 3668 2407">
     <span class='ocr_line' id='line_1_55' title="bbox 2014 2333 3668 2407; baseline -0.001 -16"><span class='ocrx_word' id='word_1_420' title='bbox 2014 2336 2087 2391; x_wconf 87' lang='lat' dir='ltr'><strong>ad</strong></span> <span class='ocrx_word' id='word_1_421' title='bbox 2110 2334 2389 2403; x_wconf 89' lang='lat' dir='ltr'><strong>infernos,</strong></span> <span class='ocrx_word' id='word_1_422' title='bbox 2406 2352 2520 2389; x_wconf 91' lang='lat' dir='ltr'><strong>non</strong></span> <span class='ocrx_word' id='word_1_423' title='bbox 2540 2338 2629 2390; x_wconf 87' lang='lat' dir='ltr'><strong>est</strong></span> <span class='ocrx_word' id='word_1_424' title='bbox 2649 2334 2763 2389; x_wconf 91' lang='lat' dir='ltr'><strong>ista</strong></span> <span class='ocrx_word' id='word_1_425' title='bbox 2780 2333 3112 2389; x_wconf 87' lang='lat' dir='ltr'><strong>humiliatio</strong></span> <span class='ocrx_word' id='word_1_426' title='bbox 3135 2334 3193 2388; x_wconf 92' lang='lat' dir='ltr'><strong>in</strong></span> <span class='ocrx_word' id='word_1_427' title='bbox 3211 2334 3425 2389; x_wconf 86' lang='lat' dir='ltr'><strong>bonam</strong></span> <span class='ocrx_word' id='word_1_428' title='bbox 3444 2338 3668 2407; x_wconf 88' lang='lat' dir='ltr'><strong>partem</strong></span> 
     </span>
    </p>
   </div>
   <div class='ocr_carea' id='block_1_56' title="bbox 2014 2420 3667 2495">
    <p class='ocr_par' dir='ltr' id='par_1_56' title="bbox 2014 2420 3667 2495">
     <span class='ocr_line' id='line_1_56' title="bbox 2014 2420 3667 2495; baseline -0.001 -16"><span class='ocrx_word' id='word_1_429' title='bbox 2014 2422 2413 2495; x_wconf 86' lang='lat' dir='ltr'><strong>intelligenda.</strong></span> <span class='ocrx_word' id='word_1_430' title='bbox 2448 2423 2549 2477; x_wconf 90' lang='lat' dir='ltr'><strong>Est</strong></span> <span class='ocrx_word' id='word_1_431' title='bbox 2579 2422 2738 2477; x_wconf 90' lang='lat' dir='ltr'><strong>enim</strong></span> <span class='ocrx_word' id='word_1_432' title='bbox 2782 2421 3091 2477; x_wconf 84' lang='lat' dir='ltr'><strong>humilitas</strong></span> <span class='ocrx_word' id='word_1_433' title='bbox 3140 2439 3267 2493; x_wconf 62' lang='lat' dir='ltr'><strong>quae</strong></span> <span class='ocrx_word' id='word_1_434' title='bbox 3318 2420 3566 2493; x_wconf 90' lang='lat' dir='ltr'><strong>pertinet</strong></span> <span class='ocrx_word' id='word_1_435' title='bbox 3596 2422 3667 2477; x_wconf 89' lang='lat' dir='ltr'><strong>ad</strong></span> 
     </span>
    </p>
   </div>
   <div class='ocr_carea' id='block_1_57' title="bbox 2014 2509 3670 2584">
    <p class='ocr_par' dir='ltr' id='par_1_57' title="bbox 2014 2509 3670 2584">
     <span class='ocr_line' id='line_1_57' title="bbox 2014 2509 3670 2584; baseline -0.001 -18"><span class='ocrx_word' id='word_1_436' title='bbox 2014 2511 2261 2584; x_wconf 86' lang='lat' dir='ltr'><strong>gloriam</strong></span> <span class='ocrx_word' id='word_1_437' title='bbox 2295 2528 2308 2566; x_wconf 91' lang='lat'><strong>:</strong></span> <span class='ocrx_word' id='word_1_438' title='bbox 2345 2515 2408 2565; x_wconf 92' lang='lat' dir='ltr'><strong>ut</strong></span> <span class='ocrx_word' id='word_1_439' title='bbox 2438 2511 2603 2575; x_wconf 87' lang='lat' dir='ltr'><strong>illud,</strong></span> <span class='ocrx_word' id='word_1_440' title='bbox 2630 2534 2655 2560; x_wconf 86' lang='lat'>«</span> <span class='ocrx_word' id='word_1_441' title='bbox 2692 2510 2897 2565; x_wconf 88' lang='lat' dir='ltr'><strong>Omnis</strong></span> <span class='ocrx_word' id='word_1_442' title='bbox 2927 2510 3027 2582; x_wconf 88' lang='lat' dir='ltr'><strong>qui</strong></span> <span class='ocrx_word' id='word_1_443' title='bbox 3062 2528 3123 2565; x_wconf 88' lang='lat' dir='ltr'><strong>se</strong></span> <span class='ocrx_word' id='word_1_444' title='bbox 3152 2509 3430 2565; x_wconf 88' lang='lat' dir='ltr'><strong>humiliat</strong></span> <span class='ocrx_word' id='word_1_445' title='bbox 3453 2509 3670 2566; x_wconf 87' lang='lat' dir='ltr'><strong>exalta-</strong></span> 
     </span>
    </p>
   </div>
   <div class='ocr_carea' id='block_1_58' title="bbox 2013 2598 3670 2671">
    <p class='ocr_par' dir='ltr' id='par_1_58' title="bbox 2013 2598 3670 2671">
     <span class='ocr_line' id='line_1_58' title="bbox 2013 2598 3670 2671; baseline -0.001 -16"><span class='ocrx_word' id='word_1_446' title='bbox 2013 2600 2175 2655; x_wconf 91' lang='lat' dir='ltr'><strong>bitur</strong></span> <span class='ocrx_word' id='word_1_447' title='bbox 2202 2601 2351 2671; x_wconf 88' lang='lat' dir='ltr'><strong>(Luc.</strong></span> <span class='ocrx_word' id='word_1_448' title='bbox 2386 2616 2481 2654; x_wconf 79' lang='lat' dir='ltr'><strong>xw</strong></span> <span class='ocrx_word' id='word_1_449' title='bbox 2513 2603 2570 2652; x_wconf 91' lang='lat' dir='ltr'><strong>et</strong></span> <span class='ocrx_word' id='word_1_450' title='bbox 2597 2601 2780 2665; x_wconf 82' lang='lat' dir='ltr'><strong>xvui),</strong></span> <span class='ocrx_word' id='word_1_451' title='bbox 2808 2620 2835 2647; x_wconf 85' lang='grc'><strong>››</strong></span> <span class='ocrx_word' id='word_1_452' title='bbox 2871 2602 2981 2653; x_wconf 90' lang='lat' dir='ltr'><strong>etc.</strong></span> <span class='ocrx_word' id='word_1_453' title='bbox 3016 2599 3087 2653; x_wconf 88' lang='lat' dir='ltr'><strong>Et</strong></span> <span class='ocrx_word' id='word_1_454' title='bbox 3117 2602 3207 2653; x_wconf 91' lang='lat' dir='ltr'><strong>est</strong></span> <span class='ocrx_word' id='word_1_455' title='bbox 3240 2598 3353 2653; x_wconf 90' lang='lat' dir='ltr'><strong>alia</strong></span> <span class='ocrx_word' id='word_1_456' title='bbox 3383 2615 3511 2670; x_wconf 65' lang='lat' dir='ltr'><strong>qua:</strong></span> <span class='ocrx_word' id='word_1_457' title='bbox 3540 2615 3670 2670; x_wconf 87' lang='lat' dir='ltr'><strong>per-</strong></span> 
     </span>
    </p>
   </div>
   <div class='ocr_carea' id='block_1_59' title="bbox 2011 2684 3664 2757">
    <p class='ocr_par' dir='ltr' id='par_1_59' title="bbox 2011 2684 3664 2757">
     <span class='ocr_line' id='line_1_59' title="bbox 2011 2684 3664 2757; baseline -0.001 -15"><span class='ocrx_word' id='word_1_458' title='bbox 2011 2687 2159 2742; x_wconf 91' lang='lat' dir='ltr'><strong>tinet</strong></span> <span class='ocrx_word' id='word_1_459' title='bbox 2188 2689 2260 2742; x_wconf 91' lang='lat' dir='ltr'><strong>ad</strong></span> <span class='ocrx_word' id='word_1_460' title='bbox 2294 2686 2593 2742; x_wconf 89' lang='lat' dir='ltr'><strong>interitum</strong></span> <span class='ocrx_word' id='word_1_461' title='bbox 2616 2690 2674 2740; x_wconf 89' lang='lat' dir='ltr'><strong>et</strong></span> <span class='ocrx_word' id='word_1_462' title='bbox 2697 2686 3079 2741; x_wconf 89' lang='lat' dir='ltr'><strong>defectionem</strong></span> <span class='ocrx_word' id='word_1_463' title='bbox 3106 2702 3119 2739; x_wconf 92' lang='lat'><strong>:</strong></span> <span class='ocrx_word' id='word_1_464' title='bbox 3143 2690 3206 2741; x_wconf 91' lang='lat' dir='ltr'><strong>ut</strong></span> <span class='ocrx_word' id='word_1_465' title='bbox 3227 2688 3316 2740; x_wconf 91' lang='lat' dir='ltr'><strong>est</strong></span> <span class='ocrx_word' id='word_1_466' title='bbox 3337 2684 3481 2741; x_wconf 91' lang='lat' dir='ltr'><strong>illud</strong></span> <span class='ocrx_word' id='word_1_467' title='bbox 3505 2686 3664 2757; x_wconf 91' lang='lat' dir='ltr'><strong>quod</strong></span> 
     </span>
    </p>
   </div>
   <div class='ocr_carea' id='block_1_60' title="bbox 2014 2772 3663 2847">
    <p class='ocr_par' dir='ltr' id='par_1_60' title="bbox 2014 2772 3663 2847">
     <span class='ocr_line' id='line_1_60' title="bbox 2014 2772 3663 2847; baseline -0.001 -17"><span class='ocrx_word' id='word_1_468' title='bbox 2014 2776 2073 2830; x_wconf 90' lang='lat' dir='ltr'><strong>in</strong></span> <span class='ocrx_word' id='word_1_469' title='bbox 2105 2774 2253 2831; x_wconf 91' lang='lat' dir='ltr'><strong>libro</strong></span> <span class='ocrx_word' id='word_1_470' title='bbox 2304 2776 2528 2847; x_wconf 85' lang='lat' dir='ltr'><strong>Regum</strong></span> <span class='ocrx_word' id='word_1_471' title='bbox 2578 2772 2881 2845; x_wconf 81' lang='lat' dir='ltr'><strong>iegitur:«</strong></span> <span class='ocrx_word' id='word_1_472' title='bbox 2907 2772 3052 2839; x_wconf 93' lang='lat' dir='ltr'><strong>Quia</strong></span> <span class='ocrx_word' id='word_1_473' title='bbox 3099 2772 3431 2829; x_wconf 88' lang='lat' dir='ltr'><strong>humiliavit</strong></span> <span class='ocrx_word' id='word_1_474' title='bbox 3474 2775 3663 2829; x_wconf 89' lang='lat' dir='ltr'><strong>Amen</strong></span> 
     </span>
    </p>
   </div>
   <div class='ocr_carea' id='block_1_61' title="bbox 2012 2860 3664 2932">
    <p class='ocr_par' dir='ltr' id='par_1_61' title="bbox 2012 2860 3664 2932">
     <span class='ocr_line' id='line_1_61' title="bbox 2012 2860 3664 2932; baseline -0.001 -12"><span class='ocrx_word' id='word_1_475' title='bbox 2012 2865 2271 2921; x_wconf 89' lang='lat' dir='ltr'><strong>Thamar</strong></span> <span class='ocrx_word' id='word_1_476' title='bbox 2300 2878 2557 2919; x_wconf 90' lang='lat' dir='ltr'><strong>sororem</strong></span> <span class='ocrx_word' id='word_1_477' title='bbox 2591 2878 2759 2917; x_wconf 91' lang='lat' dir='ltr'><strong>suam</strong></span> <span class='ocrx_word' id='word_1_478' title='bbox 2801 2862 2874 2930; x_wconf 93' lang='lat' dir='ltr'><strong>(II</strong></span> <span class='ocrx_word' id='word_1_479' title='bbox 2902 2863 3028 2932; x_wconf 83' lang='lat' dir='ltr'><strong>Reg,</strong></span> <span class='ocrx_word' id='word_1_480' title='bbox 3051 2862 3196 2932; x_wconf 86' lang='lat' dir='ltr'><strong>xm).</strong></span> <span class='ocrx_word' id='word_1_481' title='bbox 3219 2883 3247 2911; x_wconf 84' lang='lat'><strong><em>»</em></strong></span> <span class='ocrx_word' id='word_1_482' title='bbox 3276 2863 3348 2917; x_wconf 91' lang='lat' dir='ltr'><strong>Et</strong></span> <span class='ocrx_word' id='word_1_483' title='bbox 3378 2860 3664 2918; x_wconf 88' lang='lat' dir='ltr'><strong>Dominus</strong></span> 
     </span>
    </p>
   </div>
   <div class='ocr_carea' id='block_1_62' title="bbox 2013 2948 3634 3021">
    <p class='ocr_par' dir='ltr' id='par_1_62' title="bbox 2013 2948 3634 3021">
     <span class='ocr_line' id='line_1_62' title="bbox 2013 2948 3634 3021; baseline -0.006 -13"><span class='ocrx_word' id='word_1_484' title='bbox 2013 2953 2153 3008; x_wconf 89' lang='lat' dir='ltr'><strong>dicit</strong></span> <span class='ocrx_word' id='word_1_485' title='bbox 2187 2969 2233 3007; x_wconf 84' lang='grc'><strong>;‹‹</strong></span> <span class='ocrx_word' id='word_1_486' title='bbox 2262 2950 2410 3017; x_wconf 87' lang='lat' dir='ltr'><strong>Quia</strong></span> <span class='ocrx_word' id='word_1_487' title='bbox 2439 2949 2631 3005; x_wconf 89' lang='lat' dir='ltr'><strong>omnis</strong></span> <span class='ocrx_word' id='word_1_488' title='bbox 2661 2948 2762 3021; x_wconf 91' lang='lat' dir='ltr'><strong>qui</strong></span> <span class='ocrx_word' id='word_1_489' title='bbox 2794 2967 2855 3005; x_wconf 90' lang='lat' dir='ltr'><strong>se</strong></span> <span class='ocrx_word' id='word_1_490' title='bbox 2885 2949 3118 3016; x_wconf 85' lang='lat' dir='ltr'><strong>exaltat,</strong></span> <span class='ocrx_word' id='word_1_491' title='bbox 3146 2949 3578 3006; x_wconf 89' lang='lat' dir='ltr'><strong>bumiliabitur.</strong></span> <span class='ocrx_word' id='word_1_492' title='bbox 3606 2972 3634 2999; x_wconf 86' lang='grc'><strong>››</strong></span> 
     </span>
    </p>
   </div>
   <div class='ocr_carea' id='block_1_63' title="bbox 2085 3037 3663 3104">
    <p class='ocr_par' dir='ltr' id='par_1_63' title="bbox 2085 3037 3663 3104">
     <span class='ocr_line' id='line_1_63' title="bbox 2085 3037 3663 3104; baseline 0.001 -13"><span class='ocrx_word' id='word_1_493' title='bbox 2085 3065 2111 3091; x_wconf 87' lang='grc'><em>‹‹</em></span> <span class='ocrx_word' id='word_1_494' title='bbox 2148 3040 2211 3095; x_wconf 91' lang='lat' dir='ltr'><strong>In</strong></span> <span class='ocrx_word' id='word_1_495' title='bbox 2262 3039 2639 3094; x_wconf 88' lang='lat' dir='ltr'><strong>multitudine</strong></span> <span class='ocrx_word' id='word_1_496' title='bbox 2670 3038 2771 3092; x_wconf 70' lang='grc' dir='ltr'><strong>νὶω</strong></span> <span class='ocrx_word' id='word_1_497' title='bbox 2820 3043 2933 3093; x_wconf 74' lang='lat' dir='ltr'><strong>tua:</strong></span> <span class='ocrx_word' id='word_1_498' title='bbox 2981 3037 3283 3104; x_wconf 87' lang='lat' dir='ltr'><strong>laborasti,</strong></span> <span class='ocrx_word' id='word_1_499' title='bbox 3309 3060 3335 3087; x_wconf 86' lang='grc'><strong>››</strong></span> <span class='ocrx_word' id='word_1_500' title='bbox 3368 3037 3424 3093; x_wconf 93' lang='lat' dir='ltr'><strong>id</strong></span> <span class='ocrx_word' id='word_1_501' title='bbox 3467 3042 3558 3094; x_wconf 87' lang='lat' dir='ltr'><strong>est</strong></span> <span class='ocrx_word' id='word_1_502' title='bbox 3602 3037 3663 3093; x_wconf 90' lang='lat' dir='ltr'><strong>in</strong></span> 
     </span>
    </p>
   </div>
   <div class='ocr_carea' id='block_1_64' title="bbox 2015 3126 3668 3199">
    <p class='ocr_par' dir='ltr' id='par_1_64' title="bbox 2015 3126 3668 3199">
     <span class='ocr_line' id='line_1_64' title="bbox 2015 3126 3668 3199; baseline -0.001 -15"><span class='ocrx_word' id='word_1_503' title='bbox 2015 3128 2219 3184; x_wconf 90' lang='lat' dir='ltr'><strong>multis</strong></span> <span class='ocrx_word' id='word_1_504' title='bbox 2249 3127 2577 3184; x_wconf 90' lang='lat' dir='ltr'><strong>actionibus</strong></span> <span class='ocrx_word' id='word_1_505' title='bbox 2610 3126 2726 3181; x_wconf 91' lang='lat' dir='ltr'><strong>tuis</strong></span> <span class='ocrx_word' id='word_1_506' title='bbox 2756 3127 2970 3199; x_wconf 86' lang='lat' dir='ltr'><strong>pravis.</strong></span> <span class='ocrx_word' id='word_1_507' title='bbox 2995 3150 3022 3176; x_wconf 90' lang='grc'><strong>‹‹</strong></span> <span class='ocrx_word' id='word_1_508' title='bbox 3047 3128 3117 3182; x_wconf 89' lang='lat' dir='ltr'><strong>Et</strong></span> <span class='ocrx_word' id='word_1_509' title='bbox 3146 3144 3261 3181; x_wconf 88' lang='lat' dir='ltr'><strong>non</strong></span> <span class='ocrx_word' id='word_1_510' title='bbox 3290 3126 3508 3194; x_wconf 85' lang='lat' dir='ltr'><strong>dixisti,</strong></span> <span class='ocrx_word' id='word_1_511' title='bbox 3535 3126 3668 3193; x_wconf 90' lang='lat' dir='ltr'><strong>Qui-</strong></span> 
     </span>
    </p>
   </div>
   <div class='ocr_carea' id='block_1_65' title="bbox 245 3193 3665 3287">
    <p class='ocr_par' dir='ltr' id='par_1_65' title="bbox 245 3193 3665 3287">
     <span class='ocr_line' id='line_1_65' title="bbox 245 3193 3665 3287; baseline -0.001 -10"><span class='ocrx_word' id='word_1_512' title='bbox 245 3238 381 3287; x_wconf 86' lang='lat' dir='ltr'><strong>sua,</strong></span> <span class='ocrx_word' id='word_1_513' title='bbox 408 3224 473 3274; x_wconf 91' lang='lat' dir='ltr'><strong>ut</strong></span> <span class='ocrx_word' id='word_1_514' title='bbox 502 3218 581 3272; x_wconf 92' lang='lat' dir='ltr'><strong>ibi</strong></span> <span class='ocrx_word' id='word_1_515' title='bbox 616 3215 908 3272; x_wconf 78' lang='lat' dir='ltr'><strong>luxuriam</strong></span> <span class='ocrx_word' id='word_1_516' title='bbox 938 3213 1500 3286; x_wconf 88' lang='lat' dir='ltr'><strong>fornicationemque</strong></span> <span class='ocrx_word' id='word_1_517' title='bbox 1531 3230 1699 3268; x_wconf 90' lang='lat' dir='ltr'><strong>suam</strong></span> <span class='ocrx_word' id='word_1_518' title='bbox 1720 3214 1906 3286; x_wconf 89' lang='lat' dir='ltr'><strong>explc-</strong></span> <span class='ocrx_word' id='word_1_519' title='bbox 1934 3193 1976 3257; x_wconf 59' lang='grc' dir='ltr'><strong>(ἶ</strong></span> <span class='ocrx_word' id='word_1_520' title='bbox 2016 3236 2233 3284; x_wconf 89' lang='lat' dir='ltr'><strong>escam,</strong></span> <span class='ocrx_word' id='word_1_521' title='bbox 2258 3239 2284 3267; x_wconf 80' lang='grc'><strong>››</strong></span> <span class='ocrx_word' id='word_1_522' title='bbox 2322 3215 2626 3283; x_wconf 87' lang='lat' dir='ltr'><strong>subaudis,</strong></span> <span class='ocrx_word' id='word_1_523' title='bbox 2650 3234 2683 3271; x_wconf 87' lang='lat' dir='ltr'><strong>a</strong></span> <span class='ocrx_word' id='word_1_524' title='bbox 2712 3215 2946 3271; x_wconf 88' lang='lat' dir='ltr'><strong>cultura</strong></span> <span class='ocrx_word' id='word_1_525' title='bbox 2974 3215 3286 3283; x_wconf 90' lang='lat' dir='ltr'><strong>idolorum,</strong></span> <span class='ocrx_word' id='word_1_526' title='bbox 3309 3214 3399 3271; x_wconf 90' lang='lat' dir='ltr'><strong>vel</strong></span> <span class='ocrx_word' id='word_1_527' title='bbox 3426 3233 3461 3271; x_wconf 93' lang='lat' dir='ltr'><strong>a</strong></span> <span class='ocrx_word' id='word_1_528' title='bbox 3490 3232 3665 3287; x_wconf 91' lang='lat' dir='ltr'><strong>pravo</strong></span> 
     </span>
    </p>
   </div>
   <div class='ocr_carea' id='block_1_66' title="bbox 246 3301 1903 3366">
    <p class='ocr_par' dir='ltr' id='par_1_66' title="bbox 246 3301 1903 3366">
     <span class='ocr_line' id='line_1_66' title="bbox 246 3301 1903 3366; baseline -0.005 -1"><span class='ocrx_word' id='word_1_529' title='bbox 246 3313 403 3366; x_wconf 90' lang='lat' dir='ltr'><strong>rent.</strong></span> <span class='ocrx_word' id='word_1_530' title='bbox 423 3309 493 3363; x_wconf 87' lang='lat' dir='ltr'><strong>Et</strong></span> <span class='ocrx_word' id='word_1_531' title='bbox 514 3323 627 3362; x_wconf 90' lang='lat' dir='ltr'><strong>non</strong></span> <span class='ocrx_word' id='word_1_532' title='bbox 650 3304 842 3361; x_wconf 90' lang='lat' dir='ltr'><strong>solum</strong></span> <span class='ocrx_word' id='word_1_533' title='bbox 859 3304 943 3360; x_wconf 91' lang='lat' dir='ltr'><strong>eis</strong></span> <span class='ocrx_word' id='word_1_534' title='bbox 963 3304 1071 3359; x_wconf 92' lang='lat' dir='ltr'><strong>hoc</strong></span> <span class='ocrx_word' id='word_1_535' title='bbox 1090 3301 1312 3358; x_wconf 91' lang='lat' dir='ltr'><strong>malum</strong></span> <span class='ocrx_word' id='word_1_536' title='bbox 1331 3301 1684 3357; x_wconf 90' lang='lat' dir='ltr'><strong>sufﬁciebat:</strong></span> <span class='ocrx_word' id='word_1_537' title='bbox 1701 3320 1903 3358; x_wconf 86' lang='lat' dir='ltr'><strong>verum</strong></span> 
     </span>
    </p>
   </div>
   <div class='ocr_carea' id='block_1_67' title="bbox 247 3391 1906 3468">
    <p class='ocr_par' dir='ltr' id='par_1_67' title="bbox 247 3391 1906 3468">
     <span class='ocr_line' id='line_1_67' title="bbox 247 3391 1906 3468; baseline -0.005 -15"><span class='ocrx_word' id='word_1_538' title='bbox 247 3397 435 3454; x_wconf 90' lang='lat' dir='ltr'><strong>etiam</strong></span> <span class='ocrx_word' id='word_1_539' title='bbox 468 3400 603 3468; x_wconf 91' lang='lat' dir='ltr'><strong>post</strong></span> <span class='ocrx_word' id='word_1_540' title='bbox 632 3392 847 3449; x_wconf 87' lang='lat' dir='ltr'><strong>ostium</strong></span> <span class='ocrx_word' id='word_1_541' title='bbox 870 3395 928 3448; x_wconf 89' lang='lat' dir='ltr'><strong>et</strong></span> <span class='ocrx_word' id='word_1_542' title='bbox 954 3396 1110 3448; x_wconf 87' lang='lat' dir='ltr'><strong>retro</strong></span> <span class='ocrx_word' id='word_1_543' title='bbox 1143 3395 1369 3463; x_wconf 88' lang='lat' dir='ltr'><strong>postem</strong></span> <span class='ocrx_word' id='word_1_544' title='bbox 1401 3391 1697 3462; x_wconf 88' lang='lat' dir='ltr'><strong>ponebant</strong></span> <span class='ocrx_word' id='word_1_545' title='bbox 1728 3391 1906 3447; x_wconf 89' lang='lat' dir='ltr'><strong>simu-</strong></span> 
     </span>
    </p>
   </div>
   <div class='ocr_carea' id='block_1_68' title="bbox 248 3479 1906 3552">
    <p class='ocr_par' dir='ltr' id='par_1_68' title="bbox 248 3479 1906 3552">
     <span class='ocr_line' id='line_1_68' title="bbox 248 3479 1906 3552; baseline -0.004 -9"><span class='ocrx_word' id='word_1_546' title='bbox 248 3487 434 3552; x_wconf 86' lang='lat' dir='ltr'><strong>lacra,</strong></span> <span class='ocrx_word' id='word_1_547' title='bbox 460 3487 525 3540; x_wconf 89' lang='lat' dir='ltr'><strong>ut</strong></span> <span class='ocrx_word' id='word_1_548' title='bbox 561 3482 848 3538; x_wconf 86' lang='lat' dir='ltr'><strong>intrantes</strong></span> <span class='ocrx_word' id='word_1_549' title='bbox 877 3479 965 3536; x_wconf 86' lang='lat' dir='ltr'><strong>vel</strong></span> <span class='ocrx_word' id='word_1_550' title='bbox 998 3483 1275 3534; x_wconf 81' lang='lat' dir='ltr'><strong>exeuntes</strong></span> <span class='ocrx_word' id='word_1_551' title='bbox 1317 3496 1547 3551; x_wconf 90' lang='lat' dir='ltr'><strong>semper</strong></span> <span class='ocrx_word' id='word_1_552' title='bbox 1594 3480 1906 3536; x_wconf 88' lang='lat' dir='ltr'><strong>adorarent</strong></span> 
     </span>
    </p>
   </div>
   <div class='ocr_carea' id='block_1_69' title="bbox 245 3567 1300 3642">
    <p class='ocr_par' dir='ltr' id='par_1_69' title="bbox 245 3567 1300 3642">
     <span class='ocr_line' id='line_1_69' title="bbox 245 3567 1300 3642; baseline -0.009 -12"><span class='ocrx_word' id='word_1_553' title='bbox 245 3591 340 3639; x_wconf 88' lang='lat' dir='ltr'><strong>ea,</strong></span> <span class='ocrx_word' id='word_1_554' title='bbox 373 3572 532 3628; x_wconf 88' lang='lat' dir='ltr'><strong>sicut</strong></span> <span class='ocrx_word' id='word_1_555' title='bbox 562 3567 870 3642; x_wconf 89' lang='lat' dir='ltr'><strong>sequentia</strong></span> <span class='ocrx_word' id='word_1_556' title='bbox 899 3567 1300 3623; x_wconf 88' lang='lat' dir='ltr'><strong>manifestant.</strong></span> 
     </span>
    </p>
   </div>
   <div class='ocr_carea' id='block_1_70' title="bbox 325 3655 1907 3729">
    <p class='ocr_par' dir='ltr' id='par_1_70' title="bbox 325 3655 1907 3729">
     <span class='ocr_line' id='line_1_70' title="bbox 325 3655 1907 3729; baseline -0.006 -11"><span class='ocrx_word' id='word_1_557' title='bbox 325 3685 355 3713; x_wconf 87' lang='lat'><strong><em>«</em></strong></span> <span class='ocrx_word' id='word_1_558' title='bbox 377 3662 514 3717; x_wconf 89' lang='lat' dir='ltr'><strong>Post</strong></span> <span class='ocrx_word' id='word_1_559' title='bbox 547 3658 817 3725; x_wconf 76' lang='lat' dir='ltr'><strong>ostium,-</strong></span> <span class='ocrx_word' id='word_1_560' title='bbox 845 3655 1057 3729; x_wconf 89' lang='lat' dir='ltr'><strong>inquit,</strong></span> <span class='ocrx_word' id='word_1_561' title='bbox 1083 3679 1111 3705; x_wconf 88' lang='lat'><strong>«</strong></span> <span class='ocrx_word' id='word_1_562' title='bbox 1134 3659 1193 3711; x_wconf 92' lang='lat' dir='ltr'><strong>et</strong></span> <span class='ocrx_word' id='word_1_563' title='bbox 1222 3658 1374 3710; x_wconf 90' lang='lat' dir='ltr'><strong>retro</strong></span> <span class='ocrx_word' id='word_1_564' title='bbox 1398 3658 1625 3726; x_wconf 89' lang='lat' dir='ltr'><strong>postem</strong></span> <span class='ocrx_word' id='word_1_565' title='bbox 1660 3655 1907 3727; x_wconf 89' lang='lat' dir='ltr'><strong>posuisti</strong></span> 
     </span>
    </p>
   </div>
   <div class='ocr_carea' id='block_1_71' title="bbox 246 3742 1909 3815">
    <p class='ocr_par' dir='ltr' id='par_1_71' title="bbox 246 3742 1909 3815">
     <span class='ocr_line' id='line_1_71' title="bbox 246 3742 1909 3815; baseline -0.007 -7"><span class='ocrx_word' id='word_1_566' title='bbox 246 3748 598 3808; x_wconf 86' lang='lat' dir='ltr'><strong>memoriale</strong></span> <span class='ocrx_word' id='word_1_567' title='bbox 618 3750 849 3815; x_wconf 82' lang='lat' dir='ltr'><strong>tuum,»</strong></span> <span class='ocrx_word' id='word_1_568' title='bbox 871 3744 929 3800; x_wconf 91' lang='lat' dir='ltr'><strong>id</strong></span> <span class='ocrx_word' id='word_1_569' title='bbox 950 3748 1058 3813; x_wconf 89' lang='lat' dir='ltr'><strong>est,</strong></span> <span class='ocrx_word' id='word_1_570' title='bbox 1084 3760 1199 3799; x_wconf 91' lang='lat' dir='ltr'><strong>non</strong></span> <span class='ocrx_word' id='word_1_571' title='bbox 1222 3742 1415 3798; x_wconf 91' lang='lat' dir='ltr'><strong>solum</strong></span> <span class='ocrx_word' id='word_1_572' title='bbox 1444 3743 1504 3797; x_wconf 91' lang='lat' dir='ltr'><strong>in</strong></span> <span class='ocrx_word' id='word_1_573' title='bbox 1533 3744 1832 3799; x_wconf 88' lang='lat' dir='ltr'><strong>montibus</strong></span> <span class='ocrx_word' id='word_1_574' title='bbox 1854 3748 1909 3798; x_wconf 91' lang='lat' dir='ltr'><strong>et</strong></span> 
     </span>
    </p>
   </div>
   <div class='ocr_carea' id='block_1_72' title="bbox 244 3831 1907 3904">
    <p class='ocr_par' dir='ltr' id='par_1_72' title="bbox 244 3831 1907 3904">
     <span class='ocr_line' id='line_1_72' title="bbox 244 3831 1907 3904; baseline -0.004 -10"><span class='ocrx_word' id='word_1_575' title='bbox 244 3839 506 3896; x_wconf 84' lang='lat' dir='ltr'><strong>vallibus</strong></span> <span class='ocrx_word' id='word_1_576' title='bbox 522 3833 778 3892; x_wconf 89' lang='lat' dir='ltr'><strong>adorasti</strong></span> <span class='ocrx_word' id='word_1_577' title='bbox 798 3831 1522 3899; x_wconf 89' lang='lat' dir='ltr'><strong>simulacra,verumetiam</strong></span> <span class='ocrx_word' id='word_1_578' title='bbox 1544 3837 1676 3904; x_wconf 89' lang='lat' dir='ltr'><strong>post</strong></span> <span class='ocrx_word' id='word_1_579' title='bbox 1692 3832 1907 3887; x_wconf 80' lang='lat' dir='ltr'><strong>ostium</strong></span> 
     </span>
    </p>
   </div>
   <div class='ocr_carea' id='block_1_73' title="bbox 246 3918 1910 3998">
    <p class='ocr_par' dir='ltr' id='par_1_73' title="bbox 246 3918 1910 3998">
     <span class='ocr_line' id='line_1_73' title="bbox 246 3918 1910 3998; baseline -0.005 -13"><span class='ocrx_word' id='word_1_580' title='bbox 246 3932 307 3986; x_wconf 90' lang='lat' dir='ltr'><strong>et</strong></span> <span class='ocrx_word' id='word_1_581' title='bbox 329 3932 488 3984; x_wconf 89' lang='lat' dir='ltr'><strong>retro</strong></span> <span class='ocrx_word' id='word_1_582' title='bbox 510 3930 757 3998; x_wconf 87' lang='lat' dir='ltr'><strong>postem,</strong></span> <span class='ocrx_word' id='word_1_583' title='bbox 782 3922 938 3995; x_wconf 90' lang='lat' dir='ltr'><strong>quod</strong></span> <span class='ocrx_word' id='word_1_584' title='bbox 962 3937 1147 3976; x_wconf 92' lang='lat' dir='ltr'><strong>unum</strong></span> <span class='ocrx_word' id='word_1_585' title='bbox 1170 3924 1278 3989; x_wconf 88' lang='lat' dir='ltr'><strong>est,</strong></span> <span class='ocrx_word' id='word_1_586' title='bbox 1304 3918 1550 3992; x_wconf 90' lang='lat' dir='ltr'><strong>posuisti</strong></span> <span class='ocrx_word' id='word_1_587' title='bbox 1572 3919 1910 3976; x_wconf 90' lang='lat' dir='ltr'><strong>memoriale</strong></span> 
     </span>
    </p>
   </div>
   <div class='ocr_carea' id='block_1_74' title="bbox 245 4006 1909 4082">
    <p class='ocr_par' dir='ltr' id='par_1_74' title="bbox 245 4006 1909 4082">
     <span class='ocr_line' id='line_1_74' title="bbox 245 4006 1909 4082; baseline -0.005 -10"><span class='ocrx_word' id='word_1_588' title='bbox 245 4020 449 4082; x_wconf 88' lang='lat' dir='ltr'><strong>tuum,</strong></span> <span class='ocrx_word' id='word_1_589' title='bbox 482 4013 541 4068; x_wconf 92' lang='lat' dir='ltr'><strong>id</strong></span> <span class='ocrx_word' id='word_1_590' title='bbox 571 4016 680 4081; x_wconf 91' lang='lat' dir='ltr'><strong>est,</strong></span> <span class='ocrx_word' id='word_1_591' title='bbox 712 4010 890 4079; x_wconf 91' lang='lat' dir='ltr'><strong>idola,</strong></span> <span class='ocrx_word' id='word_1_592' title='bbox 917 4013 980 4065; x_wconf 92' lang='lat' dir='ltr'><strong>ut</strong></span> <span class='ocrx_word' id='word_1_593' title='bbox 1010 4025 1241 4080; x_wconf 90' lang='lat' dir='ltr'><strong>semper</strong></span> <span class='ocrx_word' id='word_1_594' title='bbox 1269 4006 1330 4062; x_wconf 91' lang='lat' dir='ltr'><strong>in</strong></span> <span class='ocrx_word' id='word_1_595' title='bbox 1375 4006 1657 4063; x_wconf 89' lang='lat' dir='ltr'><strong>memoria</strong></span> <span class='ocrx_word' id='word_1_596' title='bbox 1685 4013 1787 4063; x_wconf 89' lang='lat' dir='ltr'><strong>tua</strong></span> <span class='ocrx_word' id='word_1_597' title='bbox 1816 4026 1909 4065; x_wconf 85' lang='lat' dir='ltr'><strong>es-</strong></span> 
     </span>
    </p>
   </div>
   <div class='ocr_carea' id='block_1_75' title="bbox 246 4094 1914 4175">
    <p class='ocr_par' dir='ltr' id='par_1_75' title="bbox 246 4094 1914 4175">
     <span class='ocr_line' id='line_1_75' title="bbox 246 4094 1914 4175; baseline -0.009 -13"><span class='ocrx_word' id='word_1_598' title='bbox 246 4107 406 4172; x_wconf 86' lang='lat' dir='ltr'><strong>sent,</strong></span> <span class='ocrx_word' id='word_1_599' title='bbox 430 4105 724 4175; x_wconf 90' lang='lat' dir='ltr'><strong>quatenus</strong></span> <span class='ocrx_word' id='word_1_600' title='bbox 744 4098 1048 4171; x_wconf 84' lang='lat' dir='ltr'><strong>egrediens</strong></span> <span class='ocrx_word' id='word_1_601' title='bbox 1068 4098 1310 4153; x_wconf 90' lang='lat' dir='ltr'><strong>domum</strong></span> <span class='ocrx_word' id='word_1_602' title='bbox 1342 4094 1427 4151; x_wconf 91' lang='lat' dir='ltr'><strong>vel</strong></span> <span class='ocrx_word' id='word_1_603' title='bbox 1456 4095 1790 4169; x_wconf 86' lang='lat' dir='ltr'><strong>ingrediens</strong></span> <span class='ocrx_word' id='word_1_604' title='bbox 1819 4098 1914 4153; x_wconf 89' lang='lat' dir='ltr'><strong>ad-</strong></span> 
     </span>
    </p>
   </div>
   <div class='ocr_carea' id='block_1_76' title="bbox 244 4182 1915 4260">
    <p class='ocr_par' dir='ltr' id='par_1_76' title="bbox 244 4182 1915 4260">
     <span class='ocr_line' id='line_1_76' title="bbox 244 4182 1915 4260; baseline -0.006 -10"><span class='ocrx_word' id='word_1_605' title='bbox 244 4208 454 4251; x_wconf 88' lang='lat' dir='ltr'><strong>orares</strong></span> <span class='ocrx_word' id='word_1_606' title='bbox 471 4207 561 4247; x_wconf 90' lang='lat' dir='ltr'><strong>ea.</strong></span> <span class='ocrx_word' id='word_1_607' title='bbox 574 4211 595 4238; x_wconf 80' lang='grc' dir='ltr'>ι</span> <span class='ocrx_word' id='word_1_608' title='bbox 612 4188 941 4260; x_wconf 87' lang='lat' dir='ltr'><strong>Quiajuxta</strong></span> <span class='ocrx_word' id='word_1_609' title='bbox 956 4202 1050 4241; x_wconf 92' lang='lat' dir='ltr'><strong>me</strong></span> <span class='ocrx_word' id='word_1_610' title='bbox 1067 4182 1515 4256; x_wconf 87' lang='lat' dir='ltr'><strong>disc00peruisti</strong></span> <span class='ocrx_word' id='word_1_611' title='bbox 1531 4188 1587 4239; x_wconf 91' lang='lat' dir='ltr'><strong>et</strong></span> <span class='ocrx_word' id='word_1_612' title='bbox 1604 4184 1915 4256; x_wconf 89' lang='lat' dir='ltr'><strong>suscepisti</strong></span> 
     </span>
    </p>
   </div>
   <div class='ocr_carea' id='block_1_77' title="bbox 246 4272 1914 4348">
    <p class='ocr_par' dir='ltr' id='par_1_77' title="bbox 246 4272 1914 4348">
     <span class='ocr_line' id='line_1_77' title="bbox 246 4272 1914 4348; baseline -0.007 -8"><span class='ocrx_word' id='word_1_613' title='bbox 246 4281 651 4348; x_wconf 84' lang='lat' dir='ltr'><strong>adulterum,»</strong></span> <span class='ocrx_word' id='word_1_614' title='bbox 668 4278 725 4334; x_wconf 92' lang='lat' dir='ltr'><strong>id</strong></span> <span class='ocrx_word' id='word_1_615' title='bbox 747 4281 836 4334; x_wconf 88' lang='lat' dir='ltr'><strong>est</strong></span> <span class='ocrx_word' id='word_1_616' title='bbox 855 4274 1213 4343; x_wconf 82' lang='lat' dir='ltr'><strong>diabolum,«</strong></span> <span class='ocrx_word' id='word_1_617' title='bbox 1233 4272 1493 4328; x_wconf 88' lang='lat' dir='ltr'><strong>dilatasti</strong></span> <span class='ocrx_word' id='word_1_618' title='bbox 1511 4272 1702 4329; x_wconf 91' lang='lat' dir='ltr'><strong>cubile</strong></span> <span class='ocrx_word' id='word_1_619' title='bbox 1723 4276 1914 4342; x_wconf 89' lang='lat' dir='ltr'><strong>tuum,</strong></span> 
     </span>
    </p>
   </div>
   <div class='ocr_carea' id='block_1_78' title="bbox 248 4360 1917 4443">
    <p class='ocr_par' dir='ltr' id='par_1_78' title="bbox 248 4360 1917 4443">
     <span class='ocr_line' id='line_1_78' title="bbox 248 4360 1917 4443; baseline -0.007 -15"><span class='ocrx_word' id='word_1_620' title='bbox 248 4376 311 4429; x_wconf 90' lang='lat' dir='ltr'><strong>et</strong></span> <span class='ocrx_word' id='word_1_621' title='bbox 343 4367 626 4443; x_wconf 84' lang='lat' dir='ltr'><strong>pepigisti</strong></span> <span class='ocrx_word' id='word_1_622' title='bbox 648 4383 783 4423; x_wconf 91' lang='lat' dir='ltr'><strong>cum</strong></span> <span class='ocrx_word' id='word_1_623' title='bbox 814 4381 881 4421; x_wconf 93' lang='lat' dir='ltr'><strong>eo</strong></span> <span class='ocrx_word' id='word_1_624' title='bbox 907 4364 1151 4429; x_wconf 80' lang='lat' dir='ltr'><strong>fcedus,»</strong></span> <span class='ocrx_word' id='word_1_625' title='bbox 1178 4360 1465 4417; x_wconf 90' lang='lat' dir='ltr'><strong>subaudis</strong></span> <span class='ocrx_word' id='word_1_626' title='bbox 1487 4365 1553 4416; x_wconf 89' lang='lat' dir='ltr'><strong>ut</strong></span> <span class='ocrx_word' id='word_1_627' title='bbox 1580 4363 1653 4417; x_wconf 83' lang='lat' dir='ltr'><strong>ad</strong></span> <span class='ocrx_word' id='word_1_628' title='bbox 1687 4379 1780 4418; x_wconf 92' lang='lat' dir='ltr'><strong>me</strong></span> <span class='ocrx_word' id='word_1_629' title='bbox 1802 4380 1917 4418; x_wconf 91' lang='lat' dir='ltr'><strong>non</strong></span> 
     </span>
    </p>
   </div>
   <div class='ocr_carea' id='block_1_79' title="bbox 253 4449 1925 4528">
    <p class='ocr_par' dir='ltr' id='par_1_79' title="bbox 253 4449 1925 4528">
     <span class='ocr_line' id='line_1_79' title="bbox 253 4449 1925 4528; baseline -0.005 -11"><span class='ocrx_word' id='word_1_630' title='bbox 253 4460 508 4517; x_wconf 87' lang='lat' dir='ltr'><strong>redires.</strong></span> <span class='ocrx_word' id='word_1_631' title='bbox 536 4454 816 4528; x_wconf 89' lang='lat' dir='ltr'><strong>Loquitur</strong></span> <span class='ocrx_word' id='word_1_632' title='bbox 836 4452 1121 4509; x_wconf 89' lang='lat' dir='ltr'><strong>Dominus</strong></span> <span class='ocrx_word' id='word_1_633' title='bbox 1145 4452 1217 4507; x_wconf 91' lang='lat' dir='ltr'><strong>ad</strong></span> <span class='ocrx_word' id='word_1_634' title='bbox 1238 4449 1621 4518; x_wconf 88' lang='lat' dir='ltr'><strong>Hierusalem,</strong></span> <span class='ocrx_word' id='word_1_635' title='bbox 1649 4455 1707 4506; x_wconf 92' lang='lat' dir='ltr'><strong>et</strong></span> <span class='ocrx_word' id='word_1_636' title='bbox 1732 4452 1925 4510; x_wconf 89' lang='lat' dir='ltr'><strong>redar.</strong></span> 
     </span>
    </p>
   </div>
   <div class='ocr_carea' id='block_1_80' title="bbox 2012 3302 3667 3380">
    <p class='ocr_par' dir='ltr' id='par_1_80' title="bbox 2012 3302 3667 3380">
     <span class='ocr_line' id='line_1_80' title="bbox 2012 3302 3667 3380; baseline 0 -19"><span class='ocrx_word' id='word_1_637' title='bbox 2012 3323 2203 3380; x_wconf 83' lang='lat' dir='ltr'><strong>Opere.</strong></span> <span class='ocrx_word' id='word_1_638' title='bbox 2224 3305 2331 3371; x_wconf 86' lang='lat' dir='ltr'><strong>Qui</strong></span> <span class='ocrx_word' id='word_1_639' title='bbox 2354 3304 2619 3359; x_wconf 88' lang='lat' dir='ltr'><strong>ambulat</strong></span> <span class='ocrx_word' id='word_1_640' title='bbox 2650 3304 2925 3376; x_wconf 78' lang='lat' dir='ltr'><strong>perviam</strong></span> <span class='ocrx_word' id='word_1_641' title='bbox 2957 3305 3331 3376; x_wconf 88' lang='lat' dir='ltr'><strong>regiam,non</strong></span> <span class='ocrx_word' id='word_1_642' title='bbox 3362 3302 3667 3361; x_wconf 87' lang='lat' dir='ltr'><strong>declinans</strong></span> 
     </span>
    </p>
   </div>
   <div class='ocr_carea' id='block_1_81' title="bbox 2014 3391 3671 3452">
    <p class='ocr_par' dir='ltr' id='par_1_81' title="bbox 2014 3391 3671 3452">
     <span class='ocr_line' id='line_1_81' title="bbox 2014 3391 3671 3452; baseline -0.002 -1"><span class='ocrx_word' id='word_1_643' title='bbox 2014 3396 2088 3452; x_wconf 91' lang='lat' dir='ltr'><strong>ad</strong></span> <span class='ocrx_word' id='word_1_644' title='bbox 2118 3395 2417 3450; x_wconf 86' lang='lat' dir='ltr'><strong>dexteram</strong></span> <span class='ocrx_word' id='word_1_645' title='bbox 2466 3410 2570 3447; x_wconf 91' lang='lat' dir='ltr'><strong>nec</strong></span> <span class='ocrx_word' id='word_1_646' title='bbox 2620 3394 2689 3447; x_wconf 87' lang='lat' dir='ltr'><strong>ad</strong></span> <span class='ocrx_word' id='word_1_647' title='bbox 2741 3392 3089 3447; x_wconf 88' lang='lat' dir='ltr'><strong>sinistram:</strong></span> <span class='ocrx_word' id='word_1_648' title='bbox 3124 3391 3222 3447; x_wconf 91' lang='lat' dir='ltr'><strong>ille</strong></span> <span class='ocrx_word' id='word_1_649' title='bbox 3275 3409 3391 3448; x_wconf 91' lang='lat' dir='ltr'><strong>non</strong></span> <span class='ocrx_word' id='word_1_650' title='bbox 3442 3391 3671 3449; x_wconf 90' lang='lat' dir='ltr'><strong>laborat</strong></span> 
     </span>
    </p>
   </div>
   <div class='ocr_carea' id='block_1_82' title="bbox 2014 3480 3664 3554">
    <p class='ocr_par' dir='ltr' id='par_1_82' title="bbox 2014 3480 3664 3554">
     <span class='ocr_line' id='line_1_82' title="bbox 2014 3480 3664 3554; baseline -0.002 -14"><span class='ocrx_word' id='word_1_651' title='bbox 2014 3487 2191 3554; x_wconf 83' lang='lat' dir='ltr'><strong>(Joan.</strong></span> <span class='ocrx_word' id='word_1_652' title='bbox 2216 3486 2353 3551; x_wconf 80' lang='lat' dir='ltr'><strong>xw),</strong></span> <span class='ocrx_word' id='word_1_653' title='bbox 2383 3507 2402 3532; x_wconf 74' lang='grc' dir='ltr'><strong><em>ι</em></strong></span> <span class='ocrx_word' id='word_1_654' title='bbox 2431 3486 2540 3536; x_wconf 89' lang='lat' dir='ltr'><strong>etc.</strong></span> <span class='ocrx_word' id='word_1_655' title='bbox 2563 3480 2670 3535; x_wconf 88' lang='lat' dir='ltr'><strong>Via</strong></span> <span class='ocrx_word' id='word_1_656' title='bbox 2703 3486 2861 3536; x_wconf 90' lang='lat' dir='ltr'><strong>recta</strong></span> <span class='ocrx_word' id='word_1_657' title='bbox 2891 3480 3159 3535; x_wconf 85' lang='lat' dir='ltr'><strong>Christus</strong></span> <span class='ocrx_word' id='word_1_658' title='bbox 3190 3484 3297 3547; x_wconf 91' lang='lat' dir='ltr'><strong>est,</strong></span> <span class='ocrx_word' id='word_1_659' title='bbox 3334 3482 3433 3552; x_wconf 91' lang='lat' dir='ltr'><strong>qui</strong></span> <span class='ocrx_word' id='word_1_660' title='bbox 3473 3480 3620 3536; x_wconf 83' lang='lat' dir='ltr'><strong>dixit</strong></span> <span class='ocrx_word' id='word_1_661' title='bbox 3651 3498 3664 3536; x_wconf 91' lang='lat'>:</span> 
     </span>
    </p>
   </div>
   <div class='ocr_carea' id='block_1_83' title="bbox 2017 3568 3669 3645">
    <p class='ocr_par' dir='ltr' id='par_1_83' title="bbox 2017 3568 3669 3645">
     <span class='ocr_line' id='line_1_83' title="bbox 2017 3568 3669 3645; baseline -0.001 -20"><span class='ocrx_word' id='word_1_662' title='bbox 2017 3598 2045 3625; x_wconf 89' lang='grc'><strong>‹‹</strong></span> <span class='ocrx_word' id='word_1_663' title='bbox 2068 3574 2187 3645; x_wconf 82' lang='lat' dir='ltr'><strong>Ego</strong></span> <span class='ocrx_word' id='word_1_664' title='bbox 2211 3588 2341 3627; x_wconf 90' lang='lat' dir='ltr'><strong>sum</strong></span> <span class='ocrx_word' id='word_1_665' title='bbox 2364 3569 2712 3637; x_wconf 86' lang='lat' dir='ltr'><strong>via,veritas,</strong></span> <span class='ocrx_word' id='word_1_666' title='bbox 2733 3575 2789 3624; x_wconf 89' lang='lat' dir='ltr'><strong>et</strong></span> <span class='ocrx_word' id='word_1_667' title='bbox 2810 3569 2982 3639; x_wconf 58' lang='lat' dir='ltr'><strong>vita.»</strong></span> <span class='ocrx_word' id='word_1_668' title='bbox 2996 3570 3167 3624; x_wconf 88' lang='lat' dir='ltr'><strong>Verbi</strong></span> <span class='ocrx_word' id='word_1_669' title='bbox 3190 3568 3493 3641; x_wconf 88' lang='lat' dir='ltr'><strong>gratia,via</strong></span> <span class='ocrx_word' id='word_1_670' title='bbox 3509 3574 3669 3624; x_wconf 90' lang='lat' dir='ltr'><strong>recta</strong></span> 
     </span>
    </p>
   </div>
   <div class='ocr_carea' id='block_1_84' title="bbox 2018 3655 3669 3735">
    <p class='ocr_par' dir='ltr' id='par_1_84' title="bbox 2018 3655 3669 3735">
     <span class='ocr_line' id='line_1_84' title="bbox 2018 3655 3669 3735; baseline -0.003 -17"><span class='ocrx_word' id='word_1_671' title='bbox 2018 3667 2075 3719; x_wconf 91' lang='lat' dir='ltr'><strong>et</strong></span> <span class='ocrx_word' id='word_1_672' title='bbox 2106 3663 2265 3735; x_wconf 87' lang='lat' dir='ltr'><strong>regia</strong></span> <span class='ocrx_word' id='word_1_673' title='bbox 2295 3664 2383 3716; x_wconf 89' lang='lat' dir='ltr'><strong>est</strong></span> <span class='ocrx_word' id='word_1_674' title='bbox 2415 3659 2744 3731; x_wconf 85' lang='lat' dir='ltr'><strong>prudentia,</strong></span> <span class='ocrx_word' id='word_1_675' title='bbox 2774 3676 2900 3729; x_wconf 70' lang='lat' dir='ltr'><strong>quae</strong></span> <span class='ocrx_word' id='word_1_676' title='bbox 2942 3656 3195 3712; x_wconf 86' lang='lat' dir='ltr'><strong>ostendit</strong></span> <span class='ocrx_word' id='word_1_677' title='bbox 3243 3655 3492 3727; x_wconf 85' lang='lat' dir='ltr'><strong>qualiter</strong></span> <span class='ocrx_word' id='word_1_678' title='bbox 3516 3657 3669 3713; x_wconf 83' lang='lat' dir='ltr'><strong>bona</strong></span> 
     </span>
    </p>
   </div>
   <div class='ocr_carea' id='block_1_85' title="bbox 2018 3744 3665 3824">
    <p class='ocr_par' dir='ltr' id='par_1_85' title="bbox 2018 3744 3665 3824">
     <span class='ocr_line' id='line_1_85' title="bbox 2018 3744 3665 3824; baseline -0.004 -18"><span class='ocrx_word' id='word_1_679' title='bbox 2018 3751 2254 3824; x_wconf 91' lang='lat' dir='ltr'><strong>provide</strong></span> <span class='ocrx_word' id='word_1_680' title='bbox 2285 3748 2742 3812; x_wconf 88' lang='lat' dir='ltr'><strong>consideremus,</strong></span> <span class='ocrx_word' id='word_1_681' title='bbox 2777 3749 2833 3799; x_wconf 89' lang='lat' dir='ltr'><strong>et</strong></span> <span class='ocrx_word' id='word_1_682' title='bbox 2865 3744 3019 3799; x_wconf 88' lang='lat' dir='ltr'><strong>mala</strong></span> <span class='ocrx_word' id='word_1_683' title='bbox 3064 3744 3305 3800; x_wconf 84' lang='lat' dir='ltr'><strong>solerter</strong></span> <span class='ocrx_word' id='word_1_684' title='bbox 3335 3761 3665 3801; x_wconf 90' lang='lat' dir='ltr'><strong>caveamus.</strong></span> 
     </span>
    </p>
   </div>
   <div class='ocr_carea' id='block_1_86' title="bbox 2019 3831 3669 3907">
    <p class='ocr_par' dir='ltr' id='par_1_86' title="bbox 2019 3831 3669 3907">
     <span class='ocr_line' id='line_1_86' title="bbox 2019 3831 3669 3907; baseline -0.002 -13"><span class='ocrx_word' id='word_1_685' title='bbox 2019 3839 2127 3905; x_wconf 90' lang='lat' dir='ltr'><strong>Qui</strong></span> <span class='ocrx_word' id='word_1_686' title='bbox 2158 3854 2290 3893; x_wconf 91' lang='lat' dir='ltr'><strong>vero</strong></span> <span class='ocrx_word' id='word_1_687' title='bbox 2323 3834 2454 3907; x_wconf 89' lang='lat' dir='ltr'><strong>plus</strong></span> <span class='ocrx_word' id='word_1_688' title='bbox 2486 3834 2638 3905; x_wconf 88' lang='lat' dir='ltr'><strong>sapit</strong></span> <span class='ocrx_word' id='word_1_689' title='bbox 2669 3850 2846 3904; x_wconf 88' lang='lat' dir='ltr'><strong>quam</strong></span> <span class='ocrx_word' id='word_1_690' title='bbox 2891 3835 3117 3903; x_wconf 87' lang='lat' dir='ltr'><strong>oportet</strong></span> <span class='ocrx_word' id='word_1_691' title='bbox 3161 3849 3384 3904; x_wconf 89' lang='lat' dir='ltr'><strong>sapere,</strong></span> <span class='ocrx_word' id='word_1_692' title='bbox 3414 3831 3512 3888; x_wconf 91' lang='lat' dir='ltr'><strong>ille</strong></span> <span class='ocrx_word' id='word_1_693' title='bbox 3541 3832 3669 3890; x_wconf 85' lang='lat' dir='ltr'><strong>sine</strong></span> 
     </span>
    </p>
   </div>
   <div class='ocr_carea' id='block_1_87' title="bbox 2019 3919 3672 3985">
    <p class='ocr_par' dir='ltr' id='par_1_87' title="bbox 2019 3919 3672 3985">
     <span class='ocr_line' id='line_1_87' title="bbox 2019 3919 3672 3985; baseline -0.005 -2"><span class='ocrx_word' id='word_1_694' title='bbox 2019 3926 2198 3983; x_wconf 91' lang='lat' dir='ltr'><strong>dubio</strong></span> <span class='ocrx_word' id='word_1_695' title='bbox 2220 3925 2293 3980; x_wconf 90' lang='lat' dir='ltr'><strong>ad</strong></span> <span class='ocrx_word' id='word_1_696' title='bbox 2316 3925 2610 3979; x_wconf 85' lang='lat' dir='ltr'><strong>dexteram</strong></span> <span class='ocrx_word' id='word_1_697' title='bbox 2643 3921 2917 3976; x_wconf 86' lang='lat' dir='ltr'><strong>declinat.</strong></span> <span class='ocrx_word' id='word_1_698' title='bbox 2943 3919 3049 3985; x_wconf 92' lang='lat' dir='ltr'><strong>Qui</strong></span> <span class='ocrx_word' id='word_1_699' title='bbox 3080 3923 3278 3975; x_wconf 89' lang='lat' dir='ltr'><strong>autem</strong></span> <span class='ocrx_word' id='word_1_700' title='bbox 3322 3919 3539 3976; x_wconf 90' lang='lat' dir='ltr'><strong>stultus</strong></span> <span class='ocrx_word' id='word_1_701' title='bbox 3581 3922 3672 3975; x_wconf 88' lang='lat' dir='ltr'><strong>est</strong></span> 
     </span>
    </p>
   </div>
   <div class='ocr_carea' id='block_1_88' title="bbox 2021 4006 3671 4083">
    <p class='ocr_par' dir='ltr' id='par_1_88' title="bbox 2021 4006 3671 4083">
     <span class='ocr_line' id='line_1_88' title="bbox 2021 4006 3671 4083; baseline -0.004 -12"><span class='ocrx_word' id='word_1_702' title='bbox 2021 4020 2080 4072; x_wconf 84' lang='lat' dir='ltr'><strong>et</strong></span> <span class='ocrx_word' id='word_1_703' title='bbox 2110 4015 2382 4069; x_wconf 89' lang='lat' dir='ltr'><strong>incautus</strong></span> <span class='ocrx_word' id='word_1_704' title='bbox 2413 4011 2533 4083; x_wconf 87' lang='lat' dir='ltr'><strong>agit</strong></span> <span class='ocrx_word' id='word_1_705' title='bbox 2561 4010 2780 4080; x_wconf 89' lang='lat' dir='ltr'><strong>omnia,</strong></span> <span class='ocrx_word' id='word_1_706' title='bbox 2812 4010 2884 4064; x_wconf 91' lang='lat' dir='ltr'><strong>ad</strong></span> <span class='ocrx_word' id='word_1_707' title='bbox 2929 4008 3226 4064; x_wconf 87' lang='lat' dir='ltr'><strong>sinistram</strong></span> <span class='ocrx_word' id='word_1_708' title='bbox 3261 4007 3461 4080; x_wconf 89' lang='lat' dir='ltr'><strong>procul</strong></span> <span class='ocrx_word' id='word_1_709' title='bbox 3491 4006 3671 4064; x_wconf 90' lang='lat' dir='ltr'><strong>dubio</strong></span> 
     </span>
    </p>
   </div>
   <div class='ocr_carea' id='block_1_89' title="bbox 2024 4095 3672 4169">
    <p class='ocr_par' dir='ltr' id='par_1_89' title="bbox 2024 4095 3672 4169">
     <span class='ocr_line' id='line_1_89' title="bbox 2024 4095 3672 4169; baseline -0.005 -9"><span class='ocrx_word' id='word_1_710' title='bbox 2024 4102 2295 4160; x_wconf 86' lang='lat' dir='ltr'><strong>declinat.</strong></span> <span class='ocrx_word' id='word_1_711' title='bbox 2321 4101 2389 4155; x_wconf 86' lang='lat' dir='ltr'><strong>Et</strong></span> <span class='ocrx_word' id='word_1_712' title='bbox 2408 4099 2505 4154; x_wconf 90' lang='lat' dir='ltr'><strong>ille</strong></span> <span class='ocrx_word' id='word_1_713' title='bbox 2536 4098 2761 4154; x_wconf 90' lang='lat' dir='ltr'><strong>laborat</strong></span> <span class='ocrx_word' id='word_1_714' title='bbox 2789 4097 2848 4152; x_wconf 92' lang='lat' dir='ltr'><strong>in</strong></span> <span class='ocrx_word' id='word_1_715' title='bbox 2872 4097 2981 4164; x_wconf 88' lang='lat' dir='ltr'><strong>via,</strong></span> <span class='ocrx_word' id='word_1_716' title='bbox 3007 4096 3106 4169; x_wconf 91' lang='lat' dir='ltr'><strong>qui</strong></span> <span class='ocrx_word' id='word_1_717' title='bbox 3128 4096 3321 4169; x_wconf 88' lang='lat' dir='ltr'><strong>pravis</strong></span> <span class='ocrx_word' id='word_1_718' title='bbox 3342 4095 3672 4154; x_wconf 87' lang='lat' dir='ltr'><strong>actionibus</strong></span> 
     </span>
    </p>
   </div>
   <div class='ocr_carea' id='block_1_90' title="bbox 2027 4189 2659 4264">
    <p class='ocr_par' dir='ltr' id='par_1_90' title="bbox 2027 4189 2659 4264">
     <span class='ocr_line' id='line_1_90' title="bbox 2027 4189 2659 4264; baseline -0.013 -15"><span class='ocrx_word' id='word_1_719' title='bbox 2027 4208 2258 4264; x_wconf 89' lang='lat' dir='ltr'><strong>semper</strong></span> <span class='ocrx_word' id='word_1_720' title='bbox 2287 4189 2520 4245; x_wconf 90' lang='lat' dir='ltr'><strong>deditus</strong></span> <span class='ocrx_word' id='word_1_721' title='bbox 2551 4192 2659 4243; x_wconf 86' lang='lat' dir='ltr'><strong>est.</strong></span> 
     </span>
    </p>
   </div>
   <div class='ocr_carea' id='block_1_91' title="bbox 2100 4274 3678 4346">
    <p class='ocr_par' dir='ltr' id='par_1_91' title="bbox 2100 4274 3678 4346">
     <span class='ocr_line' id='line_1_91' title="bbox 2100 4274 3678 4346; baseline -0.001 -16"><span class='ocrx_word' id='word_1_722' title='bbox 2100 4305 2126 4331; x_wconf 77' lang='grc' dir='ltr'>α</span> <span class='ocrx_word' id='word_1_723' title='bbox 2160 4280 2353 4334; x_wconf 89' lang='lat' dir='ltr'><strong>Vitam</strong></span> <span class='ocrx_word' id='word_1_724' title='bbox 2384 4294 2595 4332; x_wconf 89' lang='lat' dir='ltr'><strong>manus</strong></span> <span class='ocrx_word' id='word_1_725' title='bbox 2630 4280 2738 4330; x_wconf 84' lang='lat' dir='ltr'><strong>tuae</strong></span> <span class='ocrx_word' id='word_1_726' title='bbox 2779 4274 3073 4341; x_wconf 84' lang='lat' dir='ltr'><strong>invenisti,</strong></span> <span class='ocrx_word' id='word_1_727' title='bbox 3108 4276 3412 4346; x_wconf 89' lang='lat' dir='ltr'><strong>propterea</strong></span> <span class='ocrx_word' id='word_1_728' title='bbox 3440 4291 3555 4330; x_wconf 91' lang='lat' dir='ltr'><strong>non</strong></span> <span class='ocrx_word' id='word_1_729' title='bbox 3585 4290 3678 4329; x_wconf 90' lang='lat' dir='ltr'><strong>ro-</strong></span> 
     </span>
    </p>
   </div>
   <div class='ocr_carea' id='block_1_92' title="bbox 2029 4361 3678 4445">
    <p class='ocr_par' dir='ltr' id='par_1_92' title="bbox 2029 4361 3678 4445">
     <span class='ocr_line' id='line_1_92' title="bbox 2029 4361 3678 4445; baseline -0.006 -19"><span class='ocrx_word' id='word_1_730' title='bbox 2029 4369 2239 4445; x_wconf 83' lang='lat' dir='ltr'><strong>gasti,»</strong></span> <span class='ocrx_word' id='word_1_731' title='bbox 2261 4365 2546 4423; x_wconf 90' lang='lat' dir='ltr'><strong>subaudis</strong></span> <span class='ocrx_word' id='word_1_732' title='bbox 2568 4381 2681 4419; x_wconf 89' lang='lat' dir='ltr'><strong>me.</strong></span> <span class='ocrx_word' id='word_1_733' title='bbox 2706 4365 2776 4418; x_wconf 88' lang='lat' dir='ltr'><strong>Et</strong></span> <span class='ocrx_word' id='word_1_734' title='bbox 2797 4363 2845 4419; x_wconf 89' lang='lat' dir='ltr'><strong>si</strong></span> <span class='ocrx_word' id='word_1_735' title='bbox 2868 4361 3084 4435; x_wconf 87' lang='lat' dir='ltr'><strong>rogasti</strong></span> <span class='ocrx_word' id='word_1_736' title='bbox 3112 4362 3303 4418; x_wconf 90' lang='lat' dir='ltr'><strong>verbis</strong></span> <span class='ocrx_word' id='word_1_737' title='bbox 3336 4380 3451 4439; x_wconf 85' lang='lat' dir='ltr'><strong>non</strong></span> <span class='ocrx_word' id='word_1_738' title='bbox 3481 4366 3678 4417; x_wconf 89' lang='lat' dir='ltr'><strong>tamen</strong></span> 
     </span>
    </p>
   </div>
   <div class='ocr_carea' id='block_1_93' title="bbox 2030 4448 3678 4532">
    <p class='ocr_par' dir='ltr' id='par_1_93' title="bbox 2030 4448 3678 4532">
     <span class='ocr_line' id='line_1_93' title="bbox 2030 4448 3678 4532; baseline -0.009 -15"><span class='ocrx_word' id='word_1_739' title='bbox 2030 4458 2327 4532; x_wconf 90' lang='lat' dir='ltr'><strong>operibus,</strong></span> <span class='ocrx_word' id='word_1_740' title='bbox 2362 4459 2427 4509; x_wconf 87' lang='lat' dir='ltr'><strong>ut</strong></span> <span class='ocrx_word' id='word_1_741' title='bbox 2455 4458 2544 4510; x_wconf 87' lang='lat' dir='ltr'><strong>est</strong></span> <span class='ocrx_word' id='word_1_742' title='bbox 2573 4452 2718 4507; x_wconf 91' lang='lat' dir='ltr'><strong>illud</strong></span> <span class='ocrx_word' id='word_1_743' title='bbox 2744 4469 2757 4506; x_wconf 89' lang='lat'><strong>:</strong></span> <span class='ocrx_word' id='word_1_744' title='bbox 2791 4472 2811 4498; x_wconf 71' lang='grc' dir='ltr'><strong>α</strong></span> <span class='ocrx_word' id='word_1_745' title='bbox 2838 4451 3093 4521; x_wconf 90' lang='lat' dir='ltr'><strong>Populus</strong></span> <span class='ocrx_word' id='word_1_746' title='bbox 3123 4449 3216 4503; x_wconf 90' lang='lat' dir='ltr'><strong>hic</strong></span> <span class='ocrx_word' id='word_1_747' title='bbox 3246 4448 3421 4503; x_wconf 88' lang='lat' dir='ltr'><strong>labiis</strong></span> <span class='ocrx_word' id='word_1_748' title='bbox 3450 4465 3543 4503; x_wconf 91' lang='lat' dir='ltr'><strong>me</strong></span> <span class='ocrx_word' id='word_1_749' title='bbox 3572 4448 3678 4503; x_wconf 90' lang='lat' dir='ltr'><strong>ho-</strong></span> 
     </span>
    </p>
   </div>
   <div class='ocr_carea' id='block_1_94' title="bbox 248 4535 3680 4621">
    <p class='ocr_par' dir='ltr' id='par_1_94' title="bbox 248 4535 3680 4621">
     <span class='ocr_line' id='line_1_94' title="bbox 248 4535 3680 4621; baseline -0.004 -19"><span class='ocrx_word' id='word_1_750' title='bbox 248 4548 385 4621; x_wconf 85' lang='lat' dir='ltr'><strong>guit</strong></span> <span class='ocrx_word' id='word_1_751' title='bbox 415 4562 546 4601; x_wconf 87' lang='lat' dir='ltr'><strong>eam</strong></span> <span class='ocrx_word' id='word_1_752' title='bbox 578 4541 749 4616; x_wconf 88' lang='lat' dir='ltr'><strong>quasi</strong></span> <span class='ocrx_word' id='word_1_753' title='bbox 783 4540 1148 4597; x_wconf 89' lang='lat' dir='ltr'><strong>meretricem</strong></span> <span class='ocrx_word' id='word_1_754' title='bbox 1187 4542 1244 4595; x_wconf 91' lang='lat' dir='ltr'><strong>et</strong></span> <span class='ocrx_word' id='word_1_755' title='bbox 1287 4538 1634 4607; x_wconf 88' lang='lat' dir='ltr'><strong>adulteram,</strong></span> <span class='ocrx_word' id='word_1_756' title='bbox 1660 4557 1725 4595; x_wconf 93' lang='lat' dir='ltr'><strong>eo</strong></span> <span class='ocrx_word' id='word_1_757' title='bbox 1759 4541 1912 4612; x_wconf 91' lang='lat' dir='ltr'><strong>quod</strong></span> <span class='ocrx_word' id='word_1_758' title='bbox 1941 4556 1989 4621; x_wconf 84' lang='lat' dir='ltr'><strong>D</strong></span> <span class='ocrx_word' id='word_1_759' title='bbox 2024 4551 2193 4605; x_wconf 69' lang='lat' dir='ltr'><strong>norat,</strong></span> <span class='ocrx_word' id='word_1_760' title='bbox 2217 4545 2399 4619; x_wconf 60' lang='grc' dir='ltr'><strong>(Ιεαίω</strong></span> <span class='ocrx_word' id='word_1_761' title='bbox 2424 4542 2637 4612; x_wconf 51' lang='lat' dir='ltr'><strong>xxxx)»</strong></span> <span class='ocrx_word' id='word_1_762' title='bbox 2660 4540 2855 4594; x_wconf 88' lang='lat' dir='ltr'><strong>Vitam</strong></span> <span class='ocrx_word' id='word_1_763' title='bbox 2887 4538 2981 4592; x_wconf 85' lang='lat' dir='ltr'><strong>hic</strong></span> <span class='ocrx_word' id='word_1_764' title='bbox 3014 4554 3117 4608; x_wconf 90' lang='lat' dir='ltr'><strong>pro</strong></span> <span class='ocrx_word' id='word_1_765' title='bbox 3148 4535 3365 4590; x_wconf 88' lang='lat' dir='ltr'><strong>divitiis</strong></span> <span class='ocrx_word' id='word_1_766' title='bbox 3398 4535 3593 4607; x_wconf 85' lang='lat' dir='ltr'><strong>posuit</strong></span> <span class='ocrx_word' id='word_1_767' title='bbox 3621 4537 3680 4591; x_wconf 90' lang='lat' dir='ltr'><strong>et</strong></span> 
     </span>
    </p>
   </div>
   <div class='ocr_carea' id='block_1_95' title="bbox 249 4626 1917 4704">
    <p class='ocr_par' dir='ltr' id='par_1_95' title="bbox 249 4626 1917 4704">
     <span class='ocr_line' id='line_1_95' title="bbox 249 4626 1917 4704; baseline -0.005 -12"><span class='ocrx_word' id='word_1_768' title='bbox 249 4631 640 4704; x_wconf 88' lang='lat' dir='ltr'><strong>dereliqucrit</strong></span> <span class='ocrx_word' id='word_1_769' title='bbox 658 4631 849 4686; x_wconf 91' lang='lat' dir='ltr'><strong>virum</strong></span> <span class='ocrx_word' id='word_1_770' title='bbox 873 4627 1196 4702; x_wconf 88' lang='lat' dir='ltr'><strong>proprium,</strong></span> <span class='ocrx_word' id='word_1_771' title='bbox 1220 4626 1278 4681; x_wconf 92' lang='lat' dir='ltr'><strong>id</strong></span> <span class='ocrx_word' id='word_1_772' title='bbox 1298 4631 1406 4696; x_wconf 87' lang='lat' dir='ltr'><strong>est,</strong></span> <span class='ocrx_word' id='word_1_773' title='bbox 1429 4631 1630 4696; x_wconf 87' lang='lat' dir='ltr'><strong>Deum,</strong></span> <span class='ocrx_word' id='word_1_774' title='bbox 1649 4631 1707 4683; x_wconf 91' lang='lat' dir='ltr'><strong>et</strong></span> <span class='ocrx_word' id='word_1_775' title='bbox 1728 4629 1917 4684; x_wconf 65' lang='lat' dir='ltr'><strong>adhae-</strong></span> 
     </span>
    </p>
   </div>
   <div class='ocr_carea' id='block_1_96' title="bbox 250 4714 1910 4791">
    <p class='ocr_par' dir='ltr' id='par_1_96' title="bbox 250 4714 1910 4791">
     <span class='ocr_line' id='line_1_96' title="bbox 250 4714 1910 4791; baseline -0.004 -12"><span class='ocrx_word' id='word_1_776' title='bbox 250 4722 401 4781; x_wconf 88' lang='lat' dir='ltr'><strong>serit</strong></span> <span class='ocrx_word' id='word_1_777' title='bbox 434 4720 645 4791; x_wconf 87' lang='lat' dir='ltr'><strong>alieno,</strong></span> <span class='ocrx_word' id='word_1_778' title='bbox 670 4719 728 4775; x_wconf 91' lang='lat' dir='ltr'><strong>id</strong></span> <span class='ocrx_word' id='word_1_779' title='bbox 759 4722 869 4787; x_wconf 89' lang='lat' dir='ltr'><strong>est,</strong></span> <span class='ocrx_word' id='word_1_780' title='bbox 893 4716 1145 4785; x_wconf 88' lang='lat' dir='ltr'><strong>diabolo,</strong></span> <span class='ocrx_word' id='word_1_781' title='bbox 1170 4733 1272 4789; x_wconf 90' lang='lat' dir='ltr'><strong>per</strong></span> <span class='ocrx_word' id='word_1_782' title='bbox 1296 4714 1587 4771; x_wconf 87' lang='lat' dir='ltr'><strong>culturam</strong></span> <span class='ocrx_word' id='word_1_783' title='bbox 1619 4716 1910 4773; x_wconf 88' lang='lat' dir='ltr'><strong>idolorum</strong></span> 
     </span>
    </p>
   </div>
   <div class='ocr_carea' id='block_1_97' title="bbox 249 4803 1915 4878">
    <p class='ocr_par' dir='ltr' id='par_1_97' title="bbox 249 4803 1915 4878">
     <span class='ocr_line' id='line_1_97' title="bbox 249 4803 1915 4878; baseline -0.003 -11"><span class='ocrx_word' id='word_1_784' title='bbox 249 4808 605 4869; x_wconf 83' lang='lat' dir='ltr'><strong>fornicando</strong></span> <span class='ocrx_word' id='word_1_785' title='bbox 636 4824 771 4863; x_wconf 92' lang='lat' dir='ltr'><strong>cum</strong></span> <span class='ocrx_word' id='word_1_786' title='bbox 802 4805 994 4877; x_wconf 91' lang='lat' dir='ltr'><strong>lapide</strong></span> <span class='ocrx_word' id='word_1_787' title='bbox 1025 4809 1083 4861; x_wconf 94' lang='lat' dir='ltr'><strong>et</strong></span> <span class='ocrx_word' id='word_1_788' title='bbox 1112 4804 1291 4878; x_wconf 88' lang='lat' dir='ltr'><strong>ligno.</strong></span> <span class='ocrx_word' id='word_1_789' title='bbox 1315 4803 1487 4860; x_wconf 88' lang='lat' dir='ltr'><strong>Verbi</strong></span> <span class='ocrx_word' id='word_1_790' title='bbox 1519 4806 1726 4878; x_wconf 89' lang='lat' dir='ltr'><strong>gratia,</strong></span> <span class='ocrx_word' id='word_1_791' title='bbox 1760 4807 1915 4863; x_wconf 89' lang='lat' dir='ltr'><strong>sicut</strong></span> 
     </span>
    </p>
   </div>
   <div class='ocr_carea' id='block_1_98' title="bbox 249 4893 1913 4973">
    <p class='ocr_par' dir='ltr' id='par_1_98' title="bbox 249 4893 1913 4973">
     <span class='ocr_line' id='line_1_98' title="bbox 249 4893 1913 4973; baseline -0.002 -19"><span class='ocrx_word' id='word_1_792' title='bbox 249 4897 514 4973; x_wconf 89' lang='lat' dir='ltr'><strong>quilibet</strong></span> <span class='ocrx_word' id='word_1_793' title='bbox 534 4896 708 4952; x_wconf 92' lang='lat' dir='ltr'><strong>homo</strong></span> <span class='ocrx_word' id='word_1_794' title='bbox 730 4893 1029 4967; x_wconf 87' lang='lat' dir='ltr'><strong>redarguit</strong></span> <span class='ocrx_word' id='word_1_795' title='bbox 1050 4910 1286 4950; x_wconf 84' lang='lat' dir='ltr'><strong>uxorem</strong></span> <span class='ocrx_word' id='word_1_796' title='bbox 1310 4910 1479 4949; x_wconf 91' lang='lat' dir='ltr'><strong>suam</strong></span> <span class='ocrx_word' id='word_1_797' title='bbox 1501 4893 1701 4949; x_wconf 91' lang='lat' dir='ltr'><strong>dicens</strong></span> <span class='ocrx_word' id='word_1_798' title='bbox 1724 4912 1738 4950; x_wconf 87' lang='lat'><strong>:</strong></span> <span class='ocrx_word' id='word_1_799' title='bbox 1762 4896 1913 4951; x_wconf 91' lang='lat' dir='ltr'><strong>Dum</strong></span> 
     </span>
    </p>
   </div>
   <div class='ocr_carea' id='block_1_99' title="bbox 249 4981 1917 5056">
    <p class='ocr_par' dir='ltr' id='par_1_99' title="bbox 249 4981 1917 5056">
     <span class='ocr_line' id='line_1_99' title="bbox 249 4981 1917 5056; baseline -0.004 -12"><span class='ocrx_word' id='word_1_800' title='bbox 249 4985 493 5045; x_wconf 90' lang='lat' dir='ltr'><strong>dormio</strong></span> <span class='ocrx_word' id='word_1_801' title='bbox 535 4985 708 5056; x_wconf 86' lang='lat' dir='ltr'><strong>juxta</strong></span> <span class='ocrx_word' id='word_1_802' title='bbox 752 4988 829 5051; x_wconf 89' lang='lat' dir='ltr'><strong>te,</strong></span> <span class='ocrx_word' id='word_1_803' title='bbox 854 4982 1006 5038; x_wconf 91' lang='lat' dir='ltr'><strong>clam</strong></span> <span class='ocrx_word' id='word_1_804' title='bbox 1056 4981 1275 5039; x_wconf 89' lang='lat' dir='ltr'><strong>revelas</strong></span> <span class='ocrx_word' id='word_1_805' title='bbox 1306 4985 1554 5038; x_wconf 90' lang='lat' dir='ltr'><strong>stratum</strong></span> <span class='ocrx_word' id='word_1_806' title='bbox 1608 4999 1806 5038; x_wconf 91' lang='lat' dir='ltr'><strong>meum</strong></span> <span class='ocrx_word' id='word_1_807' title='bbox 1859 4987 1917 5039; x_wconf 91' lang='lat' dir='ltr'><strong>et</strong></span> 
     </span>
    </p>
   </div>
   <div class='ocr_carea' id='block_1_100' title="bbox 254 5071 1915 5146">
    <p class='ocr_par' dir='ltr' id='par_1_100' title="bbox 254 5071 1915 5146">
     <span class='ocr_line' id='line_1_100' title="bbox 254 5071 1915 5146; baseline -0.003 -14"><span class='ocrx_word' id='word_1_808' title='bbox 254 5073 521 5146; x_wconf 89' lang='lat' dir='ltr'><strong>suscipis</strong></span> <span class='ocrx_word' id='word_1_809' title='bbox 552 5071 909 5128; x_wconf 89' lang='lat' dir='ltr'><strong>adulterium</strong></span> <span class='ocrx_word' id='word_1_810' title='bbox 947 5071 1119 5143; x_wconf 83' lang='lat' dir='ltr'><strong>juxta</strong></span> <span class='ocrx_word' id='word_1_811' title='bbox 1147 5087 1259 5140; x_wconf 90' lang='lat' dir='ltr'><strong>me,</strong></span> <span class='ocrx_word' id='word_1_812' title='bbox 1282 5074 1641 5143; x_wconf 89' lang='lat' dir='ltr'><strong>pactumque</strong></span> <span class='ocrx_word' id='word_1_813' title='bbox 1683 5088 1818 5126; x_wconf 90' lang='lat' dir='ltr'><strong>cum</strong></span> <span class='ocrx_word' id='word_1_814' title='bbox 1850 5089 1915 5127; x_wconf 91' lang='lat' dir='ltr'><strong>eo</strong></span> 
     </span>
    </p>
   </div>
   <div class='ocr_carea' id='block_1_101' title="bbox 254 5159 1916 5233">
    <p class='ocr_par' dir='ltr' id='par_1_101' title="bbox 254 5159 1916 5233">
     <span class='ocr_line' id='line_1_101' title="bbox 254 5159 1916 5233; baseline -0.004 -12"><span class='ocrx_word' id='word_1_815' title='bbox 254 5162 450 5221; x_wconf 89' lang='lat' dir='ltr'><strong>iniisti</strong></span> <span class='ocrx_word' id='word_1_816' title='bbox 477 5164 540 5217; x_wconf 87' lang='lat' dir='ltr'><strong>ut</strong></span> <span class='ocrx_word' id='word_1_817' title='bbox 560 5178 676 5216; x_wconf 90' lang='lat' dir='ltr'><strong>non</strong></span> <span class='ocrx_word' id='word_1_818' title='bbox 710 5160 928 5216; x_wconf 90' lang='lat' dir='ltr'><strong>redires</strong></span> <span class='ocrx_word' id='word_1_819' title='bbox 960 5160 1032 5216; x_wconf 89' lang='lat' dir='ltr'><strong>ad</strong></span> <span class='ocrx_word' id='word_1_820' title='bbox 1065 5176 1177 5215; x_wconf 91' lang='lat' dir='ltr'><strong>me.</strong></span> <span class='ocrx_word' id='word_1_821' title='bbox 1201 5159 1301 5214; x_wconf 91' lang='lat' dir='ltr'><strong>Vel</strong></span> <span class='ocrx_word' id='word_1_822' title='bbox 1326 5159 1405 5215; x_wconf 91' lang='lat' dir='ltr'><strong>ita</strong></span> <span class='ocrx_word' id='word_1_823' title='bbox 1428 5163 1618 5232; x_wconf 86' lang='lat' dir='ltr'><strong>potest</strong></span> <span class='ocrx_word' id='word_1_824' title='bbox 1648 5160 1916 5233; x_wconf 86' lang='lat' dir='ltr'><strong>intelligi,</strong></span> 
     </span>
    </p>
   </div>
   <div class='ocr_carea' id='block_1_102' title="bbox 259 5247 1921 5321">
    <p class='ocr_par' dir='ltr' id='par_1_102' title="bbox 259 5247 1921 5321">
     <span class='ocr_line' id='line_1_102' title="bbox 259 5247 1921 5321; baseline -0.003 -12"><span class='ocrx_word' id='word_1_825' title='bbox 259 5258 331 5310; x_wconf 90' lang='lat' dir='ltr'><strong>ut</strong></span> <span class='ocrx_word' id='word_1_826' title='bbox 348 5267 586 5307; x_wconf 89' lang='lat' dir='ltr'><strong>omnem</strong></span> <span class='ocrx_word' id='word_1_827' title='bbox 603 5248 961 5304; x_wconf 88' lang='lat' dir='ltr'><strong>voluntatem</strong></span> <span class='ocrx_word' id='word_1_828' title='bbox 985 5266 1154 5304; x_wconf 91' lang='lat' dir='ltr'><strong>suam</strong></span> <span class='ocrx_word' id='word_1_829' title='bbox 1177 5247 1540 5304; x_wconf 87' lang='lat' dir='ltr'><strong>amatoribus</strong></span> <span class='ocrx_word' id='word_1_830' title='bbox 1558 5248 1683 5302; x_wconf 87' lang='lat' dir='ltr'><strong>suis</strong></span> <span class='ocrx_word' id='word_1_831' title='bbox 1700 5251 1921 5321; x_wconf 86' lang='lat' dir='ltr'><strong>absque</strong></span> 
     </span>
    </p>
   </div>
   <div class='ocr_carea' id='block_1_103' title="bbox 255 5335 1921 5398">
    <p class='ocr_par' dir='ltr' id='par_1_103' title="bbox 255 5335 1921 5398">
     <span class='ocr_line' id='line_1_103' title="bbox 255 5335 1921 5398; baseline -0.004 0"><span class='ocrx_word' id='word_1_832' title='bbox 255 5337 620 5398; x_wconf 84' lang='lat' dir='ltr'><strong>verecundia</strong></span> <span class='ocrx_word' id='word_1_833' title='bbox 650 5337 1110 5393; x_wconf 82' lang='lat' dir='ltr'><strong>maniiestaverit</strong></span> <span class='ocrx_word' id='word_1_834' title='bbox 1133 5355 1145 5393; x_wconf 73' lang='grc' dir='ltr'>ε</span> <span class='ocrx_word' id='word_1_835' title='bbox 1170 5341 1228 5392; x_wconf 88' lang='lat' dir='ltr'><strong>et</strong></span> <span class='ocrx_word' id='word_1_836' title='bbox 1252 5353 1367 5391; x_wconf 92' lang='lat' dir='ltr'><strong>non</strong></span> <span class='ocrx_word' id='word_1_837' title='bbox 1399 5335 1590 5391; x_wconf 90' lang='lat' dir='ltr'><strong>solum</strong></span> <span class='ocrx_word' id='word_1_838' title='bbox 1618 5335 1679 5390; x_wconf 90' lang='lat' dir='ltr'><strong>in</strong></span> <span class='ocrx_word' id='word_1_839' title='bbox 1713 5337 1921 5391; x_wconf 85' lang='lat' dir='ltr'><strong>llieru-</strong></span> 
     </span>
    </p>
   </div>
   <div class='ocr_carea' id='block_1_104' title="bbox 260 5424 1923 5496">
    <p class='ocr_par' dir='ltr' id='par_1_104' title="bbox 260 5424 1923 5496">
     <span class='ocr_line' id='line_1_104' title="bbox 260 5424 1923 5496; baseline -0.002 -10"><span class='ocrx_word' id='word_1_840' title='bbox 260 5426 455 5487; x_wconf 81' lang='lat' dir='ltr'><strong>salem</strong></span> <span class='ocrx_word' id='word_1_841' title='bbox 484 5426 772 5483; x_wconf 82' lang='lat' dir='ltr'><strong>fornicata</strong></span> <span class='ocrx_word' id='word_1_842' title='bbox 820 5424 917 5494; x_wconf 90' lang='lat' dir='ltr'><strong>sit,</strong></span> <span class='ocrx_word' id='word_1_843' title='bbox 951 5426 1052 5481; x_wconf 89' lang='lat' dir='ltr'><strong>sed</strong></span> <span class='ocrx_word' id='word_1_844' title='bbox 1102 5429 1159 5481; x_wconf 92' lang='lat' dir='ltr'><strong>et</strong></span> <span class='ocrx_word' id='word_1_845' title='bbox 1208 5442 1383 5496; x_wconf 85' lang='lat' dir='ltr'><strong>super</strong></span> <span class='ocrx_word' id='word_1_846' title='bbox 1430 5441 1632 5480; x_wconf 88' lang='lat' dir='ltr'><strong>omnes</strong></span> <span class='ocrx_word' id='word_1_847' title='bbox 1679 5425 1837 5482; x_wconf 85' lang='lat' dir='ltr'><strong>vicos</strong></span> <span class='ocrx_word' id='word_1_848' title='bbox 1866 5432 1923 5482; x_wconf 88' lang='lat' dir='ltr'><strong>et</strong></span> 
     </span>
    </p>
   </div>
   <div class='ocr_carea' id='block_1_105' title="bbox 263 5513 1360 5587">
    <p class='ocr_par' dir='ltr' id='par_1_105' title="bbox 263 5513 1360 5587">
     <span class='ocr_line' id='line_1_105' title="bbox 263 5513 1360 5587; baseline -0.006 -13"><span class='ocrx_word' id='word_1_849' title='bbox 263 5516 604 5575; x_wconf 83' lang='lat' dir='ltr'><strong>civitatulas</strong></span> <span class='ocrx_word' id='word_1_850' title='bbox 636 5513 946 5587; x_wconf 88' lang='lat' dir='ltr'><strong>lupanaria</strong></span> <span class='ocrx_word' id='word_1_851' title='bbox 976 5513 1360 5570; x_wconf 88' lang='lat' dir='ltr'><strong>constituerit.</strong></span> 
     </span>
    </p>
   </div>
   <div class='ocr_carea' id='block_1_106' title="bbox 341 5604 1921 5675">
    <p class='ocr_par' dir='ltr' id='par_1_106' title="bbox 341 5604 1921 5675">
     <span class='ocr_line' id='line_1_106' title="bbox 341 5604 1921 5675; baseline 0.001 -16"><span class='ocrx_word' id='word_1_852' title='bbox 341 5630 374 5659; x_wconf 84' lang='lat'>«</span> <span class='ocrx_word' id='word_1_853' title='bbox 397 5605 665 5666; x_wconf 82' lang='lat' dir='ltr'><strong>Dilexisti</strong></span> <span class='ocrx_word' id='word_1_854' title='bbox 687 5607 939 5662; x_wconf 90' lang='lat' dir='ltr'><strong>stratum</strong></span> <span class='ocrx_word' id='word_1_855' title='bbox 960 5620 1163 5661; x_wconf 91' lang='lat' dir='ltr'><strong>eorum</strong></span> <span class='ocrx_word' id='word_1_856' title='bbox 1186 5620 1365 5660; x_wconf 90' lang='lat' dir='ltr'><strong>manu</strong></span> <span class='ocrx_word' id='word_1_857' title='bbox 1386 5604 1604 5675; x_wconf 89' lang='lat' dir='ltr'><strong>aperta,</strong></span> <span class='ocrx_word' id='word_1_858' title='bbox 1623 5606 1682 5658; x_wconf 90' lang='lat' dir='ltr'><strong>et</strong></span> <span class='ocrx_word' id='word_1_859' title='bbox 1702 5605 1921 5660; x_wconf 89' lang='lat' dir='ltr'><strong>ornasti</strong></span> 
     </span>
    </p>
   </div>
   <div class='ocr_carea' id='block_1_107' title="bbox 2026 4621 3678 4695">
    <p class='ocr_par' dir='ltr' id='par_1_107' title="bbox 2026 4621 3678 4695">
     <span class='ocr_line' id='line_1_107' title="bbox 2026 4621 3678 4695; baseline -0.01 -2"><span class='ocrx_word' id='word_1_860' title='bbox 2026 4632 2389 4694; x_wconf 89' lang='lat' dir='ltr'><strong>abundantia</strong></span> <span class='ocrx_word' id='word_1_861' title='bbox 2420 4635 2784 4685; x_wconf 87' lang='lat' dir='ltr'><strong>terrenarum</strong></span> <span class='ocrx_word' id='word_1_862' title='bbox 2817 4641 3036 4692; x_wconf 86' lang='lat' dir='ltr'><strong>rerum,</strong></span> <span class='ocrx_word' id='word_1_863' title='bbox 3062 4624 3120 4677; x_wconf 92' lang='lat' dir='ltr'><strong>in</strong></span> <span class='ocrx_word' id='word_1_864' title='bbox 3152 4622 3368 4695; x_wconf 88' lang='lat' dir='ltr'><strong>quibus</strong></span> <span class='ocrx_word' id='word_1_865' title='bbox 3397 4621 3482 4677; x_wconf 90' lang='lat' dir='ltr'><strong>illi</strong></span> <span class='ocrx_word' id='word_1_866' title='bbox 3513 4639 3678 4694; x_wconf 88' lang='lat' dir='ltr'><strong>spem</strong></span> 
     </span>
    </p>
   </div>
   <div class='ocr_carea' id='block_1_108' title="bbox 2022 4709 3676 4783">
    <p class='ocr_par' dir='ltr' id='par_1_108' title="bbox 2022 4709 3676 4783">
     <span class='ocr_line' id='line_1_108' title="bbox 2022 4709 3676 4783; baseline -0.01 -2"><span class='ocrx_word' id='word_1_867' title='bbox 2022 4725 2153 4780; x_wconf 68' lang='lat' dir='ltr'><strong>vita:</strong></span> <span class='ocrx_word' id='word_1_868' title='bbox 2183 4738 2302 4777; x_wconf 69' lang='lat' dir='ltr'><strong>suae</strong></span> <span class='ocrx_word' id='word_1_869' title='bbox 2335 4717 2678 4774; x_wconf 88' lang='lat' dir='ltr'><strong>collocatam</strong></span> <span class='ocrx_word' id='word_1_870' title='bbox 2711 4714 3027 4769; x_wconf 86' lang='lat' dir='ltr'><strong>habebant.</strong></span> <span class='ocrx_word' id='word_1_871' title='bbox 3050 4712 3130 4766; x_wconf 90' lang='lat' dir='ltr'><strong>Ac</strong></span> <span class='ocrx_word' id='word_1_872' title='bbox 3156 4710 3205 4767; x_wconf 89' lang='lat' dir='ltr'><strong>si</strong></span> <span class='ocrx_word' id='word_1_873' title='bbox 3235 4711 3489 4783; x_wconf 84' lang='lat' dir='ltr'><strong>diceret:</strong></span> <span class='ocrx_word' id='word_1_874' title='bbox 3523 4709 3676 4766; x_wconf 92' lang='lat' dir='ltr'><strong>Divi-</strong></span> 
     </span>
    </p>
   </div>
   <div class='ocr_carea' id='block_1_109' title="bbox 2024 4797 3681 4881">
    <p class='ocr_par' dir='ltr' id='par_1_109' title="bbox 2024 4797 3681 4881">
     <span class='ocr_line' id='line_1_109' title="bbox 2024 4797 3681 4881; baseline -0.01 -11"><span class='ocrx_word' id='word_1_875' title='bbox 2024 4814 2137 4870; x_wconf 90' lang='lat' dir='ltr'><strong>tias</strong></span> <span class='ocrx_word' id='word_1_876' title='bbox 2170 4825 2317 4881; x_wconf 92' lang='lat' dir='ltr'><strong>quas</strong></span> <span class='ocrx_word' id='word_1_877' title='bbox 2350 4803 2731 4860; x_wconf 88' lang='lat' dir='ltr'><strong>desiderabas</strong></span> <span class='ocrx_word' id='word_1_878' title='bbox 2761 4799 3056 4868; x_wconf 89' lang='lat' dir='ltr'><strong>invenisti,</strong></span> <span class='ocrx_word' id='word_1_879' title='bbox 3090 4799 3432 4871; x_wconf 91' lang='lat' dir='ltr'><strong>omiumque</strong></span> <span class='ocrx_word' id='word_1_880' title='bbox 3461 4797 3681 4871; x_wconf 89' lang='lat' dir='ltr'><strong>repleta</strong></span> 
     </span>
    </p>
   </div>
   <div class='ocr_carea' id='block_1_110' title="bbox 2024 4888 3682 4963">
    <p class='ocr_par' dir='ltr' id='par_1_110' title="bbox 2024 4888 3682 4963">
     <span class='ocr_line' id='line_1_110' title="bbox 2024 4888 3682 4963; baseline -0.009 -5"><span class='ocrx_word' id='word_1_881' title='bbox 2024 4919 2087 4958; x_wconf 88' lang='lat' dir='ltr'><strong>es</strong></span> <span class='ocrx_word' id='word_1_882' title='bbox 2117 4892 2502 4959; x_wconf 88' lang='lat' dir='ltr'><strong>abundantia,</strong></span> <span class='ocrx_word' id='word_1_883' title='bbox 2530 4891 2777 4963; x_wconf 90' lang='lat' dir='ltr'><strong>ideoque</strong></span> <span class='ocrx_word' id='word_1_884' title='bbox 2799 4908 2893 4946; x_wconf 89' lang='lat' dir='ltr'><strong>me</strong></span> <span class='ocrx_word' id='word_1_885' title='bbox 2917 4907 3034 4946; x_wconf 92' lang='lat' dir='ltr'><strong>non</strong></span> <span class='ocrx_word' id='word_1_886' title='bbox 3056 4888 3275 4962; x_wconf 89' lang='lat' dir='ltr'><strong>rogasti</strong></span> <span class='ocrx_word' id='word_1_887' title='bbox 3297 4888 3450 4945; x_wconf 89' lang='lat' dir='ltr'><strong>sicut</strong></span> <span class='ocrx_word' id='word_1_888' title='bbox 3479 4901 3682 4959; x_wconf 87' lang='lat' dir='ltr'><strong>rogare</strong></span> 
     </span>
    </p>
   </div>
   <div class='ocr_carea' id='block_1_111' title="bbox 2023 4972 2761 5046">
    <p class='ocr_par' dir='ltr' id='par_1_111' title="bbox 2023 4972 2761 5046">
     <span class='ocr_line' id='line_1_111' title="bbox 2023 4972 2761 5046; baseline -0.014 0"><span class='ocrx_word' id='word_1_889' title='bbox 2023 4983 2306 5046; x_wconf 89' lang='lat' dir='ltr'><strong>debuisti.</strong></span> <span class='ocrx_word' id='word_1_890' title='bbox 2758 4972 2761 4977; x_wconf 70' lang='grc'><em>’</em></span> 
     </span>
    </p>
   </div>
   <div class='ocr_carea' id='block_1_112' title="bbox 2098 5066 3681 5145">
    <p class='ocr_par' dir='ltr' id='par_1_112' title="bbox 2098 5066 3681 5145">
     <span class='ocr_line' id='line_1_112' title="bbox 2098 5066 3681 5145; baseline -0.004 -18"><span class='ocrx_word' id='word_1_891' title='bbox 2098 5102 2124 5127; x_wconf 85' lang='grc'><strong>‹‹</strong></span> <span class='ocrx_word' id='word_1_892' title='bbox 2153 5076 2258 5131; x_wconf 78' lang='grc' dir='ltr'><strong>Ριό</strong></span> <span class='ocrx_word' id='word_1_893' title='bbox 2282 5090 2398 5145; x_wconf 91' lang='lat' dir='ltr'><strong>quo</strong></span> <span class='ocrx_word' id='word_1_894' title='bbox 2421 5070 2698 5141; x_wconf 90' lang='lat' dir='ltr'><strong>sollicita,</strong></span> <span class='ocrx_word' id='word_1_895' title='bbox 2716 5070 2990 5138; x_wconf 77' lang='lat' dir='ltr'><strong>timuisti,</strong></span> <span class='ocrx_word' id='word_1_896' title='bbox 3006 5069 3144 5140; x_wconf 88' lang='lat' dir='ltr'><strong>quia</strong></span> <span class='ocrx_word' id='word_1_897' title='bbox 3164 5066 3409 5122; x_wconf 90' lang='lat' dir='ltr'><strong>mentita</strong></span> <span class='ocrx_word' id='word_1_898' title='bbox 3427 5083 3547 5133; x_wconf 85' lang='lat' dir='ltr'><strong>es,»</strong></span> <span class='ocrx_word' id='word_1_899' title='bbox 3568 5068 3681 5121; x_wconf 90' lang='lat' dir='ltr'><strong>etc.</strong></span> 
     </span>
    </p>
   </div>
   <div class='ocr_carea' id='block_1_113' title="bbox 2028 5154 3681 5227">
    <p class='ocr_par' dir='ltr' id='par_1_113' title="bbox 2028 5154 3681 5227">
     <span class='ocr_line' id='line_1_113' title="bbox 2028 5154 3681 5227; baseline -0.009 -4"><span class='ocrx_word' id='word_1_900' title='bbox 2028 5172 2145 5225; x_wconf 87' lang='lat' dir='ltr'><strong>Iste</strong></span> <span class='ocrx_word' id='word_1_901' title='bbox 2172 5179 2376 5220; x_wconf 89' lang='lat' dir='ltr'><strong>versus</strong></span> <span class='ocrx_word' id='word_1_902' title='bbox 2398 5160 2882 5217; x_wconf 86' lang='lat' dir='ltr'><strong>distinctionibus</strong></span> <span class='ocrx_word' id='word_1_903' title='bbox 2902 5163 2959 5213; x_wconf 87' lang='lat' dir='ltr'><strong>et</strong></span> <span class='ocrx_word' id='word_1_904' title='bbox 2990 5154 3505 5213; x_wconf 89' lang='lat' dir='ltr'><strong>subauditionibus</strong></span> <span class='ocrx_word' id='word_1_905' title='bbox 3532 5157 3681 5227; x_wconf 84' lang='lat' dir='ltr'><strong>eget.</strong></span> 
     </span>
    </p>
   </div>
   <div class='ocr_carea' id='block_1_114' title="bbox 2028 5241 3684 5326">
    <p class='ocr_par' dir='ltr' id='par_1_114' title="bbox 2028 5241 3684 5326">
     <span class='ocr_line' id='line_1_114' title="bbox 2028 5241 3684 5326; baseline -0.01 -13"><span class='ocrx_word' id='word_1_906' title='bbox 2028 5257 2136 5312; x_wconf 87' lang='lat' dir='ltr'><strong>Pro</strong></span> <span class='ocrx_word' id='word_1_907' title='bbox 2156 5270 2270 5326; x_wconf 91' lang='lat' dir='ltr'><strong>quo</strong></span> <span class='ocrx_word' id='word_1_908' title='bbox 2303 5249 2593 5307; x_wconf 83' lang='lat' dir='ltr'><strong>sollicita?</strong></span> <span class='ocrx_word' id='word_1_909' title='bbox 2615 5249 2720 5302; x_wconf 87' lang='lat' dir='ltr'><strong>Pro</strong></span> <span class='ocrx_word' id='word_1_910' title='bbox 2743 5246 2983 5301; x_wconf 88' lang='lat' dir='ltr'><strong>divitiis.</strong></span> <span class='ocrx_word' id='word_1_911' title='bbox 3015 5245 3216 5316; x_wconf 84' lang='lat' dir='ltr'><strong>Ibique</strong></span> <span class='ocrx_word' id='word_1_912' title='bbox 3250 5243 3444 5298; x_wconf 90' lang='lat' dir='ltr'><strong>media</strong></span> <span class='ocrx_word' id='word_1_913' title='bbox 3475 5241 3684 5297; x_wconf 90' lang='lat' dir='ltr'><strong>distin-</strong></span> 
     </span>
    </p>
   </div>
   <div class='ocr_carea' id='block_1_115' title="bbox 2030 5330 3687 5413">
    <p class='ocr_par' dir='ltr' id='par_1_115' title="bbox 2030 5330 3687 5413">
     <span class='ocr_line' id='line_1_115' title="bbox 2030 5330 3687 5413; baseline -0.009 -13"><span class='ocrx_word' id='word_1_914' title='bbox 2030 5344 2144 5399; x_wconf 89' lang='lat' dir='ltr'><strong>ctio</strong></span> <span class='ocrx_word' id='word_1_915' title='bbox 2168 5338 2435 5413; x_wconf 88' lang='lat' dir='ltr'><strong>ponenda</strong></span> <span class='ocrx_word' id='word_1_916' title='bbox 2452 5340 2563 5390; x_wconf 90' lang='lat' dir='ltr'><strong>est.</strong></span> <span class='ocrx_word' id='word_1_917' title='bbox 2577 5336 2647 5389; x_wconf 83' lang='lat' dir='ltr'><strong>Et</strong></span> <span class='ocrx_word' id='word_1_918' title='bbox 2662 5340 2751 5389; x_wconf 89' lang='lat' dir='ltr'><strong>est</strong></span> <span class='ocrx_word' id='word_1_919' title='bbox 2770 5350 2981 5389; x_wconf 85' lang='lat' dir='ltr'><strong>sensus</strong></span> <span class='ocrx_word' id='word_1_920' title='bbox 3005 5350 3017 5388; x_wconf 91' lang='lat'><strong>:</strong></span> <span class='ocrx_word' id='word_1_921' title='bbox 3046 5333 3150 5387; x_wconf 89' lang='lat' dir='ltr'><strong>Pro</strong></span> <span class='ocrx_word' id='word_1_922' title='bbox 3173 5330 3391 5386; x_wconf 89' lang='lat' dir='ltr'><strong>divitiis</strong></span> <span class='ocrx_word' id='word_1_923' title='bbox 3411 5347 3446 5385; x_wconf 89' lang='lat' dir='ltr'><strong>a</strong></span> <span class='ocrx_word' id='word_1_924' title='bbox 3467 5346 3559 5385; x_wconf 88' lang='lat' dir='ltr'><strong>me</strong></span> <span class='ocrx_word' id='word_1_925' title='bbox 3580 5330 3687 5386; x_wconf 88' lang='lat' dir='ltr'><strong>tibi</strong></span> 
     </span>
    </p>
   </div>
   <div class='ocr_carea' id='block_1_116' title="bbox 2029 5419 3690 5492">
    <p class='ocr_par' dir='ltr' id='par_1_116' title="bbox 2029 5419 3690 5492">
     <span class='ocr_line' id='line_1_116' title="bbox 2029 5419 3690 5492; baseline -0.007 -7"><span class='ocrx_word' id='word_1_926' title='bbox 2029 5428 2182 5486; x_wconf 88' lang='lat' dir='ltr'><strong>datis</strong></span> <span class='ocrx_word' id='word_1_927' title='bbox 2214 5424 2464 5481; x_wconf 89' lang='lat' dir='ltr'><strong>sollicita</strong></span> <span class='ocrx_word' id='word_1_928' title='bbox 2511 5422 2698 5491; x_wconf 85' lang='lat' dir='ltr'><strong>fuisti,</strong></span> <span class='ocrx_word' id='word_1_929' title='bbox 2730 5421 3024 5492; x_wconf 87' lang='lat' dir='ltr'><strong>quomodo</strong></span> <span class='ocrx_word' id='word_1_930' title='bbox 3065 5419 3389 5475; x_wconf 90' lang='lat' dir='ltr'><strong>custodires</strong></span> <span class='ocrx_word' id='word_1_931' title='bbox 3420 5435 3539 5474; x_wconf 88' lang='lat' dir='ltr'><strong>eas.</strong></span> <span class='ocrx_word' id='word_1_932' title='bbox 3570 5419 3690 5473; x_wconf 66' lang='grc' dir='ltr'><strong>»Εἰ</strong></span> 
     </span>
    </p>
   </div>
   <div class='ocr_carea' id='block_1_117' title="bbox 2028 5506 3693 5580">
    <p class='ocr_par' dir='ltr' id='par_1_117' title="bbox 2028 5506 3693 5580">
     <span class='ocr_line' id='line_1_117' title="bbox 2028 5506 3693 5580; baseline -0.005 -6"><span class='ocrx_word' id='word_1_933' title='bbox 2028 5514 2299 5580; x_wconf 88' lang='lat' dir='ltr'><strong>timuisti,</strong></span> <span class='ocrx_word' id='word_1_934' title='bbox 2327 5536 2353 5560; x_wconf 85' lang='grc'><strong>››</strong></span> <span class='ocrx_word' id='word_1_935' title='bbox 2378 5510 2665 5566; x_wconf 90' lang='lat' dir='ltr'><strong>subaudis</strong></span> <span class='ocrx_word' id='word_1_936' title='bbox 2687 5510 2886 5565; x_wconf 87' lang='lat' dir='ltr'><strong>hostes</strong></span> <span class='ocrx_word' id='word_1_937' title='bbox 2909 5507 2994 5564; x_wconf 89' lang='lat' dir='ltr'><strong>vel</strong></span> <span class='ocrx_word' id='word_1_938' title='bbox 3026 5509 3166 5563; x_wconf 91' lang='lat' dir='ltr'><strong>deos</strong></span> <span class='ocrx_word' id='word_1_939' title='bbox 3187 5525 3221 5562; x_wconf 90' lang='lat' dir='ltr'><strong>a</strong></span> <span class='ocrx_word' id='word_1_940' title='bbox 3243 5506 3461 5579; x_wconf 89' lang='lat' dir='ltr'><strong>quibus</strong></span> <span class='ocrx_word' id='word_1_941' title='bbox 3491 5524 3693 5580; x_wconf 88' lang='lat' dir='ltr'><strong>spera-</strong></span> 
     </span>
    </p>
   </div>
   <div class='ocr_carea' id='block_1_118' title="bbox 2031 5594 3693 5667">
    <p class='ocr_par' dir='ltr' id='par_1_118' title="bbox 2031 5594 3693 5667">
     <span class='ocr_line' id='line_1_118' title="bbox 2031 5594 3693 5667; baseline -0.007 -5"><span class='ocrx_word' id='word_1_942' title='bbox 2031 5606 2137 5661; x_wconf 91' lang='lat' dir='ltr'><strong>bas</strong></span> <span class='ocrx_word' id='word_1_943' title='bbox 2159 5602 2358 5659; x_wconf 90' lang='lat' dir='ltr'><strong>omnia</strong></span> <span class='ocrx_word' id='word_1_944' title='bbox 2378 5599 2499 5655; x_wconf 81' lang='lat' dir='ltr'><strong>haec</strong></span> <span class='ocrx_word' id='word_1_945' title='bbox 2528 5598 2634 5654; x_wconf 82' lang='lat' dir='ltr'><strong>tibi</strong></span> <span class='ocrx_word' id='word_1_946' title='bbox 2658 5599 2814 5654; x_wconf 87' lang='lat' dir='ltr'><strong>data.</strong></span> <span class='ocrx_word' id='word_1_947' title='bbox 2836 5620 2863 5648; x_wconf 76' lang='grc' dir='ltr'><strong>(ι</strong></span> <span class='ocrx_word' id='word_1_948' title='bbox 2885 5595 3031 5664; x_wconf 91' lang='lat' dir='ltr'><strong>Quia</strong></span> <span class='ocrx_word' id='word_1_949' title='bbox 3053 5594 3298 5652; x_wconf 89' lang='lat' dir='ltr'><strong>mentita</strong></span> <span class='ocrx_word' id='word_1_950' title='bbox 3316 5611 3400 5667; x_wconf 89' lang='lat' dir='ltr'><strong>es,</strong></span> <span class='ocrx_word' id='word_1_951' title='bbox 3429 5618 3456 5646; x_wconf 83' lang='lat'>»</span> <span class='ocrx_word' id='word_1_952' title='bbox 3480 5595 3693 5653; x_wconf 88' lang='lat' dir='ltr'><strong>subau-</strong></span> 
     </span>
    </p>
   </div>
  </div>
