4106 6190
373 247 532 340 ιοιιετ

791 247 1196 306 HAYMONIS
1227 242 1770 340 HALBEBSTAT.
2077 239 2251 338 QPP.
2281 239 2509 308 PARS.
2542 241 2591 302 Ι.
2623 273 2702 284 -η
2731 237 3136 302 COMMENT.
3169 237 3362 298 BIBL.

3623 235 3782 314 ιοιεε

369 379 462 450 dis
493 349 726 464 quando
747 377 1138 452 egrediebaris
1161 376 1234 461 de.
1253 377 1490 462 Egypto
1513 373 1714 448 dicens
1739 389 1787 429 :«
1811 370 2022 450 Omnia
2055 374 2105 464 Α
2132 371 2363 464 Domini
2386 372 2526 464 ‘(Ism
2552 373 2636 441 ιι),
2664 395 2692 422 ››
2714 369 2772 464 id
2805 375 2893 446 est
2921 371 3231 464 credamus
3260 367 3653 464 inphristum

372 448 764 542 quae-locutus
789 448 886 521 est
934 461 1106 538 nobis
1155 448 1442 542 Dominus
1475 463 1667 532 (Exod.
1705 464 1882 529 xxxv),
1911 483 1937 510 »
1971 448 2028 514 et
2070 448 2108 480 ’³
2132 448 2280 529 lium
2301 459 2423 516 Dei.
2449 457 2717 526 Christus
2742 459 2938 534 itaque
2959 448 3102 528 dicit
3117 457 3404 542 apostolis
3425 460 3482 513 et
3501 453 3780 530 apostoli-

375 538 600 614 caetera.
627 556 657 606 '«
687 555 758 620 Et
783 553 895 609 mei
930 571 1044 610 non
1076 569 1138 609 cs
1169 538 1505 609 recordata:
1531 575 1558 602 »
1582 550 1866 607 subaudis
1888 554 2028 604 tem-

375 661 514 718 pore
541 637 754 709 léétitize
785 633 919 709 tua),
943 643 1223 714 Quodque
1255 639 1523 714 sequitur
1552 658 1564 696 :
1592 663 1620 690 «
1655 655 1841 710 neque
1871 637 2028 710 cogi-

371 725 518 789 tasti
546 731 602 786 in
636 727 810 788 corde
858 736 980 799 tuo,
1005 731 1146 806 quia
1175 748 1280 804 ego
1323 747 1438 786 non
1486 733 1722 784 tacens:
1758 730 1815 782 et
1858 723 2025 798 quasi

375 838 490 876 non
521 821 745 889 videns,
779 825 838 888 ct
885 819 999 876 mei
1033 817 1214 888 oblita
1243 837 1325 876 es.
1359 843 1385 867 »
1418 819 1640 874 Sensus
1687 812 2030 887 hujusmodi’

374 902 464 966 est
493 928 505 965 :
531 909 675 965 Cum
701 909 920 964 divitiis
941 909 1294 967 abundares.
1314 911 1370 962 et
1393 923 1628 962 summa
1657 920 1796 976 pace
1820 903 2031 956 fruere-

375 990 477 1064 ris,
499 987 862 1071 luxuriaeque
893 1002 952 1054 et
977 998 1230 1056 avaritia:
1263 1002 1319 1052 et
1351 995 1480 1051 aliis
1503 993 1660 1049 vitiis
1687 989 2026 1056 descrvires,

374 1087 515 1160 quia
537 1087 981 1162 praesentialiter
996 1087 1099 1142 tibi
1122 1086 1276 1158 quod
1297 1082 1616 1142 morebaris
1634 1099 1748 1136 non
1773 1079 2026 1136 reddidi:

374 1175 598 1252 putasti
629 1175 784 1250 quod
836 1192 1066 1247 semper
1103 1179 1356 1229 tacerem
1406 1189 1522 1227 non
1573 1169 1832 1248 recolens
1875 1166 2031 1240 quod

377 1263 517 1321 alibi
548 1265 666 1320 dixi
703 1281 716 1318 :
749 1263 954 1328 Tacui,
987 1261 1252 1334 nunquid
1287 1277 1518 1334 semper
1549 1257 1798 1316 tacebo?

408 1351 412 1356 ’
451 1376 479 1402 α
513 1342 632 1426 Ego
663 1350 1028 1406 annuntiaho
1049 1341 1346 1422 justitiam
1379 1353 1566 1416 tuam,
1589 1353 1647 1404 et
1668 1363 1844 1420 opera
1874 1349 2034 1410 tua,»

381 1441 440 1496 id
472 1439 910 1510 estsimulaera
937 1445 1056 1508 tua,
1083 1461 1110 1488 «
1143 1456 1260 1494 non
1300 1439 1624 1514 proderunt
1652 1436 1782 1492 tibi.
1810 1457 1838 1485 ››
1861 1436 1930 1490 Et
1957 1435 2034 1490 lo-

379 1527 582 1605 quitur
609 1528 846 1584 ironiee.
879 1529 957 1583 Ae
1007 1525 1055 1582 si
1106 1519 1358 1605 diceret:
1387 1515 1680 1582 Hactenus
1729 1525 1886 1592 silui,
1921 1541 2036 1579 non

380 1603 638 1688 amplius
667 1617 892 1684 tacebo,
918 1616 1019 1672 sed
1051 1603 1418 1672 annuntiabo
1451 1615 1821 1686 iniquitatem
1852 1617 2035 1682 tuam,

377 1705 592 1804 eum'nte
613 1707 676 1811 ei
697 1703 1015 1811 simulacra
1045 1709 1149 1811 tua
1177 1705 1470 1811 tradidero
1495 1703 1780 1811 Chaldaeis
1799 1703 1890 1758 vel
1923 1703 2032 1800 Ro-
2065 1743 2114 1811 Β

2134 547 2218 604 eis
2243 548 2382 603 viris
2416 567 2428 604 :
2455 573 2480 598 «
2507 549 2675 605 Viam
2714 547 2882 606 facite
2912 541 3125 621 populo
3152 539 3282 604 meo
3311 547 3371 602 in
3403 563 3497 602 me
3523 543 3783 604 credenti

2137 627 2310 692 fidem
2334 642 2646 703 rectam,et
2667 637 3061 710 operationem
3085 637 3368 695 mundam
3390 627 3784 709 pradicando,

2135 729 2194 780 et
2216 726 2464 798 prrehete
2489 725 2723 794 iter,»id
2747 731 2834 782 est
2855 724 3184 798 exemplum
3205 725 3427 802 bonum
3449 723 3588 796 quid
3614 741 3788 799 agere

2137 813 2361 870 debeat.
2387 813 2620 871 Auferte
2647 832 2878 888 quoque
2925 813 3295 882 offendicula,
3320 813 3374 868 id
3409 817 3500 871 est
3548 817 3790 886 peccata

2138 918 2338 974 eorum
2363 919 2466 974 per
2487 903 2846 975 baptismum
2873 906 3134 976 purgate,
3152 901 3241 956 vel
3263 902 3337 956 ab
3357 901 3648 967 idolorum
3672 901 3790 956 cul-

2137 995 2271 1045 tura
2289 994 2479 1046 vestra
2496 991 2907 1064 praedicatione
2933 991 3060 1048 illos
3091 995 3374 1057 amovete,
3392 990 3450 1045 in
3473 1007 3590 1062 qua
3611 991 3792 1046 maxi-

2141 1097 2234 1134 me
2265 1080 2577 1136 offenditur
2607 1080 2783 1146 Deus,
2806 1084 2865 1136 et
2896 1079 2979 1135 illi
3024 1079 3430 1154 impediuntur
3457 1095 3530 1134 ne
3560 1080 3792 1152 possint

2137 1167 2334 1226 venire
2363 1170 2650 1225 credendo
2677 1171 2746 1226 ad
2782 1170 3102 1232 Christum.
3597 1159 3604 1168 ’

2219 1280 2240 1307 α
2269 1257 2397 1314 Haec
2421 1257 2560 1314 dicit
2583 1259 2859 1315 Excelsus
2885 1258 3160 1320 habitans
3191 1257 3600 1326 aeternitatem,
3626 1283 3647 1310 ι
3674 1263 3790 1322 etc.

2145 1347 2260 1402 Iste
2291 1351 2380 1402 est
2407 1347 2671 1406 excelsus
2700 1351 2757 1404 et
2786 1341 3080 1414 sublimis,
3104 1347 3176 1404 de
3197 1364 3312 1420 quo
3335 1346 3650 1410 Psalmista
3667 1349 3790 1405 ait:

2147 1458 2174 1486 ‹‹
2188 1435 2465 1494 Excelsus
2485 1455 2662 1511 super
2681 1453 2886 1494 omnes
2900 1441 3102 1510 gentes
3121 1435 3406 1494 Dominus
3417 1437 3793 1510 (Psal.cxu),n

2147 1525 2276 1598 Ipse
2298 1525 2524 1581 habitat
2543 1525 2948 1594 aeternitatem,
2970 1523 3112 1598 quia
3139 1518 3644 1582 incommutabilis
3673 1542 3798 1588 ma:

2147 1617 2245 1669 net
2265 1613 2322 1668 in
2350 1632 2457 1670 sua
2478 1613 2801 1682 divinitate,
2825 1631 2931 1669 nec
2959 1613 3197 1670 initium
3219 1630 3324 1670 nec
3347 1613 3525 1672 finem
3553 1613 3798 1672 habens.

2148 1726 2176 1754 «
2200 1704 2268 1758 Et
2287 1707 2562 1759 sanctum
2583 1707 2907 1776 estnomen
2931 1703 3059 1775 ejus
3080 1701 3140 1758 in
3163 1701 3410 1784 excelso,
3435 1705 3491 1758 et
3512 1701 3574 1758 in
3597 1707 3801 1764 sancto

379 1783 592 1851 manis.
627 1791 730 1848 Vel
762 1793 939 1848 etiam
970 1791 1031 1857 in
1064 1791 1156 1848 die
1178 1791 1390 1864 judicii
1431 1790 1797 1859 annuntiabo
1830 1789 2029 1862 nequi--
2065 1782 2114 1845 "-l
2145 1791 2473 1848 habitans.»
2490 1791 2592 1848 Hic
2615 1791 2910 1856 excelsum
2934 1789 3145 1850 emtum
3170 1782 3691 1864 intelligimu3,ubi
3713 1795 3802 1848 est

377 1883 522 1954 tiam
553 1887 717 1938 tuam
751 1870 1028 1938 omnibus
1057 1871 1354 1954 gentibus,
1383 1879 1676 1960 quomodo
1707 1884 1910 1934 contra
1943 1895 2035 1936 me

379 1971 568 2045 egeris
613 1961 876 2045 tempore
927 1969 1220 2043 passionis
1269 1986 1430 2037 meaa,
1466 1972 1532 2024 ut
1577 1973 1934 2042 cognoscant
1980 1973 2036 2024 te

387 2078 501 2116 non
535 2066 686 2117 recte
718 2060 928 2134 egisse.
961 2060 1031 2114 Et
1061 2076 1240 2132 quare
1290 2076 1404 2114 non
1453 2047 1775 2132 prederunt
1819 2057 1924 2114 tibi
1957 2058 2034 2112 si-

385 2149 649 2206 mulacra
678 2149 824 2206 tua?
855 2135 1002 2216 Quia
1029 2147 1130 2208 illa
1159 2147 1594 2220 conflabantur,
1627 2151 1686 2206 et
1715 2149 1776 2202 tu
1811 2147 2038 2220 captiva

385 2229 638 2294 duceris.

459 2351 487 2378 «
521 2315 666 2384 Cum
715 2325 1078 2388 clamaveris,
1106 2348 1132 2374 ›ι
1175 2325 1478 2392 subaudis,
1512 2325 1584 2380 ad
1637 2341 1731 2379 me
1775 2327 2036 2396 tempore

385 2415 744 2489 captivitatis
773 2419 832 2471 et
863 2413 1216 2470 calamitatis
1262 2417 1395 2480 tum,
1429 2413 1548 2468 sive
1591 2430 1723 2468 eum
1772 2413 2038 2467 venerint

384 2504 637 2561 Chaldaei
659 2503 745 2560 vel
778 2503 1047 2571 Romani,
1069 2520 1171 2558 seu
1203 2501 1264 2558 in
1291 2503 1384 2558 die
1405 2499 1636 2575 judicii,
1663 2525 1688 2550 ‹‹
1715 2501 1962 2558 liberent
1982 2504 2038 2556 te

385 2583 720 2668 congregati
751 2593 857 2661 tui,
883 2615 911 2643 »
945 2592 1003 2648 id
1035 2596 1142 2658 est,
1169 2589 1249 2647 dii
1283 2590 1368 2647 tui
1399 2592 1469 2648 de
1499 2591 1854 2664 captivitatis
1885 2589 2038 2646 malo

385 2683 443 2739 et
471 2683 660 2754 poenis
693 2672 916 2740 inferni
965 2681 1288 2750 absolvant,
1313 2698 1460 2754 quos
1500 2682 1640 2736 deos
1673 2679 2036 2754 congregasti

387 2760 456 2827 ex
493 2771 738 2828 diversis
787 2772 1082 2844 gentibus,
1118 2771 1272 2826 unde
1323 2769 1608 2826 Jeremias
1643 2787 1710 2824 :«
1745 2768 1850 2825 Ubi
1902 2772 2043 2824 sunt

386 2859 464 2917 dii
499 2859 583 2916 tui
633 2877 783 2933 quos
833 2861 1051 2916 feceras
1097 2859 1201 2914 tibi
1249 2859 1378 2932 (Jcr.
1415 2857 1670 2929 xxxvii)?
1699 2880 1730 2910 ››
1764 2858 2038 2930 Surgant,

385 2941 451 3006 et
474 2949 694 3016 salvam
727 2936 785 3006 te
817 2949 1036 3005 faciant
1073 2948 1133 3004 in
1194 2948 1286 3004 die
1344 2947 1654 3002 malorum.
1686 2967 1712 3000 ι(
1740 2946 1810 3000 Et
1838 2963 2042 3001 omnes

385 3023 506 3116 eos,
536 3061 564 3088 »
586 3038 872 3100 subaudis
903 3039 1062 3106 deos,
1089 3061 1117 3088 ‹‹
1153 3037 1378 3116 auferet
1405 3039 1634 3102 ventus,
1664 3057 1684 3082 ι»
1720 3031 1777 3089 id
1807 3037 1896 3089 est
1926 3050 2040 3089 non

2144 1883 2313 1938 sedes
2341 1881 2456 1950 Dei,
2477 1882 2646 1954 juxta
2674 1881 2821 1938 illud
2856 1897 2904 1936 :«
2932 1878 3156 1946 leum
3193 1879 3340 1936 mihi
3371 1880 3539 1937 sedes
3569 1885 3711 1938 est:
3736 1881 3805 1936 Et

2144 1970 2322 2026 nolite
2343 1971 2544 2042 jurare
2576 1987 2680 2043 per
2709 1968 2944 2040 ccelum,
2969 1967 3107 2042 quia
3129 1968 3376 2029 thronus
3397 1967 3500 2026 Dei
3533 1973 3647 2026 est.
3674 1969 3802 2027 Sive

2145 2077 2248 2133 per
2275 2059 2566 2116 excelsum
2601 2058 2699 2114 ubi
2731 2058 2885 2114 Deus
2915 2057 3166 2128 habitat,
3199 2056 3495 2130 angelicos
3530 2057 3800 2130 spiritus,

2142 2149 2203 2204 in
2236 2149 2450 2222 quibus
2479 2147 2848 2220 omnipotens
2873 2151 3159 2220 tanquam
3181 2136 3241 2202 in
3263 2145 3410 2206 solio
3432 2146 3600 2202 sedet
3626 2149 3686 2202 et
3720 2163 3802 2204 re-

2145 2237 2415 2310 quiescit.
2451 2235 2513 2292 In
2546 2235 2769 2292 excelso
2799 2235 2996 2308 itaque
3026 2233 3146 2290 sive
3187 2233 3248 2290 in
3291 2233 3437 2294 coelo
3469 2251 3573 2292 seu
3606 2233 3666 2289 in
3698 2253 3796 2294 an:

2145 2325 2312 2399 gelis,
2331 2330 2388 2381 et
2410 2325 2468 2380 in
2493 2329 2695 2381 sancto
2719 2321 3005 2381 subaudis
3025 2321 3168 2382 Filio
3191 2339 3317 2392 suo,
3339 2321 3428 2378 vel
3455 2321 3514 2377 in
3539 2339 3800 2395 unoquo:

2147 2411 2258 2488 quc
2281 2413 2592 2469 electorum
2629 2431 2730 2485 per
2755 2412 2930 2474 fidem
2960 2415 3016 2466 et
3047 2409 3423 2483 dilectionem
3447 2411 3613 2472 Deus
3641 2411 3801 2470 habi:

2146 2507 2250 2558 tat.
2273 2503 2436 2559 Sicut
2467 2503 2589 2575 ipse
2620 2501 2762 2557 dicit
2781 2518 2830 2557 :«
2855 2499 2914 2556 Si
2939 2499 3072 2572 quis
3103 2496 3296 2574 diligit
3326 2517 3444 2568 me,
3467 2495 3746 2573 diligetur
3770 2518 3803 2558 a

2149 2591 2314 2648 Patre
2337 2595 2548 2658 meo,et
2564 2591 2633 2646 ad
2657 2607 2789 2646 eum
2807 2586 3110 2645 veniemus
3129 2587 3484 2659 (Joan.x1v),n
3501 2593 3556 2645 et
3574 2593 3802 2646 caetera.

2149 2703 2175 2730 ‹‹
2201 2681 2424 2736 Etcum
2447 2677 2695 2746 contrito
2718 2683 2774 2733 et
2797 2675 3006 2732 humili
3016 2699 3069 2746 ,n
3094 2675 3380 2742 subaudis
3409 2675 3659 2742 habitat,
3684 2700 3713 2727 ‹‹
3740 2681 3803 2732 ut

2148 2768 2397 2824 vivificet
2417 2768 2687 2840 spiritum
2709 2765 3121 2832 humilium,et
3135 2781 3240 2822 .cor
3259 2764 3704 2836 eontritorum,»
3731 2765 3801 2822 de

2150 2857 2365 2932 quibus
2397 2858 2519 2930 ipse
2547 2853 2688 2912 dicit
2721 2873 2734 2910 :
2770 2857 2958 2928 Super
2987 2871 3160 2928 quem
3193 2855 3519 2927 requiescet
3547 2855 3805 2929 Spiritus

2150 2963 2339 3010 meus,
2354 2946 2468 3002 nisi
2491 2962 2666 3018 super
2684 2942 2968 3000 humilem
2987 2943 3111 3013 (Isa.
3127 2943 3304 3013 um)?
3321 2947 3379 3001 et
3397 2947 3627 3004 caztera.
3647 2944 3716 2999 Et
3736 2943 3804 3000 de

2149 3035 2366 3108 quibus
2412 3031 2758 3090 Psalmista:
2792 3018 2902 3088 Cor
2947 3031 3264 3096 contritum
3312 3034 3371 3090 et
3419 3028 3810 3098 humiliatuxn

386 3111 664 3209 p'oterunt
693 3131 750 3182 te
778 3115 1049 3208 liberare,
1081 3112 1218 3198 quia
1249 3141 1452 3181 omnes
1484 3125 1622 3209 deos
1652 3127 1786 3178 tuos
1819 3122 2040 3178 auferet
2069 3109 2112 3176 C
2145 3123 2299 3179 Deus
2317 3141 2431 3178 non
2449 3119 3028 3196 spernit(Psal.L).Ad
3045 3119 3652 3209 hoc,inquit,habitat
3669 3115 3807 3181 cum

386 3198 712 3282 persecutio
734 3203 1106 3282 captivitatis,
1125 3215 1180 3266 et
1202 3212 1486 3266 adventus
1507 3208 1732 3265 scilicet
1753 3209 2032 3278 hostium,

389 3318 420 3346 «ι
449 3300 506 3350 et
537 3289 698 3371 tollet
729 3315 892 3362 aura,
911 3321 938 3346 »
965 3298 1118 3370 quod
1140 3297 1294 3354 idem
1315 3298 1630 3370 significat.
1655 3321 1682 3346 «
1707 3297 1812 3364 Qui
1838 3302 2034 3354 autem

387 3381 662 3448 fiduciam
685 3380 862 3440 habet
887 3385 1402 3450 mei,hazreditabit
1420 3389 1659 3455 terram,
1677 3408 1704 3434 ››
1727 3390 1784 3441 et
1805 3391 2031 3444 caetera.

386 3471 468 3528 De
498 3470 615 3529 illis
645 3471 786 3529 dicit
805 3474 904 3548 qui
927 3473 1083 3530 idola
1103 3489 1218 3529 non
1251 3474 1658 3544 adoraverunt,
1681 3474 1800 3530 sive
1821 3476 1892 3531 de
1915 3475 2034 3532 illis

386 3559 485 3634 qui
519 3561 578 3616 in
615 3561 1011 3636 captivitatem
1042 3562 1200 3618 ducti
1245 3561 1649 3635 pmnitentiam
1680 3564 1944 3638 egerunt,
1977 3568 2034 3620 et

385 3651 597 3707 reversi
631 3654 770 3708 sunt
801 3651 912 3720 sub
960 3650 1273 3708 Zorobabel
1307 3654 1364 3707 et
1403 3650 1544 3707 Jesu
1574 3652 1644 3708 de
1675 3653 2030 3726 captivitate,

384 3729 452 3794 ut
481 3739 791 3797 adorarent
820 3739 1002 3796 Deum
1049 3757 1224 3796 suum
1257 3739 1316 3796 in
1349 3739 1473 3796 loco
1507 3757 1633 3811 suo,
1658 3744 1715 3798 et
1753 3742 2034 3798 servirent

383 3825 434 3884 ei
469 3823 526 3883 in
559 3817 679 3896 toto
709 3829 881 3886 corde
911 3847 1040 3886 suo.

459 3936 486 3968 α
515 3905 584 3972 Et
614 3917 828 3985 dicam,
852 3940 880 3968 ››
906 3919 1192 3975 subaudis
1219 3920 1362 3992 Cyro
1393 3922 1451 3974 et
1480 3919 1850 3991 principibus
1879 3919 2028 3990 ejus,

387 4027 414 4056 ‹‹
435 4003 604 4062 Viam
633 4005 802 4063 facite
823 4006 1038 4080 populo
1059 4023 1246 4075 meo,»
1267 4005 1326 4062 id
1358 4011 1446 4062 est
1465 4007 1712 4079 praebete
1732 4007 2029 4064 licentiam

383 4089 706 4151 revertendi
747 4094 807 4149 in
859 4099 1074 4151 terram
1125 4113 1315 4151 suam.
1344 4115 1371 4146 α
1394 4095 1690 4152 Declinate
1717 4096 1788 4152 de
1819 4096 2032 4150 semita

382 4199 606 4248 eorum,
633 4203 662 4230 »
696 4187 760 4236 ut
790 4199 905 4237 non
935 4183 1272 4255 impediatis
1317 4183 1428 4238 iter
1471 4177 1826 4258 egrediendi.
1854 4206 1881 4234 «
1912 4187 2028 4240 Au-

383 4258 528 4345 ferte
551 4258 928 4336 'o'fTendicula,
955 4291 983 4344 η
1007 4270 1063 4324 id
1091 4273 1201 4336 est,
1225 4269 1423 4326 omnia
1453 4270 1872 4344 impedimenta
1899 4281 2028 4345 quas

382 4340 454 4430 ad
487 4357 598 4414 iter
627 4355 872 4433 illorum
911 4340 1116 4414 nocere
1161 4362 1429 4430 possunt,
1466 4340 1557 4414 uti
1578 4359 1759 4415 libere
1790 4340 2029 4416 redeant

381 4447 454 4530 ad
487 4433 700 4503 terram
725 4445 1334 4532 suam._Spiritualiter
1352 4464 1484 4504 vero
1513 4449 1583 4503 de
1612 4448 1888 4504 omnibus
1918 4449 2028 4504 ele—
2054 4472 2103 4536 Β
2134 4433 2321 4523 usque
2347 4451 2417 4506 ad
2453 4452 2629 4508 ﬁnem
2661 4433 2788 4528 iras;

2102 4551 2266 4594 "nem
2299 4557 2416 4595 non
2447 4557 2679 4612 semper
2697 4539 2999 4596 effundam
3022 4555 3199 4612 super
3219 4555 3340 4608 eos,
3363 4538 3504 4612 quia
3534 4539 3793 4615 Spiritus

379 4525 490 4592 etis
520 4535 682 4604 dicit,
715 4533 814 4608 qui
860 4525 1142 4592 veraciter
1166 4535 1225 4593 in
1258 4535 1424 4592 illum
1455 4537 1718 4606 credunt,
1742 4541 1798 4592 et
1847 4539 2020 4594 fidem

381 4641 556 4696 quam
585 4623 806 4697 habent
830 4625 1104 4698 operibus
1133 4630 1434 4695 exornant,
1458 4626 1615 4697 quod
1645 4625 1757 4698 ipsi
1789 4625 2025 4682 haeredi-

378 4703 588 4792 taliunt
617 4717 830 4768 terram
871 4713 1212 4784 viventium,
1233 4715 1304 4770 de
1339 4731 1456 4786 qua
1491 4713 1802 4770 Psalmista
1831 4715 1974 4771 dicit
2006 4732 2020 4771 :

379 4825 407 4850 α
440 4801 622 4856 Credo
644 4801 836 4856 videre
855 4801 1010 4857 bona
1033 4801 1262 4857 Domini
1286 4803 1688 4876 (Psal.xxv1),»
1710 4809 1767 4859 et
1793 4808 2020 4862 czetcra.

379 4877 769 4946 Possidebunt
787 4890 964 4948 etiam
988 4893 1244 4946 montem
1269 4895 1562 4957 sanctum,
1579 4891 1638 4947 id
1659 4897 1768 4960 est,
1793 4910 2020 4952 sacram

376 4978 742 5060 scripturam
753 4977 976 5059 Veteris
997 4995 1062 5034 ac
1078 4978 1220 5034 Novi
1237 4979 1752 5053 Testamenti,quae
1773 4985 2022 5054 utraque

373 5065 431 5121 in
457 5063 656 5122 monte
673 5067 809 5140 data
827 5071 934 5135 est,
948 5067 1022 5123 ad
1044 5065 1412 5124 altitudinem
1437 5067 1807 5139 praemiorum
1831 5070 2023 5130 obset‘

371 5159 602 5212 vatores
623 5173 762 5212 suos
793 5153 1104 5224 invitat,de
1127 5173 1244 5228 qua
1271 5155 1550 5212 Dominus
1578 5155 1795 5212 Judzeis
1827 5156 2017 5230 loqui-

373 5241 472 5300 tu'r
501 5261 514 5298 :
541 5267 568 5293 ‹‹
591 5245 902 5300 Auferetur
931 5261 966 5300 a
993 5243 1156 5300 vobis
1187 5261 1430 5316 regnum
1463 5243 1562 5300 Dei
1596 5233 1800 5315 (Matth.
1821 5249 1959 5314 xxx),
1987 5231 2014 5294 »ᾧ

371 5321 430 5384 id
461 5335 570 5397 est,
588 5317 772 5386 sacra
792 5331 1110 5404 Scriptura.
1133 5331 1233 5388 Vel
1258 5337 1410 5388 certe
1437 5335 1694 5388 montem
1717 5338 2011 5403 sanctum,

369 5417 425 5472 id
460 5411 583 5482 est,
603 5419 899 5494 Christum
944 5419 1326 5492 possidebunt
1368 5421 1576 5489 sancti,
1609 5423 1681 5478 de
1712 5441 1826 5496 quo
1859 5421 2011 5480 idem

365 5503 650 5578 propheta
694 5507 774 5568 ait
807 5525 819 5563 :
849 5531 877 5558 «
909 5507 1132 5574 Venite,
1186 5509 1576 5568 ascendamus
1625 5511 1700 5568 ad
1751 5517 2010 5580 montem

2145 3211 2392 3268 contrito
2409 3216 2465 3268 et
2482 3209 2691 3266 humili
2715 3209 2948 3283 spiritu,
2963 3213 3030 3266 ut
3045 3207 3300 3276 vivificet.
3313 3202 3592 3284 spiritum
3615 3207 3806 3268 humi:

2144 3299 2312 3370 lium,
2337 3299 2394 3356 id
2415 3303 2524 3368 est,
2549 3303 2614 3356 ut
2635 3301 2734 3356 det
2759 3298 2877 3354 illis
2899 3297 3326 3372 indulgentiam
3349 3301 3726 3370 peccatorum
3747 3303 3802 3354 et

2141 3388 2318 3444 vitam
2353 3393 2649 3457 aatcrnam,
2677 3387 2776 3460 qui
2805 3385 3026 3450 ,mortui
3063 3389 3203 3442 sunt
3243 3389 3479 3458 peccato
3511 3391 3570 3442 et
3601 3384 3800 3444 vivunt

2141 3477 2478 3533 virtutibus.
2501 3478 2572 3532 Et
2594 3475 2844 3534 vivificct
2869 3491 2968 3532 cor
2995 3473 3402 3544 contritorum,
3429 3473 3486 3529 id
3519 3478 3637 3542 est,
3655 3491 3796 3530 con-

2141 3564 2423 3621 solatione
2474 3564 2670 3622 divina
2714 3564 3008 3633 reformct,
3035 3567 3102 3620 ut
3147 3567 3448 3621 transeant
3495 3580 3530 3618 a
3558 3561 3800 3620 tristitia

2140 3653 2320 3726 hujus
2360 3653 2730 3728 szeculi,qua:
2780 3657 3029 3711 mortem
3079 3656 3377 3726 operatur,
3408 3653 3482 3710 ad
3531 3651 3801 3710 letitiam

2141 3743 2581 3818 sempiternam,
2605 3747 2662 3799 et
2679 3743 2750 3800 de
2773 3733 3020 3798 mmrore
3050 3741 3354 3814 praesentis
3383 3740 3538 3812 vitae,
3563 3741 3642 3801 ad
3663 3758 3798 3816 gau-

2140 3832 2304 3890 dium
2333 3832 2459 3889 sine
2491 3833 2604 3888 ﬁne
2635 3847 3009 3886 mansurum.
3529 3819 3534 3821 ’

2211 3945 2238 3971 ‹‹
2259 3921 2384 3976 Non
2407 3920 2565 3978 enim
2587 3919 2646 3975 in
2667 3918 3092 3999 sempiternum
3111 3917 3374 3998 litigabo,
3389 3934 3582 3998 neque
3605 3933 3793 3992 usque

2139 4009 2210 4065 ad
2246 4009 2422 4064 ﬁnem
2448 4007 2687 4076 irascar,
2712 4007 2854 4080 quia
2873 4006 3126 4080 Spiritus
3149 4024 3184 4062 a
3211 4007 3357 4066 facie
3379 4023 3516 4065 mea.
3543 4008 3799 4080 egredie-

2135 4102 2236 4154 tur
2262 4102 2320 4154 et
2350 4097 2525 4154 ﬂatus
2552 4114 2657 4170 ego
2688 4095 2920 4166 faciam.
2949 4119 2968 4143 -
2995 4095 3118 4152 Vox
3159 4094 3260 4152 Dei
3307 4095 3494 4153 Patris
3525 4100 3639 4156 est.
3674 4096 3798 4155 Non

2137 4185 2294 4246 enim
2326 4185 2384 4242 in
2416 4185 2839 4259 sempiternum
2873 4183 3134 4266 litigabq,
3170 4183 3228 4240 id
3275 4182 3477 4264 est,_in
3510 4188 3797 4242 aeternum

2135 4274 2377 4330 servabo
2399 4273 2546 4330 iram
2568 4290 2780 4342 meam,
2807 4289 2994 4354 neque
3017 4272 3308 4355 causabon
3318 4274 3605 4354 creaturae
3632 4290 3794 4342 mere,

2135 4363 2234 4418 sed
2269 4361 2588 4436 percutiam
2612 4361 2674 4417 in
2699 4347 2992 4434 praesenti,
3017 4365 3084 4416 ut
3105 4347 3324 4443 salvem
3352 4361 3410 4416 in
3434 4361 3658 4418 futuro.
3681 4357 3808 4436 Nec,

2134 4467 2321 4523 usque
2347 4451 2417 4506 ad
2453 4452 2629 4508 ﬁnem
2661 4451 2898 4518 irascar,
2925 4450 2984 4506 id
3015 4453 3126 4518 est,
3151 4449 3300 4506 iram
3326 4465 3520 4506 meam
3545 4454 3605 4505 et
3626 4449 3794 4508 ultio-

2132 4633 2372 4684 sanctus
2395 4628 2724 4702 egredietur
2743 4646 2778 4684 a
2801 4627 2944 4685 facie
2974 4645 3125 4700 mea,
3151 4629 3250 4701 qui
3275 4631 3572 4696 sustentat
3593 4630 3792 4700 omnia

2131 4717 2190 4770 et
2219 4713 2319 4770 dat
2346 4713 2624 4772 omnibus
2652 4715 2858 4792 vitam,
2877 4719 2935 4771 et
2958 4715 3154 4786 ﬂatus,
3175 4714 3234 4772 id
3271 4719 3364 4772 est
3397 4716 3656 4784 animas,
3685 4734 3791 4790 ego

2130 4803 2364 4860 faciam.
2396 4803 2477 4858 De
2506 4803 2617 4859 hoc
2646 4803 2790 4858 ﬂatu
2821 4803 3036 4880 dicitur
3062 4803 3122 4858 in
3141 4803 3353 4880 Genesi
3383 4819 3433 4858 ζα
3459 4803 3794 4874 Insumavit

2131 4890 2412 4948 Dominus
2443 4891 2501 4946 in
2533 4891 2740 4972 Adam,
2774 4897 2833 4948 et
2862 4879 3052 4972 factus
3095 4895 3186 4952 est
3218 4879 3399 4951 homo
3430 4891 3493 4948 in
3523 4879 3790 4972 animam

2128 4979 2413 5036 viventem
2437 4979 2588 5052 (Gen.
2613 4964 2736 5044 ιη’.»
2761 4982 2829 5036 Et
2848 4964 2948 5038 est.
2964 4965 3174 5058 sensus
3197 4996 3211 5036 :
3233 4978 3417 5059 Igitur
3436 4964 3598 5054 quia
3614 4964 3793 5056 Spiri-

2129 5071 2226 5124 tus
2257 5087 2292 5124 a
2319 5067 2462 5123 facie
2502 5084 2632 5124 mea
2669 5068 3018 5147 egredietur,
3045 5067 3144 5142 qui
3197 5066 3456 5138 vivificat
3490 5069 3693 5147 omnia
3732 5074 3790 5126 et

2125 5156 2434 5230 gubernat,
2467 5159 2524 5212 et
2551 5173 2791 5213 sensum
2824 5143 2926 5213 dat
2952 5162 3010 5216 et
3053 5156 3437 5238 intellectum,
3471 5143 3700 5237 necnon
3732 5163 3792 5234 et

2126 5242 2382 5300 animam
2407 5261 2512 5320 ego
2548 5261 2678 5302 creo
2710 5244 2770 5300 in
2802 5245 3077 5304 omnibus
3099 5245 3250 5318 (δίῳ.
3271 5249 3402 5316 xv):
3427 5263 3545 5304 non
3574 5250 3668 5304 est
3697 5246 3782 5318 di-

2123 5350 2302 5407 gnum
2331 5337 2394 5388 ut
2411 5332 2759 5408 mtcrnalitcr
2786 5319 3048 5406 pereant,
3071 5335 3172 5390 sed
3207 5333 3300 5391 hic
3320 5335 3780 5414 percutiamjeqs

2122 5425 2180 5478 et
2213 5419 2515 5496 flagellabo
2537 5426 2603 5478 ut
2623 5423 2880 5504 sentiant
2900 5422 3046 5478 iram
3070 5438 3282 5492 meam,
3309 5427 3365 5478 et
3384 5411 3776 5504 corrigat—itur,

2121 5515 2179 5590 et
2209 5511 2268 5566 in
2301 5511 2495 5568 futuro
2542 5509 2864 5570 miserebor
2901 5527 3125 5573 eorum.
3160 5511 3290 5592 Haec
3340 5513 3773 5594 qusg‘digtigigs
