4106 6190
283 315 441 378 1017

1324 314 1735 376 COMMENT.
1781 315 1859 375 IN
1904 314 2193 389 ISAIAM.
2226 349 2303 360 -—
2332 317 2479 378 LIB.
2504 264 2629 378 .Ill.

3530 323 3686 387 IOIS

283 445 635 523 generaliter
652 447 945 522 pertinent
965 448 1038 505 ad
1058 464 1263 506 omnes
1294 445 1494 504 fideles
1514 445 1664 520 quia
1685 445 1931 503 Domino
1960 448 2016 517 Α
2043 444 2140 513 tis,
2166 445 2439 522 crucifige
2458 447 2635 506 talem
2655 448 2858 523 (Matth.
2876 448 3053 524 xxvn)
3072 468 3121 507 :«
3147 453 3686 514 ferventesiniram

284 536 678 611 ﬂagellantur,
699 535 1028 610 specialiter
1045 553 1179 593 vero
1201 537 1275 593 ad
1295 536 1529 592 Judaeos
1551 536 1621 591 de
1642 535 1859 608 quibus
1878 538 1936 591 et

286 628 565 687 subditur
596 643 608 683 :

359 740 388 766 ‹‹
418 717 658 788 Propter
678 714 1046 788 iniquitatem
1070 714 1321 769 avaritize
1343 714 1471 786 ejus
1496 714 1678 770 iratus
1700 730 1854 783 sum,
1878 717 1936 769 et

285 805 552 880 percussi
574 821 766 870 eum,»
791 804 849 859 id
872 807 982 874 est,
1007 801 1287 876 populum
1309 803 1643 859 Judaeorum
1676 802 1933 876 primum

285 893 573 951 tradendo
601 891 876 966 Assyriis,
901 892 1112 947 deinde
1141 891 1448 962 Chaldaeis,
1474 909 1540 947 ac
1573 895 1933 965 postremum

286 980 592 1036 Romanis.
606 980 828 1035 Avarus
848 978 1080 1048 dicitur,
1096 979 1264 1053 quasi
1286 980 1490 1036 avidus
1511 978 1936 1035 auri.EtJuda3i

286 1068 444 1131 avari
477 1071 646 1123 erant
673 1070 732 1124 et
767 1067 1270 1139 immisericordis,
1293 1069 1539 1142 ideoque
1568 1068 1765 1125 traditi
1799 1071 1938 1124 sunt

285 1155 562 1213 hostibus
593 1155 738 1212 suis.
768 1179 794 1205 ‹‹
818 1150 1110 1213 Abscondi
1131 1158 1204 1212 ab
1237 1157 1355 1226 illo,
1379 1180 1405 1206 »
1427 1158 1484 1215 id
1515 1162 1603 1214 est
1633 1156 1936 1217 a.Judaico

285 1244 504 1318 populo
532 1267 553 1293 ι
588 1244 794 1301 faciem
819 1261 1032 1311 meam,
1061 1268 1089 1295 ››
1109 1245 1167 1301 id
1199 1251 1308 1313 est,
1343 1248 1712 1320 przesentiam
1746 1263 1937 1303 meam

284 1338 347 1390 et
376 1332 660 1407 auxilium
692 1350 910 1401 meum,
937 1339 1001 1389 ut
1030 1352 1122 1391 me
1152 1334 1407 1409 amplius
1437 1336 1855 1407 desiderares,«
1882 1338 1939 1390 et

285 1422 635 1495 indignatus
658 1439 848 1491 sum,»
865 1423 1149 1479 subaudis
1166 1428 1370 1480 contra
1382 1423 1550 1492 te,vel
1572 1428 1804 1498 propter
1822 1425 1939 1480 ido-

284 1510 603 1579 lolatriam,
622 1511 713 1566 vel
731 1516 969 1585 propter
988 1512 1449 1569 interfectionem
1472 1512 1575 1568 filii
1598 1513 1732 1581 mei,
1745 1536 1771 1563 ‹‹
1794 1513 1939 1569 abiit

284 1617 495 1675 vagus,
521 1622 549 1649 ››
574 1599 630 1655 id
663 1603 773 1667 est,
816 1617 1019 1657 amens
1050 1604 1107 1657 et
1145 1600 1269 1657 sine
1314 1619 1511 1669 sensu,
1544 1607 1612 1659 ut
1642 1602 1780 1658 Cain
1815 1626 1843 1654 «
1877 1603 1939 1658 in

282 1690 381 1745 via
410 1687 603 1747 cordis
633 1688 726 1761 sui
758 1711 785 1738 ››
816 1688 926 1744 hoc
958 1693 1048 1744 est
1079 1690 1137 1744 in
1171 1690 1399 1747 actione
1429 1708 1537 1747 sua
1567 1708 1762 1763 prava.

365 1803 385 1827 ι
421 1777 560 1834 Vias
603 1778 733 1850 ejus
760 1776 898 1846 vidi,
932 1782 988 1833 et
1019 1777 1217 1834 dimisi
1261 1796 1418 1847 eum,
1453 1783 1509 1835 et
1547 1780 1747 1836 reduxi
1779 1797 1933 1836 eum.

280 1867 356 1922 Et
385 1866 610 1923 reddidi
644 1865 1075 1923 consolationes
1112 1867 1246 1940 ipsi,
1275 1872 1332 1923 et
1360 1867 1698 1943 lugentibus
1729 1870 1876 1942 ejus,
1901 1891 1930 1919 ››

278 1955 341 2010 id
374 1959 487 2024 ost,
521 1954 863 2029 lugentibus
901 1955 1061 2014 Sion.
1084 1955 1224 2013 Vias
1271 1958 1422 2030 ejus,
1452 1957 1510 2013 id
1551 1961 1640 2015 est
1676 1958 1935 2015 actiones

277 2044 469 2100 bonas
499 2042 731 2100 Judaici
762 2043 984 2118 populi,
1007 2042 1125 2099 vidi
1156 2045 1297 2101 dum
1329 2045 1626 2121 plangeret
1656 2046 1714 2100 in
1744 2046 1934 2120 capti-

274 2120 459 2189 vitate
488 2136 729 2206 peccata
756 2149 883 2202 sua,
909 2136 967 2188 et
998 2132 1221 2189 reddidi
1253 2133 1701 2201 consolationes,
1734 2135 1792 2190 id
1821 2140 1931 2202 est,

276 2221 680 2279 hiereditatem
730 2222 1028 2294 propriam
1060 2221 1171 2294 ipsi
1202 2222 1418 2295 populo
1464 2222 1523 2278 in
1569 2223 1934 2296 principibus

279 2310 333 2367 ei
366 2309 709 2384 lugentibus
739 2309 899 2381 Sion,
927 2310 985 2365 id
1035 2315 1144 2378 est,
1189 2311 1477 2383 aubjectis
1520 2313 1670 2383 ejus.
1702 2312 1883 2369 Aliter
1916 2330 1929 2368 :

278 2398 555 2455 Actiones
603 2399 788 2455 bonas
836 2399 1033 2472 populi
1086 2399 1377 2456 credentis
1426 2400 1563 2467 vidi,
1598 2405 1655 2457 et
1705 2402 1933 2458 reddidi

277 2485 733 2553 consolationes,
756 2487 811 2542 id
834 2492 941 2554 est,
961 2487 1244 2561 Spiritum
1271 2492 1539 2544 sanctum
1563 2490 1661 2561 qui
1687 2491 1934 2562 appella-

275 2579 377 2631 tur
397 2574 747 2655 paracletus,
769 2574 825 2630 id
849 2580 958 2644 est,
978 2575 1328 2644 consolator,
1347 2593 1522 2648 quem
1548 2579 1802 2650 perdidit
1822 2580 1935 2651 pri-

278 2681 419 2720 mus
448 2680 663 2736 parens
693 2680 797 2736 per
835 2663 1313 2733 inobcdientiam,
1337 2665 1566 2722 reddidi
1596 2666 1933 2740 lugentibus

277 2751 576 2809 Ecclesiae.
879 2809 884 2815 ,

349 2864 378 2891 ‹‹
404 2840 601 2897 Creavi
634 2841 889 2897 fructum
919 2841 1209 2898 labiorum
1238 2859 1561 2909 meorum,»
1584 2842 1641 2901 id
1666 2847 1756 2900 est
1773 2846 1930 2917 quod

275 2929 523 3001 promisi
581 2946 684 3007 per
739 2931 1054 2987 Jcremiam
1076 2933 1220 3005 (Cor.
1243 2950 1355 2988 xxv
1383 2936 1440 2987 et
1469 2937 1622 3001 xxix)
1680 2934 1934 3007 prcphe-

273 3021 420 3086 tam,
456 3022 521 3073 ut
547 3022 682 3091 post
712 3019 1089 3093 septuaginta
1131 3037 1315 3087 annos
1353 3038 1452 3077 eos
1488 3022 1560 3077 de
1599 3022 1932 3095 captivitate

273 3106 657 3175 dimitterem,
700 3106 973 3164 velociter
1030 3126 1202 3181 opere
1261 3109 1594 3185 adimplevi.
1627 3112 1698 3167 Et
1742 3112 1930 3167 creavi

1966 1814 2015 1895 Β

2040 537 2111 592 ad
2146 536 2392 608 malum,
2417 538 2584 611 quasi
2619 556 2779 596 mare
2805 540 3031 596 fervens
3057 542 3211 613 quod
3242 544 3540 615 quiescere
3570 563 3688 602 non

2041 630 2255 699 potest,
2280 628 2381 683 sed
2413 644 2644 701 semper
2672 629 2733 683 in
2763 634 2925 685 motu
2949 633 3073 685 est:
3098 634 3154 686 et
3184 648 3434 704 quorum
3465 634 3690 691 malitia

2042 714 2162 770 sive
2193 715 2516 787 persecutio
2548 718 2914 785 redundavit,
2938 718 3092 775 sicut
3122 720 3452 793 redundant
3474 722 3689 780 ﬂuctus

2043 803 2262 858 maris:
2287 821 2419 860 cum
2442 806 2705 862 venerint
2736 808 2981 864 Romani
3015 808 3070 862 in
3107 809 3601 867 conculcationem
3633 815 3690 867 et

2042 891 2259 957 lutum,
2280 894 2565 949 subaudis
2595 900 2766 951 erunt
2787 914 2799 952 :
2821 901 2877 952 et
2897 897 3398 954 conculcabuntur
3416 900 3488 956 ab
3515 900 3691 957 hosti-

2042 980 2155 1036 bus
2187 981 2306 1036 sive
2335 1000 2369 1037 a
2399 983 2765 1040 dmmonibus
2785 1002 2797 1041 :
2819 986 2991 1041 sicuti
3020 986 3209 1042 lutum
3241 1005 3355 1060 quo
3386 990 3691 1046 recedente

2045 1085 2078 1123 a
2106 1070 2548 1125 transeuntibus
2580 1071 2973 1128 conculcatur.
2995 1073 3158 1129 Sicut
3186 1091 3346 1131 mare
3367 1093 3599 1148 semper
3630 1077 3688 1132 in

2044 1161 2208 1213 motu
2231 1157 2492 1230 cst,quia
2520 1158 2834 1231 aliquando
2864 1162 3159 1234 egreditur
3178 1166 3235 1219 et
3264 1163 3577 1236 aliquando
3610 1182 3691 1222 re-

2044 1244 2308 1317 greditur
2328 1249 2385 1301 et
2412 1247 2469 1301 in
2492 1247 2681 1304 reditu
2708 1266 2816 1304 sua
2836 1249 2974 1304 facit
2992 1249 3183 1305 lutum
3205 1253 3357 1323 quod
3383 1253 3687 1311 conculca-

2043 1337 2171 1388 tur:
2202 1334 2285 1389 sic
2313 1334 2398 1389 illi
2430 1336 2880 1405 egrediebantur
2908 1337 2980 1392 ad
3011 1337 3402 1410 iniquitatem,
3422 1344 3478 1396 et
3507 1358 3693 1415 regre-

2046 1421 2356 1479 diebantur
2383 1425 2453 1479 ad
2478 1422 2801 1493 interitum,
2822 1430 2879 1481 et
2898 1426 3218 1482 fluctuabat
3239 1444 3443 1483 eorum
3472 1429 3695 1485 malitia

2045 1509 2198 1566 sicut
2235 1512 2524 1567 fluctuant
2578 1514 2747 1568 undae
2808 1513 3033 1570 maris:
3070 1514 3317 1589 ideoque
3370 1517 3695 1576 conculcati

2046 1599 2165 1655 sive
2196 1601 2268 1656 ad
2299 1599 2550 1656 nihilum
2578 1601 2796 1657 redacti
2831 1606 2992 1658 sunt.

2119 1712 2145 1737 «
2180 1689 2305 1745 Non
2336 1692 2425 1745 est
2454 1706 2562 1760 pax
2587 1688 2808 1762 impiis,
2842 1690 2989 1746 dixit
3023 1696 3175 1749 Deus
3219 1708 3408 1759 meus,
3435 1715 3463 1742 »
3492 1693 3549 1749 id
3582 1698 3690 1761 est,

2049 1793 2165 1833 non
2197 1777 2510 1849 requiescit
2540 1776 2722 1835 Filius
2751 1778 2850 1834 Dei
2872 1779 2995 1853 (qui
3029 1779 3186 1835 dedit
3214 1797 3417 1852 pacem
3449 1782 3693 1855 mundo)

2042 1865 2103 1921 in
2135 1866 2335 1940 impiis
2364 1866 2604 1938 Judzeis,
2628 1884 2817 1941 neque
2840 1868 2907 1924 'in
2940 1870 3217 1927 omnibus
3246 1871 3489 1929 adversa
3517 1887 3690 1945 agen:

2043 1954 2223 2013 tibus.
2933 1954 2943 1963 ’

2636 2046 2867 2104 CAPUT
2909 2047 3104 2104 LVIII.

2115 2157 2143 2184 ‹‹
2175 2134 2392 2203 Clama,
2425 2152 2499 2190 ne
2547 2152 2740 2195 cesses
2774 2152 2785 2191 :
2824 2136 2992 2209 quasi
3047 2138 3193 2194 tuba
3249 2137 3437 2195 exalia
3492 2156 3692 2199 vocem

2042 2226 2227 2290 tuam,
2260 2228 2319 2278 et
2348 2224 2637 2280 annuntia
2667 2224 2881 2297 populo
2936 2242 3065 2282 meo
3114 2225 3335 2284 scelera
3383 2244 3606 2295 eorum,
3638 2231 3695 2284 et

2042 2312 2241 2367 domui
2265 2312 2445 2368 Jacob
2468 2316 2709 2385 peccata
2724 2329 2949 2368 eorum.
2961 2335 2987 2362 ››
2999 2313 3123 2369 Vox
3138 2315 3239 2370 Dei
3260 2317 3329 2372 ad
3350 2315 3696 2388 prophetam

2042 2401 2163 2456 sive
2192 2401 2264 2455 ad
2287 2400 2532 2456 chorum
2564 2401 2962 2474 apostolorum
2988 2402 3066 2457 :0
3096 2403 3380 2476 propheta
3411 2403 3529 2461 sive
3560 2404 3695 2460 cho-

2043 2507 2144 2545 rus
2174 2489 2592 2561 apostolorum,
2612 2488 2804 2545 clama
2824 2489 2949 2545 sine
2980 2491 3211 2557 timore,
3232 2508 3303 2547 ne
3325 2496 3554 2549 metuas
3575 2491 3696 2548 illo-

2041 2594 2175 2634 rum
2201 2576 2514 2645 insaniam,
2536 2594 2606 2632 ne
2630 2594 2824 2633 cesses
2855 2595 2889 2633 a
2914 2578 3340 2651 praedicatione.
3357 2581 3531 2646 Quasi
3555 2581 3698 2637 tuba

2041 2665 2230 2721 exalta
2257 2681 2456 2721 vocem
2490 2669 2673 2733 tuam,
2709 2664 2767 2719 id
2799 2669 2907 2736 est,
2937 2682 3212 2739 magnam
3242 2684 3441 2723 vocem
3472 2668 3692 2736 emitte,

2043 2758 2108 2809 ut
2134 2755 2206 2809 ab
2238 2753 2515 2810 omnibus
2538 2752 2730 2826 possis
2753 2753 2941 2809 audiri
2969 2768 2982 2808 :
3008 2754 3369 2813 annuntians
3390 2755 3475 2811 eis
3506 2755 3696 2811 immi-

2041 2846 2277 2899 nentem
2308 2842 2707 2915 captivitatem
2740 2859 2773 2897 a
2806 2842 3105 2913 Romanis,
3139 2846 3196 2899 et
3240 2842 3485 2903 multam
3516 2843 3692 2901 inter-

2041 2930 2369 2986 fectionem.
2400 2931 2471 2985 Et
2501 2931 2788 2986 annuntia
2815 2931 3030 3004 populo
3061 2949 3190 2988 meo
3222 2930 3439 2989 scelera
3468 2949 3694 3001 eorum,

2040 3020 2097 3074 id
2129 3023 2220 3075 est
2248 3018 2534 3075 immania
2564 3024 2819 3092 peccata,
2844 3019 3239 3076 idololatriam
3268 3020 3556 3089 videlicet,
3588 3020 3691 3076 ho-

2040 3106 2368 3171 micidium,
2387 3111 2444 3163 et
2463 3107 2843 3164 exsecrabilia
2868 3106 3142 3175 facinora,
3164 3125 3292 3181 quae
3314 3107 3473 3165 ultra
3491 3107 3695 3164 huma-

275 3219 305 3244 «
338 3212 546 3268 pacem
580 3195 652 3263 ei,
678 3196 780 3270 qui
810 3195 980 3271 longe
1010 3202 1135 3253 crat
1166 3221 1192 3248 ››
1215 3201 1424 3255 aterra
1446 3199 1681 3272 propria
1704 3200 1765 3254 in
1796 3200 1927 3256 Hie-
1960 3184 2003 3249 Ο
2044 3213 2187 3253 num
2220 3196 2461 3251 modum
2498 3195 2609 3268 ipsi
2658 3200 2996 3268 operantur.
3020 3197 3091 3252 Et
3119 3196 3319 3252 domui
3374 3197 3553 3254 Jacob
3585 3198 3691 3254 a'n-

273 3282 561 3351 rusalem,
584 3307 612 3335 ‹‹
645 3288 702 3340 et
732 3285 930 3341 sanavi
953 3302 1089 3341 eum
1115 3308 1142 3334 »
1167 3304 1199 3341 ει
1221 3288 1498 3359 peccatis,
1518 3288 1614 3360 qui
1648 3287 1933 3360 pceniten-

274 3371 422 3427 tiam
444 3372 563 3447 egit
582 3372 642 3429 in
660 3373 1015 3446 captivitate.
1035 3373 1214 3431 Aliter
1232 3392 1245 3430 :
1261 3376 1458 3431 Creavi
1478 3377 1732 3433 fructum
1756 3376 1931 3434 labio-

275 3477 411 3515 rum
448 3477 710 3521 meorum
746 3479 949 3535 pacem
982 3461 1031 3517 ei
1066 3463 1166 3535 qui
1199 3463 1370 3537 longe
1392 3468 1501 3530 est,
1525 3468 1581 3520 et
1606 3482 1807 3538 pacem
1831 3467 1930 3538 qui

273 3566 459 3622 prope
481 3550 722 3607 estzhoc
744 3555 833 3607 est
852 3552 1004 3624 quod
1029 3552 1215 3625 promi
1224 3551 1285 3621 si,
1295 3569 1398 3624 per
1422 3553 1735 3626 prophetas
1757 3555 1828 3611 de
1848 3555 1933 3611 Fi-

273 3637 354 3694 lio
378 3654 530 3711 meo,
556 3639 711 3711 quod
736 3639 1145 3713 redempturus
1168 3643 1323 3696 esset
1340 3656 1526 3713 genus
1556 3641 1885 3698 humanum
1915 3660 1927 3699 :

273 3741 450 3797 opere
466 3725 801 3806 adimplevi,
817 3731 1082 3784 statuens
1105 3745 1305 3808 pacem
1318 3728 1538 3785 Judmis
1556 3729 1930 3787 credentibus

272 3812 376 3886 qui
427 3830 607 3887 prope
635 3819 822 3884 erant,
845 3819 901 3871 et
930 3816 1205 3891 gentibus
1235 3816 1339 3889 qui
1377 3815 1567 3890 longe.
1602 3818 1672 3872 Et
1729 3818 1929 3874 sanavi

270 3892 433 3969 enm,
458 3902 517 3959 id
560 3908 669 3972 est,
703 3907 1017 3977 utrumque
1057 3904 1339 3977 populum
1374 3904 1433 3959 in
1465 3904 1564 3960 illo
1594 3906 1926 3962 credentem

269 3990 477 4047 sanavi
507 4007 541 4045 a
579 3995 836 4063 peccato,
857 3993 1092 4049 Judaaos
1120 3991 1389 4049 videlicet
1431 3992 1503 4048 ab
1562 3992 1924 4061 infidelitate,

266 4082 479 4151 gentes
510 4084 705 4136 autem
735 4080 808 4141 ab
839 4079 1170 4139 idololatria
1195 4098 1207 4135 :
1233 4082 1304 4136 de
1326 4079 1541 4152 quibus
1571 4080 1715 4137 dicit
1742 4083 1925 4154 Apos-

264 4169 448 4237 tolus,
484 4192 511 4220 ‹‹
544 4168 663 4229 Vos
715 4170 815 4243 qui
875 4171 1052 4228 eratis
1110 4170 1302 4245 longe,
1355 4170 1491 4227 facti
1549 4171 1693 4227 estis
1748 4188 1927 4245 prape

265 4259 488 4332 (Ephec.
514 4261 597 4329 ιι).
625 4260 742 4316 »Ει
771 4259 918 4317 illud
944 4276 957 4314 :
980 4259 1235 4317 Veniens
1272 4259 1683 4339 evangelizavit
1721 4277 1923 4333 pacem

264 4347 355 4405 eis
388 4347 487 4427 qui
520 4347 690 4422 longe
722 4352 907 4418 erant,
942 4349 1000 4405 id
1032 4352 1140 4419 est,
1162 4347 1571 4422 gentilibuset
1600 4366 1800 4423 pacem
1831 4349 1925 4407 his

266 4435 371 4508 qui
407 4453 608 4509 prepe,
640 4437 750 4493 hoc
779 4442 870 4494 est
898 4438 1139 4494 Judaais.

2042 3284 2250 3340 nuntia
2274 3289 2511 3357 peccata
2539 3301 2763 3354 eorum,
2784 3284 2842 3339 in
2875 3284 3093 3357 quibus
3124 3284 3473 3359 delinquunt
3494 3290 3696 3343 contra

2042 3373 2228 3431 Deum
2260 3377 2317 3429 et
2346 3372 2923 3446 proximum.Adhuc
2975 3372 3258 3445 populum
3318 3390 3494 3433 suum
3526 3373 3692 3431 illum

2038 3466 2226 3526 vocat,
2260 3466 2326 3517 ut
2353 3462 2425 3517 ad
2460 3462 2861 3534 paenitentiam
2894 3478 3028 3517 eum
3063 3466 3353 3534 provocet.

2112 3551 2252 3606 «Me
2283 3549 2499 3607 etenim
2525 3551 2595 3605 de
2616 3550 2708 3606 die
2739 3549 2803 3623 in
2832 3550 2984 3605 diem
3008 3555 3298 3622 qurerunt,
3312 3554 3371 3605 et
3397 3551 3543 3607 scire
3569 3552 3693 3608 vias

2040 3656 2203 3696 meas
2218 3638 2620 3705 volunt.Quasi
2640 3655 2784 3711 gens
2801 3656 2929 3710 quae
2943 3638 3238 3709 justitiam
3264 3639 3545 3706 fccerit,et
3563 3657 3691 3711 qua:

2030 3728 2325 3799 judicium
2352 3727 2446 3783 Dei
2470 3728 2558 3781 sui
2593 3743 2707 3782 non
2739 3725 3176 3797 dereliquerit.»
3203 3726 3328 3782 llaec
3356 3727 3588 3801 proprie
3617 3730 3687 3785 ad

2037 3814 2270 3887 Judaaos
2319 3813 2631 3887 pertinent,
2658 3813 2757 3886 qui
2799 3812 3058 3885 quotidie
3099 3815 3171 3869 ad
3221 3813 3508 3887 templum
3540 3820 3599 3871 et
3629 3817 3689 3873 in

2038 3918 2365 3976 synagogas
2402 3902 2761 3958 conﬂuentes
2796 3901 2957 3975 leges
2995 3901 3096 3957 Dei
3136 3902 3591 3972 meditabantur,
3633 3908 3691 3961 et

2036 3994 2232 4047 tamen
2255 3989 2551 4062 justitiam
2585 3994 2643 4046 et
2664 3989 2961 4062 judicium
2998 3994 3221 4046 rectum
3256 4007 3371 4046 non
3400 3990 3685 4065 adimple-

2036 4078 2179 4134 bant
2211 4096 2222 4135 :
2259 4078 2399 4152 quia
2441 4078 2597 4135 idola
2626 4096 2729 4151 pro
2761 4079 2876 4135 Deo
2918 4078 3207 4134 colebant.
3244 4078 3353 4146 Me,
3379 4079 3595 4153 inquit,
3615 4081 3687 4137 de

2035 4168 2129 4224 die
2158 4168 2217 4223 in
2250 4167 2731 4240 diem,quaarunt,
2752 4167 3160 4222 tantummodo
3180 4184 3318 4222 voce
3334 4171 3391 4224 et
3404 4167 3686 4226 veniendo

2035 4258 2107 4313 ad
2140 4257 2426 4329 templum
2458 4262 2632 4329 atque
2662 4272 2990 4329 synagogas
3014 4273 3027 4312 :
3051 4259 3107 4312 et
3135 4255 3283 4312 scire
3315 4256 3456 4325 vias,
3480 4257 3538 4313 id
3575 4262 3683 4328 est,

2034 4345 2292 4402 actiones
2323 4350 2382 4402 et
2408 4345 2742 4402 voluntates
2785 4361 2947 4400 meas
2975 4344 3199 4412 volunt,
3227 4362 3408 4417 quare
3440 4363 3554 4402 non
3588 4364 3683 4403 ex-

2033 4435 2268 4491 audiam
2293 4452 2412 4491 eos.
2430 4433 2603 4500 Quasi
2627 4449 2772 4507 gens
2793 4451 2921 4506 quae
2933 4432 3232 4503 justitiam
3256 4433 3476 4501 fecerit,
3494 4433 3551 4489 id
3572 4439 3681 4502 est,

341 4550 370 4575 ‹‹
398 4524 569 4599 Impii
601 4530 797 4585 autem
821 4527 991 4599 quasi
1014 4544 1176 4583 mare
1199 4529 1426 4587 fervens
1447 4528 1602 4600 quod
1625 4526 1924 4599 quiescere
1952 4528 2099 4631 Djut
2128 4525 2300 4579 modo
2340 4523 2540 4578 ﬁdeles
2570 4522 2629 4576 in
2668 4521 2925 4576 Ecclesia
2954 4525 3105 4576 recte
3133 4524 3193 4576 et
3213 4521 3374 4591 juste
3402 4521 3678 4591 viventes,

423 4630 443 4631 κν
504 4617 514 4631 ι
595 4617 608 4631 ι
708 4618 718 4631 ι
838 4615 852 4631 1
964 4617 979 4631 ει
1072 4619 1082 4631 ι
1126 4616 1154 4631 nn
1244 4621 1252 4631 ι
1404 4618 1416 4629 θ
1528 4616 1539 4627 ο
1801 4615 1815 4631 1
2040 4615 2087 4631 ,ι
2118 4612 2185 4631 ηιξ
2208 4610 2406 4631 ηεςιξ--⁴
2442 4612 2613 4631 Ιι---....
2651 4613 2698 4631 ,Δ
2731 4608 3025 4631 1.Α...Ξ..-...
3066 4608 3401 4631 ---ηι--ι--
3430 4608 3528 4631 ἹΥ-Ι
3557 4626 3675 4631 ____-

267 4630 385 4667 non
420 4617 636 4684 potest,
670 4618 727 4669 et
754 4615 1091 4671 redundant
1124 4616 1335 4673 fluctus
1365 4618 1495 4697 ejus
1524 4616 1585 4671 in
1615 4615 1924 4673 conculca-

265 4701 493 4758 tionem
509 4706 568 4757 et
582 4701 832 4758 lutum.»
845 4703 1125 4778 Superius
1144 4703 1375 4760 locutus
1392 4705 1565 4760 estde
1582 4704 1802 4761 Judazis
1818 4704 1920 4776 qui

263 4790 323 4847 in
345 4789 683 4863 captivitate
702 4791 874 4863 positi
897 4791 1302 4865 pmnitentiam
1323 4795 1739 4863 egerunt,quos
1756 4808 1922 4846 sana-

258 4878 348 4933 vit
379 4895 415 4934 a
443 4878 699 4951 peccatis
731 4880 1059 4937 reducendo
1091 4879 1223 4936 illos
1252 4877 1313 4935 in
1344 4879 1727 4947 Hierusalem,
1757 4883 1815 4935 et
1847 4880 1919 4935 de

257 4964 383 5022 illis
416 4966 594 5037 etiam
618 4966 717 5039 qui
738 4972 870 5041 post
890 4967 1120 5024 Domini
1147 4967 1479 5042 passionem
1506 4966 1877 5024 crediderunt
1900 4984 1913 5022 :

256 5072 421 5111 nunc
453 5056 528 5111 de
551 5047 669 5111 illis
700 5056 1031 5129 specialiter
1058 5056 1320 5129 loquitur
1348 5056 1446 5129 qui
1482 5057 1540 5113 in
1572 5055 1916 5112 inﬁdelitate

253 5160 372 5201 sua
390 5146 524 5215 post
539 5143 769 5200 Domini
795 5144 1197 5203 ascensionem
1220 5144 1912 5217 permanserunt,quibus

253 5231 495 5287 dicebat
515 5231 722 5288 beatus
743 5232 959 5290 Paulus
979 5251 990 5289 :
1010 5232 1190 5289 Vobis
1213 5232 1452 5305 quidem
1475 5233 1777 5304 oportebat
1801 5231 1913 5303 pri-

252 5336 426 5389 mum
451 5319 611 5393 loqui
630 5321 869 5379 verbum
885 5322 1007 5391 Dei,
1024 5323 1123 5378 sed
1144 5321 1285 5394 quia
1301 5319 1580 5392 repellitis
1595 5319 1739 5375 illud
1759 5324 1815 5375 et
1828 5319 1912 5373 in-

251 5408 471 5483 dignos
492 5426 591 5467 vos
613 5411 903 5481 judicatis
928 5415 1153 5469 aeterna
1180 5410 1307 5467 vitae
1332 5427 1347 5467 :
1371 5426 1502 5466 ecce
1520 5407 1913 5463 convertimur

252 5497 334 5561 ad
363 5489 719 5571 gentesplct.
741 5502 885 5568 xm).
906 5500 1096 5571 Impii,
1126 5498 1341 5572 inquit,
1356 5497 1475 5555 sive
1506 5495 1689 5568 iniqui
1723 5496 1909 5552 Judaei

380 5584 440 5640 in
460 5584 693 5645 Domini
710 5585 981 5660 passione
998 5587 1398 5657 clamaverunt
1416 5604 1465 5650 ;«
1483 5587 1636 5644 Reus
1653 5588 1739 5641 est
1763 5601 1911 5641 mor-

2033 4615 2091 4667 et
2117 4610 2412 4666 Christum
2442 4612 2619 4666 Deum
2646 4613 2704 4664 et
2731 4608 3029 4663 hominem
3062 4608 3530 4665 confitentes.Vel
3553 4626 3680 4682 quae

2021 4699 2317 4772 justitiam
2350 4699 2568 4765 fecerit,
2603 4697 2711 4751 hoc
2743 4700 2850 4767 est,
2868 4684 3028 4766 idola
3058 4712 3162 4768 pro
3192 4696 3308 4752 Deo
3338 4715 3452 4753 non
3485 4696 3678 4753 colue-

2030 4787 2123 4856 rit,
2143 4790 2243 4843 sed
2276 4788 2555 4842 mandata
2585 4802 2717 4841 mea
2745 4789 2896 4843 recte
2927 4801 3157 4858 semper
3186 4786 3609 4859 adimpleverit,
3623 4790 3682 4842 et

2029 4894 2156 4949 quze
2177 4875 2492 4946 judicium,
2517 4875 2575 4930 id
2606 4879 2712 4942 eSt,
2736 4873 2922 4947 legem
2956 4873 3057 4930 Dei
3090 4874 3181 4931 sui
3214 4892 3327 4941 non
3360 4874 3682 4947 derelique-

2028 4965 2121 5031 rit,
2136 4962 2220 5019 vel
2253 4980 2448 5019 veram
2482 4964 2656 5019 fidem
2688 4962 2942 5020 tenuerit
2993 4981 3061 5019 ex
3117 4981 3233 5036 qua
3281 4964 3486 5034 justus
3515 4962 3672 5018 vivit.

2027 5051 2423 5126 Spiritualiter
2451 5056 2646 5108 autem
2668 5051 2959 5122 justitiam
2985 5055 3042 5106 et
3061 5052 3353 5123 judicium
3376 5051 3673 5107 Christum

2020 5142 2305 5197 debemus
2338 5140 2791 5215 intelligere,qui
2822 5139 3326 5211 estjustitia,quia
3357 5140 3481 5212 ipse
3502 5140 3679 5212 justi-

2021 5232 2157 5286 ﬁcat
2186 5230 2401 5287 electos
2430 5246 2603 5285 suos:
2634 5233 2691 5284 et
2720 5228 2823 5299 qui
2856 5232 2943 5283 est
2965 5227 3429 5300 judicium,quia
3453 5251 3479 5278 α
3506 5228 3676 5283 Pater

2019 5337 2135 5375 non
2161 5319 2388 5391 judicat
2436 5316 2937 5389 quemquam,sed
2977 5333 3149 5371 omne
3182 5316 3475 5388 judicium
3509 5316 3674 5372 dedit

2022 5408 2167 5464 Filio
2183 5410 2489 5476 (Joan.v).»
2509 5429 2534 5453 ‹‹
2558 5406 2785 5476 Rogant
2804 5403 3448 5477 mejudiciajustitiaz',»
3473 5405 3529 5460 id
3558 5409 3667 5473 est,

2021 5500 2227 5570 rogant
2258 5496 2323 5550 ut
2365 5498 2519 5549 recte
2545 5493 2807 5564 judicem
2838 5510 2957 5562 eos,
2991 5498 3048 5549 et
3091 5495 3324 5566 justum
3372 5494 3667 5567 judicium
3698 5554 3707 5559 _

2022 5586 2227 5644 faciam
2263 5600 2275 5642 :
2311 5582 2673 5641 ostendendo
2716 5599 2895 5656 quare
2938 5599 3056 5645 non
3112 5584 3430 5662 suscipiam
3463 5601 3664 5647 earum
