4106 6190
439 333 593 398 1019

804 334 1212 396 ΗΑΥΜΟΝΙς
1259 331 1798 392 "ALBEBSTAT.
1849 329 2093 392 EPISC.
2140 329 2314 392 OPP.
2365 333 2565 394 PARS
2612 335 2655 395 l.
2692 368 2769 379 —
2813 336 3223 398 COMMENT.
3271 337 3470 400 BIBL.

3685 341 3710 400 1
3721 338 3845 399 020

437 485 630 540 opera.
663 490 692 518 «
725 464 1202 540 Appropinquare
1231 462 1348 520 Deo
1379 461 1638 533 volunt,»
1669 461 1956 519 subaudis
1980 476 2082 517 νο·
2111 461 2168 530 Α
2197 479 2351 520 rens.
2369 465 2544 522 Amat
2564 465 2720 524 Deus
2741 467 3114 541 omnipotens
3133 485 3202 526 ea
3221 486 3348 542 qua;
3376 469 3650 542 superius
3681 487 3840 528 com-

437 575 520 625 ce,
555 575 668 614 non
696 574 888 630 opere.

507 671 534 697 ‹‹
555 649 741 714 Quare
761 643 1182 717 jejunavimus,
1205 648 1262 700 et
1290 661 1405 700 non
1438 643 1771 716 aspexisti,»
1796 644 2082 701 subaudis

433 735 812 792 exaudiendo.
839 757 867 786 «
895 733 1348 791 Humiliavimus
1378 734 1636 790 animam
1669 738 1988 801 nostram,»
2020 733 2078 789 id

431 827 540 892 est,
563 823 744 878 vitam
778 825 1038 878 nostram
1071 823 1398 894 jejunando
1431 846 1459 872 ‹‹
1493 825 1548 877 et
1598 821 1879 878 nescisti?
1935 823 2080 878 Ecce

431 913 490 968 in
522 911 613 969 die
635 911 849 985 jejunii
880 911 1056 969 vestri
1080 910 1376 968 invenitur
1395 911 1663 968 voluntas
1679 917 1927 979 vestra,»
1947 913 2081 968 sub-

351 1044 358 1051 .
429 1001 601 1058 audis
630 1001 902 1070 carnalis,
936 1024 964 1052 ‹‹
997 1005 1054 1057 et
1092 1018 1298 1056 omnes
1341 999 1631 1056 debitores
1674 1005 1894 1056 vestros
1924 1018 2075 1073 repe-

428 1091 620 1148 titis.)
654 1090 1089 1164 Proposuerunt
1117 1089 1302 1146 Judaei
1335 1089 1798 1160 Domino,quare
1830 1106 1943 1144 non
1975 1106 2075 1144 ex-

429 1181 705 1238 audiebat
731 1198 830 1237 eos
859 1197 994 1235 cum
1025 1177 1404 1233 humiliarent
1435 1195 1496 1232 se
1518 1177 1796 1248 jejuniis:
1833 1178 1929 1234 sed
1965 1178 2074 1234 Do-

429 1271 626 1326 minus
657 1287 771 1324 non
802 1267 1074 1338 reprobat
1095 1265 1344 1336 jejunia,
1363 1265 1464 1320 sed
1487 1282 1662 1336 opera
1691 1283 1818 1338 qua
1843 1267 1902 1322 in
1925 1267 2077 1338 jeju-

427 1359 526 1414 nio
560 1355 1280 1423 l'aciebant,dicens:Ecce
1312 1355 1371 1409 in
1404 1355 1497 1410 die
1527 1355 1740 1427 jejunii
1772 1357 1944 1412 vestri
1978 1358 2070 1412 in-

424 1445 655 1502 venitur
676 1443 946 1500 voluntas
969 1447 1178 1512 vestra,
1201 1443 1485 1500 subaudis
1507 1444 1780 1501 carnalis.
1799 1447 1878 1501 Ac
1910 1446 1960 1502 si
1992 1446 2074 1502 di-

425 1539 613 1592 ceret:
636 1536 768 1591 Ideo
800 1551 916 1588 non
937 1532 1200 1600 exaudio,
1218 1532 1357 1604 quia
1377 1532 1673 1604 jejunium
1694 1523 1952 1590 vestrum
1977 1553 2071 1591 ca-

423 1629 512 1682 ret
540 1623 958 1692 misericordia,
977 1627 1034 1678 et
1064 1622 1304 1694 insuper
1332 1639 1437 1694 pro
1467 1621 1641 1678 laude
1661 1628 1718 1678 et
1737 1624 2072 1682 adulatione

421 1713 730 1770 hominum
761 1710 906 1768 illud
948 1711 1142 1784 agitis.
1175 1711 1397 1767 Vacant
1439 1711 1627 1768 Judzni
1667 1713 1934 1786 jejuniis,
1967 1717 2069 1771 sed

2192 555 2555 624 memoravit,
2582 560 2760 630 caput
2787 556 3056 614 videlicet
3085 557 3387 627 inclinare,
3413 576 3648 615 saccum
3669 564 3726 616 et
3754 561 3841 617 ci-

2191 659 2390 699 nerem
2423 647 2680 701 sternere
2705 663 2716 702 :
2742 645 2792 701 si
2823 663 2969 719 puro
2991 647 3061 702 de
3079 648 3252 703 corde
3279 650 3548 721 agantur,
3573 652 3630 704 et
3652 649 3842 706 maxi-

2191 748 2285 787 me
2310 735 2571 806 tempore
2593 735 2958 792 necessitatis
2978 739 3036 792 et
3061 735 3456 793 tribulationis
3479 754 3493 794 :
3515 738 3661 792 utin
3684 739 3842 794 Nini-

2187 821 2345 890 vitis,
2387 826 2445 878 et
2489 823 2670 880 David
2719 828 2894 897 atque
2938 823 3128 880 Achaz
3159 824 3442 897 (10mm;
3473 827 3528 882 ιι
3559 827 3684 898 Reg.
3713 845 3836 896 xm,

2189 911 2274 966 III
2303 911 2426 983 Reg.
2457 913 2594 985 xxI).
2619 913 2678 969 Si
2737 918 2935 970 autem
2992 912 3211 986 duplici
3273 914 3470 970 animo
3520 915 3685 984 ﬁant,
3719 933 3836 972 non

2187 999 2352 1074 eligit
2382 1019 2568 1074 neque
2598 1003 2883 1076 approbat
2911 1019 2998 1058 ea.

2260 1091 2516 1146 «Nonne
2536 1091 2644 1147 hoc
2673 1096 2764 1149 est
2793 1092 2983 1165 magis
3012 1091 3305 1164 jejuninm
3329 1091 3482 1164 quod
3515 1091 3835 1166 elegi,»su-

2187 1179 2420 1247 baudis,
2437 1181 2591 1252 quod
2615 1198 2722 1255 ego
2751 1179 3025 1254 prazcipio
3047 1179 3151 1235 tibi
3173 1180 3550 1236 custodire?«
3573 1181 3837 1238 Dissolve

2185 1267 2586 1340 colligationes
2617 1268 2956 1342 impietatis,
2980 1268 3136 1325 solve
3165 1267 3476 1324 fasciculos
3503 1270 3834 1342 deprimen-

2183 1359 2292 1411 tes.
2315 1379 2342 1406 »
2360 1357 2744 1431 Septuaginta
2774 1359 3035 1432 apertius
3064 1357 3494 1414 transtulerunt
3522 1358 3784 1417 dicentes
3817 1378 3830 1415 :

2184 1445 2429 1502 Omnem
2479 1447 2828 1520 scripturam
2878 1447 3141 1520 iniquam
3193 1445 3526 1503 conscinde.
3553 1447 3680 1504 Mos
3708 1455 3835 1504 erat

2183 1533 2345 1590 illius
2373 1535 2596 1609 populi,
2620 1543 2685 1593 ut
2713 1535 2763 1594 si
2784 1535 2960 1592 alicui
2981 1535 3203 1609 aliquid
3227 1536 3628 1592 commodaret
3647 1537 3833 1594 chiro.

2179 1623 2468 1696 graphum
2493 1624 2628 1680 inde
2653 1625 2950 1692 scriberet,
2976 1624 3034 1680 id
3065 1628 3174 1692 est,
3203 1622 3470 1680 chartam
3491 1627 3550 1680 et
3577 1625 3830 1698 scriptu-

2181 1731 2306 1770 ram
2339 1729 2442 1787 per
2463 1731 2642 1786 quam
2673 1713 2756 1769 illi
2791 1712 3110 1786 requireret
3133 1729 3146 1769 :
3169 1711 3258 1768 vel
3291 1711 3466 1769 etiam
3490 1714 3832 1786 juramento

420 1806 662 1874 frustra,
711 1801 851 1876 quia
906 1819 1022 1858 non
1078 1799 1472 1874 generalibus.
1511 1803 1790 1858 Generale
1849 1805 2066 1860 etenim
2097 1831 2146 1898 Β
2181 1803 2538 1878 colligebant
2583 1820 2682 1898 eos
2713 1803 2930 1876 quibus
2959 1801 3182 1875 aliquid
3234 1803 3610 1876 praestabant,
3633 1808 3693 1860 et
3721 1803 3830 1860 alio

409 1892 709 1966 jejunium
740 1896 830 1948 est
859 1891 1152 1947 abstinere
1189 1891 1262 1945 ab
1293 1890 1570 1947 omnibus
1609 1890 1851 1958 illicitis,
1875 1897 1932 1950 et
1959 1893 2069 1950 hoc
2097 1889 2142 1898 ’⁷
2179 1893 2412 1964 quando
2443 1891 2592 1948 falsa
2607 1889 2998 1966 chirographa
3018 1891 3353 1948 scribebant
3377 1896 3582 1948 contra
3609 1910 3828 1966 paupe-

418 1999 534 2038 non
567 1999 670 2054 pro
701 1980 872 2038 laude
902 1978 1208 2052 temporali
1249 1996 1440 2052 agere.
1472 1979 1631 2046 Quod
1675 1983 1872 2036 autem
1903 1981 2064 2051 dicit,

415 2072 476 2128 in
505 2072 598 2128 die
619 2070 833 2145 jejunii
857 2070 1030 2126 vestri
1051 2069 1346 2125 invenitur
1365 2068 1636 2125 voluntas
1655 2074 1848 2126 vestra
1871 2087 2070 2127 carna-

413 2161 508 2231 lis,
523 2160 764 2234 quidam
795 2159 1024 2216 codices
1051 2158 1271 2214 habent
1296 2173 1309 2212 :
1337 2157 1664 2214 invenietur
1680 2158 1951 2216 voluntas
1972 2177 2064 2216 ve-

415 2255 557 2319 stra,
572 2249 630 2306 id
652 2247 1098 2316 est,delectatio,
1113 2247 1171 2301 in
1187 2264 1254 2302 su
1264 2246 1494 2302 mendis
1509 2245 1776 2303 videlicet
1795 2247 2066 2319 pluribus

413 2344 472 2396 et
496 2336 848 2395 lautioribus
877 2334 1018 2391 cibit
1065 2339 1196 2406 post
1234 2334 1554 2407 jejunium.
1579 2335 1815 2402 Omnes,
1848 2336 2061 2408 inquit,

413 2427 706 2498 debitores
721 2428 944 2480 vestros
965 2421 1248 2496 repetitis,
1268 2423 1323 2478 id
1341 2427 1432 2479 est
1451 2421 1681 2496 exigitis
1701 2425 2062 2482 contentiosa

411 2517 486 2574 ab
518 2515 636 2572 illis
667 2513 884 2586 quibus
915 2511 1138 2585 aliquid
1169 2511 1582 2568 commodasis.
1609 2511 1740 2568 Ideo
1767 2513 1924 2570 enim
1955 2513 2060 2570 ali-

411 2605 647 2680 quando
659 2603 1029 2677 jejunabant,
1051 2605 1115 2656 ut
1143 2601 1386 2657 liberius
1417 2607 1658 2674 possent
1681 2619 1820 2659 suos
1843 2603 2060 2660 debito-

411 2713 505 2770 res
535 2698 812 2768 repetere,
834 2691 992 2766 quod
1023 2708 1145 2770 non.
1171 2693 1363 2764 potest
1387 2691 1515 2747 sine
1543 2692 1912 2750 contentione
1941 2693 2056 2766 agi.

484 2807 514 2836 ‹‹
542 2786 688 2841 Ecce
717 2783 790 2839 ad
823 2782 954 2838 lites
983 2785 1042 2837 et
1071 2779 1474 2837 contentiones
1499 2781 1814 2852 jejunatis,
1845 2787 1902 2838 et
1931 2799 2058 2854 per-

409 2873 609 2932 cutitis
639 2889 836 2946 pugno
868 2869 1105 2944 impie.»
1126 2869 1196 2925 Et
1225 2873 1314 2944 est
1340 2885 1586 2926 sensus:
1616 2871 1750 2926 Ideo
1772 2871 2058 2943 jejunatis

410 2967 478 3019 ut
507 2961 640 3019 lites
670 2964 728 3018 et
756 2959 1160 3017 contentiones
1208 2957 1416 3031 agatis,
1443 2961 1518 3026 et,
1543 2959 1699 3031 quod
1748 2959 1917 3032 pejus
1946 2963 2054 3028 est,

409 3067 697 3126 pauperes
727 3052 786 3105 et
813 3048 1151 3105 innocentes
1182 3064 1378 3120 pugno
1417 3047 1740 3119 percutitis,
1775 3047 1901 3104 sine
1933 3047 2053 3120 pie-

408 3142 527 3196 tate
557 3137 852 3210 exigentes
891 3138 964 3192 ab
1011 3135 1130 3192 illis
1177 3153 1305 3208 quae
1365 3153 1480 3192 non
1529 3137 1966 3204 eommodastis,
2002 3141 2058 3193 et

2177 1997 2291 2050 res,
2307 1985 2364 2038 et
2385 1981 2458 2037 ab
2479 1981 2598 2036 illis
2621 1980 2720 2054 qui
2745 1979 2888 2036 nihil
2921 1980 3217 2036 habebant
3246 1997 3382 2036 cum
3404 1978 3688 2037 violentia
3711 1983 3828 2038 exi-

2175 2071 2392 2144 gebant
2422 2071 2577 2142 quod
2629 2069 2748 2126 illis
2777 2087 2894 2126 non
2933 2069 3372 2126 commiserant.
3405 2069 3828 2142 Hujuscemodi

2174 2159 2408 2215 chartas
2429 2163 2486 2216 et
2515 2158 2838 2232 scripturas
2867 2157 3125 2232 appellat
3145 2157 3547 2231 eclligationes
3569 2163 3628 2214 et
3657 2160 3828 2216 fasci-

2174 2247 2340 2304 culos
2362 2248 2758 2321 deprimentes
2779 2265 2792 2302 :
2813 2245 2954 2320 quia
2973 2246 3256 2320 ligabant,
3283 2247 3340 2303 id
3363 2252 3451 2303 est
3470 2248 3827 2323 constringe-

2172 2338 2316 2394 bant
2335 2354 2438 2410 per
2459 2354 2528 2393 ea
2548 2353 2836 2410 pauperes
2852 2341 2908 2392 et
2929 2335 3364 2410 opprimebant:
3381 2337 3657 2411 praecepit
3674 2343 3739 2394 ut
3758 2355 3825 2394 ea

2172 2425 2573 2482 dissolverent.
2589 2425 2650 2480 Si
2671 2425 2828 2482 enim
2850 2423 3121 2497 impietas
3141 2427 3229 2480 est
3240 2429 3329 2494 (ut
3351 2425 3413 2480 Β.
3437 2425 3826 2500 Hieronymus

2171 2514 2335 2584 dicit)
2358 2514 2429 2570 ab
2452 2513 2536 2570 eis
2559 2514 2818 2570 debitum
2853 2514 3298 2570 accomodatum
3328 2514 3554 2587 exigere
3578 2515 3680 2588 qui
3710 2534 3822 2572 non

2169 2607 2420 2678 possunt
2435 2603 2842 2676 reddere,quia
2859 2619 2973 2659 non
2989 2602 3211 2658 habent
3223 2603 3378 2658 unde
3393 2619 3406 2658 :
3427 2610 3662 2676 quantae
3679 2605 3824 2661 illud

2169 2692 2489 2766 impietatis
2519 2697 2609 2749 est
2638 2693 2792 2766 quod
2834 2691 2980 2748 falso
3024 2691 3382 2764 requiritur?
3424 2693 3827 2765 Spiritualiter

2168 2786 2364 2838 autem
2389 2787 2447 2838 et
2476 2781 2778 2838 moraliter
2799 2779 3203 2854 colligationes
3226 2785 3283 2836 et
3315 2780 3626 2838 fasciculos
3647 2783 3824 2839 debe-

2167 2889 2303 2927 mus
2335 2869 2656 2944 intelligere
2687 2872 2942 2942 peccata,
2967 2887 3094 2942 qua:
3121 2868 3498 2942 praecipimur
3525 2869 3825 2927 dimittere

2166 2959 2431 3033 proximo
2453 2959 2512 3013 in
2529 2958 2624 3014 die
2637 2957 2872 3030 jejunii,
2889 2957 3054 3014 Domi
3065 2975 3138 3014 no
3150 2957 3378 3014 dicente
3399 2975 3412 3013 :
3433 2958 3699 3016 Dissolve
3713 2961 3825 3016 col-

2165 3047 2473 3122 ligationes
2495 3045 2834 3120 impietatis,
2850 3049 2960 3104 etc.
2983 3047 3064 3102 Ac
3087 3046 3137 3102 si
3159 3046 3412 3102 diceret:
3439 3047 3676 3104 Dimitte
3697 3067 3823 3122 pro-

2165 3137 2322 3194 ximo
2343 3136 2404 3192 in
2426 3139 2482 3192 te
2503 3135 2764 3208 peccanti
2787 3152 2914 3206 quae
2936 3139 3140 3191 contra
3159 3139 3215 3191 te
3236 3137 3372 3208 egit,
3398 3140 3463 3191 ut
3491 3136 3596 3192 tibi
3620 3136 3818 3194 dimit-

405 3227 584 3283 vultis
616 3197 684 3282 ut
709 3216 1018 3281 exaudiam
1045 3225 1182 3280 vos?
1199 3197 1500 3296 Sequitur,
1525 3249 1552 3276 «
1574 3225 1762 3282 Nolite
1787 3197 2054 3299 jejunare
2085 3197 2128 3264 Ο
2167 3231 2324 3282 tatur
2345 3197 2730 3297 quod-contra
2759 3197 2940 3278 Deum
2969 3197 3372 3294 deliquistitet
3401 3223 3598 3295 possis
3628 3224 3820 3280 dicere

409 3313 563 3370 sicut
590 3329 776 3384 usque
824 3314 896 3367 ad
944 3311 1097 3366 hanc
1129 3312 1308 3381 diem,
1330 3317 1396 3368 ut
1427 3313 1703 3370 audiatur
1739 3313 1795 3369 in
1828 3313 2054 3371 excelso

409 3401 631 3458 clamor
643 3403 889 3456 vester.»
903 3399 1373 3456 SolebantJudtei
1393 3400 1453 3457 in
1471 3403 1679 3459 diebus
1687 3403 2049 3476 jejuniorum

409 3491 467 3547 in
501 3487 734 3564 angulis
767 3487 1092 3562 platearum
1137 3507 1322 3556 orare,
1355 3491 1626 3563 expansis
1675 3491 1950 3548 manibus
1979 3493 2052 3548 ad

407 3579 642 3646 caelum,
658 3577 796 3635 etin
821 3578 1012 3634 medio
1033 3577 1250 3652 templo
1276 3579 1548 3636 similiter
1566 3597 1700 3635 cum
1722 3579 1974 3636 clamore
1995 3585 2054 3636 et

406 3669 649 3742 ejulatu,
675 3673 740 3724 ut
769 3669 840 3724 ab
869 3668 1245 3725 audientibus
1265 3686 1364 3725 eos
1386 3674 1445 3724 et
1465 3668 1839 3724 cernentibus
1859 3668 2056 3724 lauda-

406 3757 1032 3830 rentur(Matth.xxm).
1059 3757 1222 3812 Sicut
1267 3762 1323 3812 et
1373 3755 1470 3812 ille
1518 3756 1846 3814 Phariszeus
1877 3759 1974 3830 qui
2021 3760 2054 3814 a

403 3847 653 3904 Domino
681 3847 741 3902 in
781 3846 1092 3920 Evangelio
1121 3844 1536 3912 contemnitur,
1561 3843 1807 3918 ideoque
1838 3847 2056 3902 dicitur

405 3937 477 3993 ad
527 3954 626 3992 eos
657 3936 1081 4010 (Luc.xvm):«
1116 3933 1302 3990 Nolite
1343 3934 1614 4006 jejunare
1662 3934 1817 3990 sicut
1865 3953 2054 4008 usque

405 4026 478 4081 ad
507 4025 658 4082 hanc
688 4025 868 4092 diem,
893 4047 920 4074 »
952 4023 1238 4080 subaudis
1275 4023 1498 4096 absque
1543 4023 1964 4094 misericordia,
1997 4029 2055 4082 et

405 4117 472 4169 ut
491 4114 785 4169 debitores
806 4129 940 4167 cum
965 4111 1063 4169 lite
1084 4118 1142 4168 et
1161 4112 1526 4168 contentione
1558 4113 1858 4185 repetatis,
1874 4119 1936 4169 ut
1957 4131 2054 4169 au-

406 4201 603 4255 diatur
631 4199 854 4254 clamor
883 4204 1072 4256 vester
1100 4200 1160 4254 in
1190 4199 1437 4268 excelso,
1471 4201 1580 4256 hoc
1611 4206 1700 4256 est
1744 4201 1802 4257 in
1835 4201 2052 4274 templo

405 4288 524 4343 sive
557 4287 614 4342 in
647 4284 878 4359 plateis,
911 4289 968 4340 et
999 4303 1132 4341 cum
1163 4287 1414 4343 clamore
1443 4288 1640 4344 oretis.

477 4398 502 4426 ‹‹
521 4373 796 4448 Nunquid
821 4373 936 4430 tale
953 4374 1348 4446 estjejunium
1371 4377 1526 4448 quod
1547 4376 1752 4449 elegi,»
1767 4379 2052 4434 subaudis

405 4465 576 4538 quale
594 4481 696 4520 vos
716 4463 972 4538 agitis?«
1008 4464 1113 4520 Per
1135 4463 1310 4533 diem,
1330 4463 1429 4520 »id
1462 4469 1551 4520 est
1582 4469 1704 4520 tota
1733 4465 1826 4522 die
1846 4490 1873 4516 «
1899 4466 2049 4522 afﬂi-

403 4571 538 4627 gere
567 4553 863 4610 hominem
895 4553 1154 4609 animam
1187 4569 1416 4619 suam,»
1439 4554 1746 4623 subaudis,
1767 4560 1824 4611 et
1854 4561 2054 4628 postea
2078 4563 2128 4631 Ι)

2120 4707 2127 4714 ,
2159 4662 2272 4719 que
2297 4645 2474 4700 induc
2495 4643 2554 4698 in
2575 4641 2814 4698 domum
2835 4646 3058 4698 tuam.»
3071 4642 3579 4716 Notandum,quia
3598 4660 3806 4717 panem

403 4642 592 4699 multa
620 4646 954 4715 perpetrare
985 4642 1208 4710 illicita,
1231 4641 1317 4700 vel
1357 4643 1506 4700 cibis
1542 4643 1925 4702 immoderate
1955 4663 2046 4703 re-

403 4731 587 4804 pleri?
607 4730 755 4797 Quid
789 4748 926 4804 ergo
957 4731 1188 4804 proficit
1218 4748 1430 4805 corpus
1460 4737 1784 4806 temperare
1815 4752 1849 4791 a
1878 4734 2044 4803 cibis,

402 4821 515 4876 nisi
545 4823 902 4892 temperetur
931 4837 966 4876 a
996 4820 1195 4876 vitiis?
1245 4821 1408 4876 Istud
1457 4821 1572 4879 tale
1607 4823 1904 4895 jejunium
1933 4841 2048 4880 non

401 4909 686 4982 approbat
715 4908 890 4976 Deus,
923 4909 1024 4964 sed
1065 4907 1209 4964 illud
1239 4909 1395 4981 quod
1445 4911 1714 4983 generale
1745 4917 1835 4968 est
1886 4918 1944 4969 et
1988 4913 2047 4968 in

401 4997 734 5054 humilitate
791 4995 1191 5053 misericordia
1248 4997 1621 5070 adimpletur.
1648 5001 1974 5074 «Nunquid
2019 5025 2046 5051 ››

400 5085 688 5143 subaudis
717 5084 861 5158 elegi
887 5108 914 5136 «
940 5090 1324 5158 contorquere
1356 5085 1523 5158 quasi
1555 5087 1839 5144 circulum
1872 5095 2049 5162 caput

399 5193 597 5244 suum,
618 5198 644 5223 »
663 5175 718 5230 id
743 5180 832 5230 est
849 5179 1025 5246 caput
1047 5191 1112 5230 ac
1135 5175 1310 5247 pedes
1338 5175 1618 5232 inclinare
1635 5199 1663 5226 ‹‹
1683 5181 1740 5232 et
1761 5195 1995 5234 saccum
2019 5202 2046 5228 ››

402 5265 642 5321 induere
667 5285 694 5313 «
717 5268 776 5318 et
804 5263 1059 5320 cinerem
1082 5264 1378 5320 sternere?
1402 5265 1679 5336 Nunquid
1703 5265 1860 5321 istud
1881 5284 2045 5323 voea-

400 5352 490 5407 bis
503 5351 801 5424 jejunium
819 5355 878 5408 et
893 5351 1047 5407 diem
1067 5352 1485 5426 acceptabilem
1497 5353 1660 5410 Domi
1673 5353 1812 5409 no?»
1828 5355 2044 5411 Subau-

401 5439 512 5506 dis,
535 5459 649 5496 non
681 5441 792 5496 erit
820 5439 871 5496 ei
895 5444 1198 5513 acceptum
1218 5440 1332 5498 tale
1354 5441 1673 5514 jejunium,
1700 5443 1837 5515 quia
1858 5443 2046 5499 humi-

399 5526 624 5582 litatem
657 5529 969 5600 praetendis
990 5531 1406 5598 exstrinsecus,
1434 5535 1492 5586 et
1512 5535 1740 5587 tumore
1761 5533 2046 5605 superbia:

403 5613 626 5672 inflaris
642 5614 995 5674 intrinsecus
1015 5635 1028 5676 :
1047 5617 1282 5676 laudem
1298 5618 1620 5676 humanam
1637 5619 1843 5677 exinde
1861 5622 2048 5693 requi.

2163 3314 2347 3370 libera
2366 3317 2558 3370 mente
2578 3329 2591 3366 :
2612 3311 2844 3368 Dimitte
2867 3310 3056 3378 nobis,
3073 3310 3225 3366 sicut
3248 3314 3308 3366 et
3328 3328 3435 3367 nos
3457 3311 3817 3370 dimittimus

2163 3403 2328 3458 fratri
2348 3401 2697 3471 (Matth.v1).«
2719 3399 2958 3456 Dimitte
2977 3415 3078 3455 eos
3094 3399 3194 3472 qui
3217 3399 3497 3456 confracti
3515 3406 3660 3457 sunt
3680 3401 3817 3458 libe-

2164 3508 2278 3559 ros,
2307 3494 2365 3547 et
2393 3507 2564 3545 omne
2593 3506 2744 3546 onus
2783 3488 3072 3561 dirumpe.
3093 3511 3118 3537 »
3147 3488 3310 3562 Saepe
3347 3492 3614 3563 tempore
3645 3491 3813 3547 famis

2163 3579 2476 3634 tradebant
2505 3595 2567 3634 sc
2597 3576 2838 3650 quidam
2859 3577 3194 3633 Judzeorum
3227 3595 3514 3650 pauperes
3541 3579 3818 3652 principi-

2161 3668 2274 3725 bus
2305 3671 2362 3722 et
2382 3665 2656 3722 divitibus
2679 3667 2737 3722 in
2761 3665 3122 3734 servitutem,
3139 3665 3320 3740 aliqui
3345 3671 3410 3722 ut
3430 3683 3535 3740 per
3554 3669 3814 3742 spatium

2163 3762 2385 3829 septem
2417 3772 2706 3811 annorum
2755 3753 2840 3810 eis
2888 3753 3192 3822 servirent,
3225 3753 3405 3828 aliqui
3444 3755 3606 3828 plus,
3635 3755 3812 3830 aliqui

2163 3846 2362 3902 minus
2385 3861 2400 3899 :
2427 3843 2525 3899 alii
2547 3842 2722 3899 etiam
2745 3859 2932 3915 usque
2953 3841 3024 3897 ad
3048 3859 3270 3898 annum
3290 3843 3629 3900 Jubilaaum.
3653 3845 3815 3901 Unde

2163 3933 2498 4008 praecipitur
2529 3931 2665 4000 illis,
2691 3934 2758 3986 ut
2805 3930 2948 3987 tales
2997 3930 3300 3987 dimittant
3345 3949 3378 3987 a
3427 3933 3708 3989 servitute
3755 3933 3813 3989 in

2162 4023 2490 4078 libertatem
2517 4037 2529 4076 :
2555 4019 2695 4092 quia
2713 4019 3028 4092 aliquando
3051 4019 3363 4092 plusquam
3387 4019 3486 4076 ille
3508 4021 3816 4078 statuisset

2164 4111 2504 4168 detinebant
2523 4126 2682 4173 eum,
2703 4107 2802 4181 qui
2828 4125 2890 4164 se
2911 4109 3294 4164 concriderat.
3316 4107 3556 4165 Dimitte
3575 4110 3816 4184 (inquit)

2162 4217 2262 4256 eos
2291 4198 2506 4255 liberos
2533 4197 2635 4270 qui
2679 4197 2958 4253 confracti
2990 4200 3149 4267 sunt,
3174 4197 3230 4252 id
3263 4203 3356 4254 est
3399 4188 3504 4271 qui
3553 4203 3814 4272 tempore

2162 4287 2336 4346 famis
2363 4291 2420 4344 et
2452 4285 2818 4343 necessitatis
2867 4285 3146 4352 instante,
3171 4303 3205 4340 a
3234 4284 3504 4344 libertate
3551 4288 3811 4344 tradide-

2163 4382 2302 4434 runt
2332 4395 2393 4434 se
2423 4377 2528 4432 tibi
2562 4376 2621 4431 in
2653 4374 3014 4441 servitutem,
3043 4379 3101 4431 et
3129 4391 3302 4432 omne
3331 4392 3481 4432 onus
3513 4375 3812 4433 servitutis

2158 4467 2247 4524 vel
2279 4465 2500 4540 peccati
2533 4465 2824 4537 dirumpe.

2229 4580 2254 4604 «
2279 4557 2502 4628 Frange
2524 4553 2800 4633 esurienti
2826 4570 3038 4626 panem
3061 4557 3254 4620 tuum,
3277 4557 3335 4608 et
3363 4571 3580 4627 egenos
3601 4571 3808 4628 vagos-

2157 4739 2328 4790 tuum
2345 4731 2491 4789 dixit
2509 4749 2623 4788 non
2641 4729 2927 4788 alienum:
2945 4747 3015 4786 ne
3027 4735 3271 4787 conetur
3288 4729 3505 4804 aliquis
3521 4749 3592 4787 ex
3607 4731 3810 4804 rapina

2157 4822 2586 4895 eleemosynam
2607 4819 2815 4876 facere.
2831 4818 2939 4885 Qui
2968 4818 3126 4875 enim
3157 4820 3229 4876 de
3257 4820 3463 4892 rapina
3493 4820 3666 4876 oﬂ'ert
3695 4820 3808 4876 Deo

2159 4909 2513 4968 sacrificium
2533 4911 2591 4965 et
2617 4905 3101 4974 misericordiam,
3119 4907 3290 4979 quasi
3311 4907 3414 4981 qui
3443 4906 3716 4964 immolat
3745 4908 3807 4962 ti-

2157 4999 2304 5055 lium
2331 5002 2466 5054 ante
2495 5002 2720 5070 patrem
2743 4996 2905 5065 (Eccl.
2930 4999 3120 5066 xxxv).
3144 4995 3546 5070 Spiritualiter
3573 5013 3681 5070 per
3709 5013 3806 5068 pa-

2159 5105 2293 5144 nem
2324 5102 2642 5159 possumus
2675 5083 2998 5158 intelligere
3019 5085 3194 5140 fidem
3224 5083 3462 5155 Christi,
3486 5085 3590 5157 qui
3622 5084 3802 5140 dixit:

2161 5199 2185 5226 .
2221 5178 2338 5250 Ego
2365 5191 2498 5230 sum
2530 5173 2700 5247 panis
2728 5172 3028 5244 vivus,qui
3062 5172 3134 5228 de
3163 5172 3305 5229 coelo
3331 5172 3609 5229 descendi
3631 5174 3802 5244 (Joan.

2155 5267 2296 5336 v1).»
2311 5265 2524 5320 Panem
2542 5263 2696 5318 enim
2717 5259 3044 5334 frangimus
3063 5261 3615 5334 esurienti,quando
3635 5262 3802 5318 {idem

2155 5352 2372 5410 Christi
2393 5368 2572 5425 quam
2593 5350 2880 5406 habemus
2903 5349 3364 5423 simplicioribus
3386 5349 3673 5406 fratribus
3694 5367 3806 5404 ma-

2157 5443 2525 5499 nifestamus.
2561 5438 2842 5495 Similiter
2872 5455 2974 5510 per
3004 5455 3214 5510 panem
3246 5454 3568 5512 possumus
3596 5435 3800 5493 intelli-

2155 5549 2290 5606 gere
2313 5545 2540 5588 sacram
2563 5527 2946 5600 Scripturam,
2966 5543 3083 5598 qua
3113 5525 3372 5584 reﬁcitur
3392 5526 3594 5582 anima
3617 5543 3630 5580 :
3656 5527 3805 5582 sicut

2155 5637 2368 5694 corpus
2390 5616 2634 5676 diversis
2655 5615 2866 5690 epulis.
2881 5617 3064 5682 Quem
3087 5631 3299 5689 panem
3317 5617 3458 5672 tunc
3478 5615 3802 5688 frangimus
