  <div class='ocr_page' id='page_1' title='image "/cluster/home/n/w/nwhite01/storage/ocr_20150623/116/hvd.32044054759808/520.png"; bbox 0 0 4106 6190; ppageno 0'>
   <div class='ocr_carea' id='block_1_1' title="bbox 291 339 447 402">
    <p class='ocr_par' dir='ltr' id='par_1_1' title="bbox 291 339 447 402">
     <span class='ocr_line' id='line_1_1' title="bbox 291 339 447 402; baseline -0.019 0"><span class='ocrx_word' id='word_1_1' title='bbox 291 345 315 402; x_wconf 79' lang='grc'>1</span> <span class='ocrx_word' id='word_1_2' title='bbox 327 339 447 400; x_wconf 76' lang='grc'>029</span> 
     </span>
    </p>
   </div>
   <div class='ocr_carea' id='block_1_2' title="bbox 1328 336 2653 407">
    <p class='ocr_par' dir='ltr' id='par_1_2' title="bbox 1328 336 2653 407">
     <span class='ocr_line' id='line_1_2' title="bbox 1328 336 2653 407; baseline 0.006 -8"><span class='ocrx_word' id='word_1_3' title='bbox 1328 336 1736 401; x_wconf 84' lang='lat' dir='ltr'>COMMENT.</span> <span class='ocrx_word' id='word_1_4' title='bbox 1783 339 1863 401; x_wconf 86' lang='lat' dir='ltr'>IN</span> <span class='ocrx_word' id='word_1_5' title='bbox 1906 338 2194 404; x_wconf 80' lang='lat' dir='ltr'>lSAlAM.</span> <span class='ocrx_word' id='word_1_6' title='bbox 2234 376 2314 388; x_wconf 90' lang='lat'>-—</span> <span class='ocrx_word' id='word_1_7' title='bbox 2357 343 2499 405; x_wconf 85' lang='lat' dir='ltr'>LIB.</span> <span class='ocrx_word' id='word_1_8' title='bbox 2547 346 2653 407; x_wconf 87' lang='lat' dir='ltr'><strong>III.</strong></span> 
     </span>
    </p>
   </div>
   <div class='ocr_carea' id='block_1_3' title="bbox 3537 359 3694 420">
    <p class='ocr_par' dir='ltr' id='par_1_3' title="bbox 3537 359 3694 420">
     <span class='ocr_line' id='line_1_3' title="bbox 3537 359 3694 420; baseline 0.019 -3"><span class='ocrx_word' id='word_1_9' title='bbox 3537 359 3694 420; x_wconf 76' lang='grc'>1030</span> 
     </span>
    </p>
   </div>
   <div class='ocr_carea' id='block_1_4' title="bbox 288 471 3699 548">
    <p class='ocr_par' dir='ltr' id='par_1_4' title="bbox 288 471 3699 548">
     <span class='ocr_line' id='line_1_4' title="bbox 288 471 3699 548; baseline 0.005 -17"><span class='ocrx_word' id='word_1_10' title='bbox 288 472 694 531; x_wconf 90' lang='lat' dir='ltr'>resuscitando</span> <span class='ocrx_word' id='word_1_11' title='bbox 721 488 852 529; x_wconf 89' lang='lat' dir='ltr'>cum</span> <span class='ocrx_word' id='word_1_12' title='bbox 878 489 911 528; x_wconf 88' lang='lat' dir='ltr'>a</span> <span class='ocrx_word' id='word_1_13' title='bbox 932 471 1200 528; x_wconf 86' lang='lat' dir='ltr'>mortuis.</span> <span class='ocrx_word' id='word_1_14' title='bbox 1223 472 1295 528; x_wconf 88' lang='lat' dir='ltr'>Et</span> <span class='ocrx_word' id='word_1_15' title='bbox 1325 476 1414 528; x_wconf 91' lang='lat' dir='ltr'>est</span> <span class='ocrx_word' id='word_1_16' title='bbox 1446 490 1693 529; x_wconf 88' lang='lat' dir='ltr'>sensus:</span> <span class='ocrx_word' id='word_1_17' title='bbox 1717 473 1937 530; x_wconf 79' lang='lat' dir='ltr'>Judaeis</span> <span class='ocrx_word' id='word_1_18' title='bbox 1964 476 2019 541; x_wconf 81' lang='grc' dir='ltr'><strong>Α</strong></span> <span class='ocrx_word' id='word_1_19' title='bbox 2049 476 2345 532; x_wconf 89' lang='lat' dir='ltr'>occidente</span> <span class='ocrx_word' id='word_1_20' title='bbox 2375 481 2432 532; x_wconf 89' lang='lat' dir='ltr'>et</span> <span class='ocrx_word' id='word_1_21' title='bbox 2459 482 2591 534; x_wconf 90' lang='lat' dir='ltr'>ortu</span> <span class='ocrx_word' id='word_1_22' title='bbox 2625 478 2766 535; x_wconf 90' lang='lat' dir='ltr'>solis</span> <span class='ocrx_word' id='word_1_23' title='bbox 2787 479 3079 537; x_wconf 89' lang='lat' dir='ltr'>timebunt</span> <span class='ocrx_word' id='word_1_24' title='bbox 3099 500 3310 541; x_wconf 88' lang='lat' dir='ltr'>nomen</span> <span class='ocrx_word' id='word_1_25' title='bbox 3334 486 3566 544; x_wconf 85' lang='lat' dir='ltr'>Domini</span> <span class='ocrx_word' id='word_1_26' title='bbox 3597 491 3699 548; x_wconf 87' lang='lat' dir='ltr'>Pa-</span> 
     </span>
    </p>
   </div>
   <div class='ocr_carea' id='block_1_5' title="bbox 288 561 1942 634">
    <p class='ocr_par' dir='ltr' id='par_1_5' title="bbox 288 561 1942 634">
     <span class='ocr_line' id='line_1_5' title="bbox 288 561 1942 634; baseline -0.002 -13"><span class='ocrx_word' id='word_1_27' title='bbox 288 563 351 622; x_wconf 90' lang='lat' dir='ltr'>in</span> <span class='ocrx_word' id='word_1_28' title='bbox 383 561 730 618; x_wconf 91' lang='lat' dir='ltr'>inﬁdelitate</span> <span class='ocrx_word' id='word_1_29' title='bbox 776 561 1279 634; x_wconf 73' lang='lat' dir='ltr'>permanantibus,</span> <span class='ocrx_word' id='word_1_30' title='bbox 1304 562 1454 617; x_wconf 88' lang='lat' dir='ltr'>Deus</span> <span class='ocrx_word' id='word_1_31' title='bbox 1484 562 1653 617; x_wconf 89' lang='lat' dir='ltr'>Pater</span> <span class='ocrx_word' id='word_1_32' title='bbox 1694 562 1942 619; x_wconf 89' lang='lat' dir='ltr'>salvabit</span> 
     </span>
    </p>
   </div>
   <div class='ocr_carea' id='block_1_6' title="bbox 289 649 1943 722">
    <p class='ocr_par' dir='ltr' id='par_1_6' title="bbox 289 649 1943 722">
     <span class='ocr_line' id='line_1_6' title="bbox 289 649 1943 722; baseline -0.002 -14"><span class='ocrx_word' id='word_1_33' title='bbox 289 652 401 708; x_wconf 88' lang='lat' dir='ltr'><strong>sibi</strong></span> <span class='ocrx_word' id='word_1_34' title='bbox 426 650 635 708; x_wconf 90' lang='lat' dir='ltr'>Filium</span> <span class='ocrx_word' id='word_1_35' title='bbox 664 667 837 706; x_wconf 90' lang='lat' dir='ltr'>suum</span> <span class='ocrx_word' id='word_1_36' title='bbox 862 668 894 705; x_wconf 89' lang='lat' dir='ltr'>a</span> <span class='ocrx_word' id='word_1_37' title='bbox 918 651 1318 722; x_wconf 76' lang='lat' dir='ltr'>persecutione</span> <span class='ocrx_word' id='word_1_38' title='bbox 1337 649 1594 719; x_wconf 91' lang='lat' dir='ltr'>illorum,</span> <span class='ocrx_word' id='word_1_39' title='bbox 1619 656 1676 706; x_wconf 90' lang='lat' dir='ltr'>ct</span> <span class='ocrx_word' id='word_1_40' title='bbox 1695 651 1943 707; x_wconf 87' lang='lat' dir='ltr'>salvabit</span> 
     </span>
    </p>
   </div>
   <div class='ocr_carea' id='block_1_7' title="bbox 289 739 1938 812">
    <p class='ocr_par' dir='ltr' id='par_1_7' title="bbox 289 739 1938 812">
     <span class='ocr_line' id='line_1_7' title="bbox 289 739 1938 812; baseline -0.001 -15"><span class='ocrx_word' id='word_1_41' title='bbox 289 741 464 797; x_wconf 89' lang='lat' dir='ltr'>etiam</span> <span class='ocrx_word' id='word_1_42' title='bbox 489 741 548 796; x_wconf 91' lang='lat' dir='ltr'>in</span> <span class='ocrx_word' id='word_1_43' title='bbox 574 741 769 796; x_wconf 83' lang='lat' dir='ltr'>futuro</span> <span class='ocrx_word' id='word_1_44' title='bbox 794 756 807 795; x_wconf 93' lang='lat'>:</span> <span class='ocrx_word' id='word_1_45' title='bbox 832 744 890 796; x_wconf 87' lang='lat' dir='ltr'>et</span> <span class='ocrx_word' id='word_1_46' title='bbox 910 739 1145 812; x_wconf 89' lang='lat' dir='ltr'>justitia</span> <span class='ocrx_word' id='word_1_47' title='bbox 1166 740 1316 812; x_wconf 88' lang='lat' dir='ltr'>ejus,</span> <span class='ocrx_word' id='word_1_48' title='bbox 1340 740 1394 794; x_wconf 90' lang='lat' dir='ltr'><strong>id</strong></span> <span class='ocrx_word' id='word_1_49' title='bbox 1423 744 1530 806; x_wconf 91' lang='lat' dir='ltr'>est,</span> <span class='ocrx_word' id='word_1_50' title='bbox 1554 740 1734 796; x_wconf 82' lang='lat' dir='ltr'>Filius</span> <span class='ocrx_word' id='word_1_51' title='bbox 1756 740 1938 805; x_wconf 88' lang='lat' dir='ltr'>illius,</span> 
     </span>
    </p>
   </div>
   <div class='ocr_carea' id='block_1_8' title="bbox 290 828 1937 903">
    <p class='ocr_par' dir='ltr' id='par_1_8' title="bbox 290 828 1937 903">
     <span class='ocr_line' id='line_1_8' title="bbox 290 828 1937 903; baseline -0.001 -18"><span class='ocrx_word' id='word_1_52' title='bbox 290 830 389 903; x_wconf 87' lang='lat' dir='ltr'>qui</span> <span class='ocrx_word' id='word_1_53' title='bbox 414 830 704 902; x_wconf 88' lang='lat' dir='ltr'>justiﬁcat</span> <span class='ocrx_word' id='word_1_54' title='bbox 733 846 936 885; x_wconf 87' lang='lat' dir='ltr'>omnes</span> <span class='ocrx_word' id='word_1_55' title='bbox 967 828 1201 897; x_wconf 85' lang='lat' dir='ltr'>electos,</span> <span class='ocrx_word' id='word_1_56' title='bbox 1226 828 1349 901; x_wconf 91' lang='lat' dir='ltr'>ipse</span> <span class='ocrx_word' id='word_1_57' title='bbox 1380 829 1751 884; x_wconf 89' lang='lat' dir='ltr'>conﬁrmabit</span> <span class='ocrx_word' id='word_1_58' title='bbox 1780 847 1937 898; x_wconf 89' lang='lat' dir='ltr'>eum,</span> 
     </span>
    </p>
   </div>
   <div class='ocr_carea' id='block_1_9' title="bbox 288 916 1940 989">
    <p class='ocr_par' dir='ltr' id='par_1_9' title="bbox 288 916 1940 989">
     <span class='ocr_line' id='line_1_9' title="bbox 288 916 1940 989; baseline -0.001 -14"><span class='ocrx_word' id='word_1_59' title='bbox 288 919 398 976; x_wconf 88' lang='lat' dir='ltr'>hoc</span> <span class='ocrx_word' id='word_1_60' title='bbox 430 922 537 987; x_wconf 90' lang='lat' dir='ltr'>est,</span> <span class='ocrx_word' id='word_1_61' title='bbox 573 916 893 974; x_wconf 75' lang='lat' dir='ltr'>lzetiﬁcabit</span> <span class='ocrx_word' id='word_1_62' title='bbox 936 919 1007 973; x_wconf 89' lang='lat' dir='ltr'>de</span> <span class='ocrx_word' id='word_1_63' title='bbox 1047 916 1235 973; x_wconf 89' lang='lat' dir='ltr'>salute</span> <span class='ocrx_word' id='word_1_64' title='bbox 1271 918 1555 989; x_wconf 90' lang='lat' dir='ltr'>gentium.</span> <span class='ocrx_word' id='word_1_65' title='bbox 1577 917 1854 974; x_wconf 85' lang='lat' dir='ltr'>Dicamus</span> <span class='ocrx_word' id='word_1_66' title='bbox 1882 923 1940 974; x_wconf 92' lang='lat' dir='ltr'>et</span> 
     </span>
    </p>
   </div>
   <div class='ocr_carea' id='block_1_10' title="bbox 288 1005 1936 1079">
    <p class='ocr_par' dir='ltr' id='par_1_10' title="bbox 288 1005 1936 1079">
     <span class='ocr_line' id='line_1_10' title="bbox 288 1005 1936 1079; baseline -0.001 -15"><span class='ocrx_word' id='word_1_67' title='bbox 288 1008 462 1064; x_wconf 80' lang='lat' dir='ltr'>aliter</span> <span class='ocrx_word' id='word_1_68' title='bbox 482 1025 501 1063; x_wconf 71' lang='grc' dir='ltr'>ι</span> <span class='ocrx_word' id='word_1_69' title='bbox 523 1006 646 1064; x_wconf 89' lang='lat' dir='ltr'>Illis</span> <span class='ocrx_word' id='word_1_70' title='bbox 665 1006 1002 1063; x_wconf 82' lang='lat' dir='ltr'>nolentibus</span> <span class='ocrx_word' id='word_1_71' title='bbox 1022 1005 1275 1062; x_wconf 87' lang='lat' dir='ltr'>converti</span> <span class='ocrx_word' id='word_1_72' title='bbox 1306 1007 1375 1061; x_wconf 91' lang='lat' dir='ltr'>ad</span> <span class='ocrx_word' id='word_1_73' title='bbox 1409 1005 1811 1079; x_wconf 74' lang='lat' dir='ltr'>pmnitcntiam</span> <span class='ocrx_word' id='word_1_74' title='bbox 1842 1023 1936 1062; x_wconf 91' lang='lat' dir='ltr'>ve-</span> 
     </span>
    </p>
   </div>
   <div class='ocr_carea' id='block_1_11' title="bbox 288 1095 1939 1168">
    <p class='ocr_par' dir='ltr' id='par_1_11' title="bbox 288 1095 1939 1168">
     <span class='ocr_line' id='line_1_11' title="bbox 288 1095 1939 1168; baseline 0 -16"><span class='ocrx_word' id='word_1_75' title='bbox 288 1097 608 1165; x_wconf 90' lang='lat' dir='ltr'>ram,Deus</span> <span class='ocrx_word' id='word_1_76' title='bbox 639 1097 808 1152; x_wconf 90' lang='lat' dir='ltr'>Pater</span> <span class='ocrx_word' id='word_1_77' title='bbox 837 1095 1079 1151; x_wconf 87' lang='lat' dir='ltr'>salvavit</span> <span class='ocrx_word' id='word_1_78' title='bbox 1110 1095 1221 1150; x_wconf 86' lang='lat' dir='ltr'>sibi</span> <span class='ocrx_word' id='word_1_79' title='bbox 1242 1096 1543 1151; x_wconf 77' lang='lat' dir='ltr'>credentes</span> <span class='ocrx_word' id='word_1_80' title='bbox 1568 1113 1632 1151; x_wconf 87' lang='lat' dir='ltr'>ex</span> <span class='ocrx_word' id='word_1_81' title='bbox 1663 1096 1939 1168; x_wconf 86' lang='lat' dir='ltr'>gentibus</span> 
     </span>
    </p>
   </div>
   <div class='ocr_carea' id='block_1_12' title="bbox 286 1184 1938 1258">
    <p class='ocr_par' dir='ltr' id='par_1_12' title="bbox 286 1184 1938 1258">
     <span class='ocr_line' id='line_1_12' title="bbox 286 1184 1938 1258; baseline 0.001 -18"><span class='ocrx_word' id='word_1_82' title='bbox 286 1203 392 1258; x_wconf 90' lang='lat' dir='ltr'>per</span> <span class='ocrx_word' id='word_1_83' title='bbox 423 1185 633 1242; x_wconf 90' lang='lat' dir='ltr'>Filium</span> <span class='ocrx_word' id='word_1_84' title='bbox 666 1202 862 1253; x_wconf 89' lang='lat' dir='ltr'>suum,</span> <span class='ocrx_word' id='word_1_85' title='bbox 887 1189 944 1240; x_wconf 93' lang='lat' dir='ltr'>et</span> <span class='ocrx_word' id='word_1_86' title='bbox 965 1184 1201 1257; x_wconf 89' lang='lat' dir='ltr'>justitia</span> <span class='ocrx_word' id='word_1_87' title='bbox 1230 1184 1358 1256; x_wconf 88' lang='lat' dir='ltr'>ejus</span> <span class='ocrx_word' id='word_1_88' title='bbox 1387 1185 1506 1241; x_wconf 83' lang='lat' dir='ltr'>sive</span> <span class='ocrx_word' id='word_1_89' title='bbox 1538 1184 1938 1242; x_wconf 83' lang='lat' dir='ltr'>misericordia</span> 
     </span>
    </p>
   </div>
   <div class='ocr_carea' id='block_1_13' title="bbox 285 1274 1935 1349">
    <p class='ocr_par' dir='ltr' id='par_1_13' title="bbox 285 1274 1935 1349">
     <span class='ocr_line' id='line_1_13' title="bbox 285 1274 1935 1349; baseline 0.002 -21"><span class='ocrx_word' id='word_1_90' title='bbox 285 1279 377 1345; x_wconf 85' lang='lat' dir='ltr'>(ut</span> <span class='ocrx_word' id='word_1_91' title='bbox 398 1275 777 1349; x_wconf 89' lang='lat' dir='ltr'>Septuaginta</span> <span class='ocrx_word' id='word_1_92' title='bbox 799 1274 1243 1342; x_wconf 79' lang='lat' dir='ltr'>transtulerunt)</span> <span class='ocrx_word' id='word_1_93' title='bbox 1262 1274 1391 1346; x_wconf 90' lang='lat' dir='ltr'>ipsa</span> <span class='ocrx_word' id='word_1_94' title='bbox 1411 1274 1782 1332; x_wconf 88' lang='lat' dir='ltr'>conﬁrmabit</span> <span class='ocrx_word' id='word_1_95' title='bbox 1801 1294 1935 1332; x_wconf 92' lang='lat' dir='ltr'>eum</span> 
     </span>
    </p>
   </div>
   <div class='ocr_carea' id='block_1_14' title="bbox 286 1363 1937 1436">
    <p class='ocr_par' dir='ltr' id='par_1_14' title="bbox 286 1363 1937 1436">
     <span class='ocr_line' id='line_1_14' title="bbox 286 1363 1937 1436; baseline 0.003 -18"><span class='ocrx_word' id='word_1_96' title='bbox 286 1364 389 1436; x_wconf 89' lang='lat' dir='ltr'>qui</span> <span class='ocrx_word' id='word_1_97' title='bbox 422 1363 670 1418; x_wconf 86' lang='lat' dir='ltr'>voluerit</span> <span class='ocrx_word' id='word_1_98' title='bbox 699 1365 772 1419; x_wconf 90' lang='lat' dir='ltr'>ab</span> <span class='ocrx_word' id='word_1_99' title='bbox 803 1380 998 1419; x_wconf 85' lang='lat' dir='ltr'>errore</span> <span class='ocrx_word' id='word_1_100' title='bbox 1020 1364 1299 1430; x_wconf 80' lang='lat' dir='ltr'>converti,</span> <span class='ocrx_word' id='word_1_101' title='bbox 1323 1368 1386 1419; x_wconf 92' lang='lat' dir='ltr'>ut</span> <span class='ocrx_word' id='word_1_102' title='bbox 1416 1381 1529 1419; x_wconf 91' lang='lat' dir='ltr'>non</span> <span class='ocrx_word' id='word_1_103' title='bbox 1562 1366 1686 1421; x_wconf 87' lang='lat' dir='ltr'>suis</span> <span class='ocrx_word' id='word_1_104' title='bbox 1714 1368 1937 1424; x_wconf 88' lang='lat' dir='ltr'>meritis</span> 
     </span>
    </p>
   </div>
   <div class='ocr_carea' id='block_1_15' title="bbox 286 1450 1933 1524">
    <p class='ocr_par' dir='ltr' id='par_1_15' title="bbox 286 1450 1933 1524">
     <span class='ocr_line' id='line_1_15' title="bbox 286 1450 1933 1524; baseline 0.002 -17"><span class='ocrx_word' id='word_1_105' title='bbox 286 1453 387 1507; x_wconf 86' lang='lat' dir='ltr'>sed</span> <span class='ocrx_word' id='word_1_106' title='bbox 421 1451 582 1508; x_wconf 88' lang='lat' dir='ltr'>illius</span> <span class='ocrx_word' id='word_1_107' title='bbox 614 1452 1015 1508; x_wconf 89' lang='lat' dir='ltr'>misericordia</span> <span class='ocrx_word' id='word_1_108' title='bbox 1061 1450 1335 1507; x_wconf 88' lang='lat' dir='ltr'>salvetur.</span> <span class='ocrx_word' id='word_1_109' title='bbox 1369 1453 1609 1509; x_wconf 86' lang='lat' dir='ltr'>Justitia</span> <span class='ocrx_word' id='word_1_110' title='bbox 1637 1455 1793 1511; x_wconf 91' lang='lat' dir='ltr'>enim</span> <span class='ocrx_word' id='word_1_111' title='bbox 1827 1461 1933 1524; x_wconf 88' lang='lat' dir='ltr'>est,</span> 
     </span>
    </p>
   </div>
   <div class='ocr_carea' id='block_1_16' title="bbox 287 1542 1937 1614">
    <p class='ocr_par' dir='ltr' id='par_1_16' title="bbox 287 1542 1937 1614">
     <span class='ocr_line' id='line_1_16' title="bbox 287 1542 1937 1614; baseline 0.004 -19"><span class='ocrx_word' id='word_1_112' title='bbox 287 1546 353 1595; x_wconf 89' lang='lat' dir='ltr'>ut</span> <span class='ocrx_word' id='word_1_113' title='bbox 383 1542 622 1597; x_wconf 79' lang='lat' dir='ltr'>Greater</span> <span class='ocrx_word' id='word_1_114' title='bbox 667 1546 943 1596; x_wconf 68' lang='lat' dir='ltr'>creatura:</span> <span class='ocrx_word' id='word_1_115' title='bbox 976 1559 1094 1596; x_wconf 73' lang='lat' dir='ltr'>sua:</span> <span class='ocrx_word' id='word_1_116' title='bbox 1126 1545 1345 1614; x_wconf 84' lang='lat' dir='ltr'>parcat,</span> <span class='ocrx_word' id='word_1_117' title='bbox 1378 1558 1505 1614; x_wconf 66' lang='lat' dir='ltr'>qua:</span> <span class='ocrx_word' id='word_1_118' title='bbox 1537 1544 1661 1599; x_wconf 87' lang='lat' dir='ltr'>suis</span> <span class='ocrx_word' id='word_1_119' title='bbox 1710 1545 1937 1603; x_wconf 90' lang='lat' dir='ltr'>meritis</span> 
     </span>
    </p>
   </div>
   <div class='ocr_carea' id='block_1_17' title="bbox 288 1628 921 1703">
    <p class='ocr_par' dir='ltr' id='par_1_17' title="bbox 288 1628 921 1703">
     <span class='ocr_line' id='line_1_17' title="bbox 288 1628 921 1703; baseline 0 -18"><span class='ocrx_word' id='word_1_120' title='bbox 288 1647 406 1685; x_wconf 91' lang='lat' dir='ltr'>non</span> <span class='ocrx_word' id='word_1_121' title='bbox 438 1634 663 1703; x_wconf 87' lang='lat' dir='ltr'>poterat</span> <span class='ocrx_word' id='word_1_122' title='bbox 692 1628 921 1685; x_wconf 89' lang='lat' dir='ltr'>salvari.</span> 
     </span>
    </p>
   </div>
   <div class='ocr_carea' id='block_1_18' title="bbox 359 1717 1940 1793">
    <p class='ocr_par' dir='ltr' id='par_1_18' title="bbox 359 1717 1940 1793">
     <span class='ocr_line' id='line_1_18' title="bbox 359 1717 1940 1793; baseline 0.006 -23"><span class='ocrx_word' id='word_1_123' title='bbox 359 1743 386 1769; x_wconf 84' lang='grc'>‹‹</span> <span class='ocrx_word' id='word_1_124' title='bbox 423 1720 671 1775; x_wconf 87' lang='lat' dir='ltr'>Indutus</span> <span class='ocrx_word' id='word_1_125' title='bbox 701 1723 791 1775; x_wconf 90' lang='lat' dir='ltr'>est</span> <span class='ocrx_word' id='word_1_126' title='bbox 811 1718 1047 1790; x_wconf 89' lang='lat' dir='ltr'>justitia</span> <span class='ocrx_word' id='word_1_127' title='bbox 1076 1722 1139 1773; x_wconf 91' lang='lat' dir='ltr'>ut</span> <span class='ocrx_word' id='word_1_128' title='bbox 1167 1717 1366 1787; x_wconf 89' lang='lat' dir='ltr'>lorica,</span> <span class='ocrx_word' id='word_1_129' title='bbox 1390 1724 1447 1775; x_wconf 90' lang='lat' dir='ltr'>et</span> <span class='ocrx_word' id='word_1_130' title='bbox 1473 1721 1697 1793; x_wconf 78' lang='lat' dir='ltr'>galeam</span> <span class='ocrx_word' id='word_1_131' title='bbox 1729 1723 1940 1781; x_wconf 86' lang='lat' dir='ltr'>habuit</span> 
     </span>
    </p>
   </div>
   <div class='ocr_carea' id='block_1_19' title="bbox 285 1807 2016 1913">
    <p class='ocr_par' dir='ltr' id='par_1_19' title="bbox 285 1807 2016 1913">
     <span class='ocr_line' id='line_1_19' title="bbox 285 1807 2016 1913; baseline 0.004 -50"><span class='ocrx_word' id='word_1_132' title='bbox 285 1808 348 1863; x_wconf 90' lang='lat' dir='ltr'>in</span> <span class='ocrx_word' id='word_1_133' title='bbox 379 1809 589 1881; x_wconf 90' lang='lat' dir='ltr'>capite,</span> <span class='ocrx_word' id='word_1_134' title='bbox 618 1831 644 1858; x_wconf 92' lang='lat'>»</span> <span class='ocrx_word' id='word_1_135' title='bbox 667 1809 900 1881; x_wconf 87' lang='lat' dir='ltr'>quando</span> <span class='ocrx_word' id='word_1_136' title='bbox 927 1807 1141 1864; x_wconf 90' lang='lat' dir='ltr'>electos</span> <span class='ocrx_word' id='word_1_137' title='bbox 1172 1826 1310 1864; x_wconf 90' lang='lat' dir='ltr'>suos</span> <span class='ocrx_word' id='word_1_138' title='bbox 1354 1809 1412 1864; x_wconf 90' lang='lat' dir='ltr'>in</span> <span class='ocrx_word' id='word_1_139' title='bbox 1461 1826 1522 1866; x_wconf 90' lang='lat' dir='ltr'>se</span> <span class='ocrx_word' id='word_1_140' title='bbox 1570 1812 1871 1870; x_wconf 85' lang='lat' dir='ltr'>credentes</span> <span class='ocrx_word' id='word_1_141' title='bbox 1905 1832 1939 1870; x_wconf 89' lang='lat' dir='ltr'>a</span> <span class='ocrx_word' id='word_1_142' title='bbox 1967 1848 2016 1913; x_wconf 77' lang='grc' dir='ltr'>Β</span> 
     </span>
    </p>
   </div>
   <div class='ocr_carea' id='block_1_20' title="bbox 284 1897 1934 1974">
    <p class='ocr_par' dir='ltr' id='par_1_20' title="bbox 284 1897 1934 1974">
     <span class='ocr_line' id='line_1_20' title="bbox 284 1897 1934 1974; baseline 0.005 -22"><span class='ocrx_word' id='word_1_143' title='bbox 284 1897 691 1970; x_wconf 84' lang='lat' dir='ltr'>persecutione</span> <span class='ocrx_word' id='word_1_144' title='bbox 712 1897 1049 1970; x_wconf 90' lang='lat' dir='ltr'>iniquorum</span> <span class='ocrx_word' id='word_1_145' title='bbox 1068 1897 1354 1967; x_wconf 78' lang='lat' dir='ltr'>liberavit,</span> <span class='ocrx_word' id='word_1_146' title='bbox 1371 1902 1688 1973; x_wconf 90' lang='lat' dir='ltr'>pugnando</span> <span class='ocrx_word' id='word_1_147' title='bbox 1709 1919 1813 1974; x_wconf 91' lang='lat' dir='ltr'>pro</span> <span class='ocrx_word' id='word_1_148' title='bbox 1829 1904 1934 1973; x_wconf 90' lang='lat' dir='ltr'>eis,</span> 
     </span>
    </p>
   </div>
   <div class='ocr_carea' id='block_1_21' title="bbox 283 1986 1932 2048">
    <p class='ocr_par' dir='ltr' id='par_1_21' title="bbox 283 1986 1932 2048">
     <span class='ocr_line' id='line_1_21' title="bbox 283 1986 1932 2048; baseline 0.003 -5"><span class='ocrx_word' id='word_1_149' title='bbox 283 1992 345 2044; x_wconf 88' lang='lat' dir='ltr'>et</span> <span class='ocrx_word' id='word_1_150' title='bbox 373 1986 833 2042; x_wconf 88' lang='lat' dir='ltr'>misericordiam</span> <span class='ocrx_word' id='word_1_151' title='bbox 857 2002 1024 2041; x_wconf 89' lang='lat' dir='ltr'>suam</span> <span class='ocrx_word' id='word_1_152' title='bbox 1048 1986 1203 2042; x_wconf 89' lang='lat' dir='ltr'>circa</span> <span class='ocrx_word' id='word_1_153' title='bbox 1225 1986 1355 2043; x_wconf 89' lang='lat' dir='ltr'>illos</span> <span class='ocrx_word' id='word_1_154' title='bbox 1381 1988 1697 2045; x_wconf 88' lang='lat' dir='ltr'>fundendo.</span> <span class='ocrx_word' id='word_1_155' title='bbox 1719 1991 1932 2048; x_wconf 87' lang='lat' dir='ltr'>Aliter:</span> 
     </span>
    </p>
   </div>
   <div class='ocr_carea' id='block_1_22' title="bbox 282 2075 1939 2154">
    <p class='ocr_par' dir='ltr' id='par_1_22' title="bbox 282 2075 1939 2154">
     <span class='ocr_line' id='line_1_22' title="bbox 282 2075 1939 2154; baseline 0.002 -22"><span class='ocrx_word' id='word_1_156' title='bbox 282 2076 465 2132; x_wconf 86' lang='lat' dir='ltr'>Juxta</span> <span class='ocrx_word' id='word_1_157' title='bbox 491 2075 809 2131; x_wconf 86' lang='lat' dir='ltr'>vindictam</span> <span class='ocrx_word' id='word_1_158' title='bbox 842 2092 1021 2148; x_wconf 88' lang='lat' dir='ltr'>quam</span> <span class='ocrx_word' id='word_1_159' title='bbox 1050 2092 1155 2149; x_wconf 91' lang='lat' dir='ltr'>per</span> <span class='ocrx_word' id='word_1_160' title='bbox 1200 2076 1493 2132; x_wconf 84' lang='lat' dir='ltr'>Romanos</span> <span class='ocrx_word' id='word_1_161' title='bbox 1523 2078 1731 2134; x_wconf 75' lang='lat' dir='ltr'>effudit</span> <span class='ocrx_word' id='word_1_162' title='bbox 1762 2098 1939 2154; x_wconf 88' lang='lat' dir='ltr'>super</span> 
     </span>
    </p>
   </div>
   <div class='ocr_carea' id='block_1_23' title="bbox 281 2164 1939 2241">
    <p class='ocr_par' dir='ltr' id='par_1_23' title="bbox 281 2164 1939 2241">
     <span class='ocr_line' id='line_1_23' title="bbox 281 2164 1939 2241; baseline 0.003 -20"><span class='ocrx_word' id='word_1_163' title='bbox 281 2164 543 2233; x_wconf 79' lang='lat' dir='ltr'>Judzeos,</span> <span class='ocrx_word' id='word_1_164' title='bbox 560 2164 660 2236; x_wconf 91' lang='lat' dir='ltr'>qui</span> <span class='ocrx_word' id='word_1_165' title='bbox 692 2164 775 2220; x_wconf 90' lang='lat' dir='ltr'>ita</span> <span class='ocrx_word' id='word_1_166' title='bbox 793 2168 1077 2220; x_wconf 90' lang='lat' dir='ltr'>venerunt</span> <span class='ocrx_word' id='word_1_167' title='bbox 1102 2164 1308 2236; x_wconf 87' lang='lat' dir='ltr'>parati,</span> <span class='ocrx_word' id='word_1_168' title='bbox 1335 2166 1663 2239; x_wconf 87' lang='lat' dir='ltr'>appellatur</span> <span class='ocrx_word' id='word_1_169' title='bbox 1686 2168 1855 2241; x_wconf 84' lang='lat' dir='ltr'>galea</span> <span class='ocrx_word' id='word_1_170' title='bbox 1883 2175 1939 2226; x_wconf 90' lang='lat' dir='ltr'>et</span> 
     </span>
    </p>
   </div>
   <div class='ocr_carea' id='block_1_24' title="bbox 282 2252 1936 2326">
    <p class='ocr_par' dir='ltr' id='par_1_24' title="bbox 282 2252 1936 2326">
     <span class='ocr_line' id='line_1_24' title="bbox 282 2252 1936 2326; baseline 0.004 -17"><span class='ocrx_word' id='word_1_171' title='bbox 282 2252 513 2309; x_wconf 87' lang='lat' dir='ltr'>lorica:</span> <span class='ocrx_word' id='word_1_172' title='bbox 549 2252 687 2326; x_wconf 89' lang='lat' dir='ltr'>quia</span> <span class='ocrx_word' id='word_1_173' title='bbox 715 2253 839 2326; x_wconf 90' lang='lat' dir='ltr'>ipse</span> <span class='ocrx_word' id='word_1_174' title='bbox 886 2252 947 2308; x_wconf 91' lang='lat' dir='ltr'>in</span> <span class='ocrx_word' id='word_1_175' title='bbox 996 2253 1142 2326; x_wconf 88' lang='lat' dir='ltr'>ipsis</span> <span class='ocrx_word' id='word_1_176' title='bbox 1189 2254 1347 2309; x_wconf 81' lang='lat' dir='ltr'>venit</span> <span class='ocrx_word' id='word_1_177' title='bbox 1387 2254 1706 2312; x_wconf 89' lang='lat' dir='ltr'>vindictam</span> <span class='ocrx_word' id='word_1_178' title='bbox 1766 2275 1936 2314; x_wconf 90' lang='lat' dir='ltr'>suam</span> 
     </span>
    </p>
   </div>
   <div class='ocr_carea' id='block_1_25' title="bbox 283 2341 1940 2413">
    <p class='ocr_par' dir='ltr' id='par_1_25' title="bbox 283 2341 1940 2413">
     <span class='ocr_line' id='line_1_25' title="bbox 283 2341 1940 2413; baseline -0.003 -14"><span class='ocrx_word' id='word_1_179' title='bbox 283 2358 562 2399; x_wconf 85' lang='lat' dir='ltr'>exercens</span> <span class='ocrx_word' id='word_1_180' title='bbox 590 2359 658 2398; x_wconf 84' lang='lat' dir='ltr'>ex</span> <span class='ocrx_word' id='word_1_181' title='bbox 682 2341 904 2398; x_wconf 70' lang='lat' dir='ltr'>Judaais</span> <span class='ocrx_word' id='word_1_182' title='bbox 948 2359 1050 2413; x_wconf 88' lang='lat' dir='ltr'>per</span> <span class='ocrx_word' id='word_1_183' title='bbox 1087 2359 1300 2398; x_wconf 88' lang='lat' dir='ltr'>manus</span> <span class='ocrx_word' id='word_1_184' title='bbox 1332 2343 1751 2400; x_wconf 87' lang='lat' dir='ltr'>Romanorum.</span> <span class='ocrx_word' id='word_1_185' title='bbox 1777 2371 1805 2397; x_wconf 87' lang='grc'>‹‹</span> <span class='ocrx_word' id='word_1_186' title='bbox 1840 2349 1940 2403; x_wconf 67' lang='lat' dir='ltr'>In.</span> 
     </span>
    </p>
   </div>
   <div class='ocr_carea' id='block_1_26' title="bbox 284 2430 1933 2505">
    <p class='ocr_par' dir='ltr' id='par_1_26' title="bbox 284 2430 1933 2505">
     <span class='ocr_line' id='line_1_26' title="bbox 284 2430 1933 2505; baseline 0.004 -20"><span class='ocrx_word' id='word_1_187' title='bbox 284 2431 469 2486; x_wconf 90' lang='lat' dir='ltr'>dutus</span> <span class='ocrx_word' id='word_1_188' title='bbox 495 2434 586 2486; x_wconf 89' lang='lat' dir='ltr'>est</span> <span class='ocrx_word' id='word_1_189' title='bbox 604 2431 972 2487; x_wconf 86' lang='lat' dir='ltr'>vestimentis</span> <span class='ocrx_word' id='word_1_190' title='bbox 1003 2430 1302 2499; x_wconf 85' lang='lat' dir='ltr'>ultionis,»</span> <span class='ocrx_word' id='word_1_191' title='bbox 1327 2432 1611 2489; x_wconf 85' lang='lat' dir='ltr'>subaudis</span> <span class='ocrx_word' id='word_1_192' title='bbox 1632 2434 1787 2490; x_wconf 91' lang='lat' dir='ltr'>sicut</span> <span class='ocrx_word' id='word_1_193' title='bbox 1817 2454 1933 2505; x_wconf 85' lang='lat' dir='ltr'>rex,</span> 
     </span>
    </p>
   </div>
   <div class='ocr_carea' id='block_1_27' title="bbox 282 2518 1936 2597">
    <p class='ocr_par' dir='ltr' id='par_1_27' title="bbox 282 2518 1936 2597">
     <span class='ocr_line' id='line_1_27' title="bbox 282 2518 1936 2597; baseline 0.004 -22"><span class='ocrx_word' id='word_1_194' title='bbox 282 2524 343 2575; x_wconf 87' lang='lat' dir='ltr'>et</span> <span class='ocrx_word' id='word_1_195' title='bbox 370 2519 498 2575; x_wconf 85' lang='lat' dir='ltr'>suis</span> <span class='ocrx_word' id='word_1_196' title='bbox 542 2518 830 2574; x_wconf 89' lang='lat' dir='ltr'>militibus</span> <span class='ocrx_word' id='word_1_197' title='bbox 861 2518 1162 2589; x_wconf 84' lang='lat' dir='ltr'>Romanis,</span> <span class='ocrx_word' id='word_1_198' title='bbox 1189 2543 1216 2569; x_wconf 89' lang='grc'><em>‹‹</em></span> <span class='ocrx_word' id='word_1_199' title='bbox 1251 2524 1306 2575; x_wconf 90' lang='lat' dir='ltr'>et</span> <span class='ocrx_word' id='word_1_200' title='bbox 1338 2525 1576 2593; x_wconf 90' lang='lat' dir='ltr'>opertus</span> <span class='ocrx_word' id='word_1_201' title='bbox 1626 2527 1717 2579; x_wconf 90' lang='lat' dir='ltr'>est</span> <span class='ocrx_word' id='word_1_202' title='bbox 1767 2526 1936 2597; x_wconf 90' lang='lat' dir='ltr'>quasi</span> 
     </span>
    </p>
   </div>
   <div class='ocr_carea' id='block_1_28' title="bbox 283 2606 1189 2681">
    <p class='ocr_par' dir='ltr' id='par_1_28' title="bbox 283 2606 1189 2681">
     <span class='ocr_line' id='line_1_28' title="bbox 283 2606 1189 2681; baseline -0.001 -18"><span class='ocrx_word' id='word_1_203' title='bbox 283 2607 464 2681; x_wconf 87' lang='lat' dir='ltr'>pallio</span> <span class='ocrx_word' id='word_1_204' title='bbox 495 2606 624 2674; x_wconf 87' lang='lat' dir='ltr'>zeli,</span> <span class='ocrx_word' id='word_1_205' title='bbox 650 2630 678 2657; x_wconf 83' lang='lat'>»</span> <span class='ocrx_word' id='word_1_206' title='bbox 713 2607 769 2663; x_wconf 90' lang='lat' dir='ltr'>id</span> <span class='ocrx_word' id='word_1_207' title='bbox 802 2612 891 2663; x_wconf 91' lang='lat' dir='ltr'>est</span> <span class='ocrx_word' id='word_1_208' title='bbox 926 2607 1189 2663; x_wconf 87' lang='lat' dir='ltr'>ultionis.</span> 
     </span>
    </p>
   </div>
   <div class='ocr_carea' id='block_1_29' title="bbox 359 2695 1936 2774">
    <p class='ocr_par' dir='ltr' id='par_1_29' title="bbox 359 2695 1936 2774">
     <span class='ocr_line' id='line_1_29' title="bbox 359 2695 1936 2774; baseline 0.004 -24"><span class='ocrx_word' id='word_1_209' title='bbox 359 2720 385 2745; x_wconf 75' lang='grc' dir='ltr'>ι(</span> <span class='ocrx_word' id='word_1_210' title='bbox 412 2696 576 2752; x_wconf 84' lang='lat' dir='ltr'>Sicut</span> <span class='ocrx_word' id='word_1_211' title='bbox 596 2696 666 2750; x_wconf 87' lang='lat' dir='ltr'>ad</span> <span class='ocrx_word' id='word_1_212' title='bbox 688 2695 1064 2760; x_wconf 79' lang='lat' dir='ltr'>vindictam,»</span> <span class='ocrx_word' id='word_1_213' title='bbox 1091 2696 1377 2753; x_wconf 88' lang='lat' dir='ltr'>subaudis</span> <span class='ocrx_word' id='word_1_214' title='bbox 1397 2698 1642 2770; x_wconf 88' lang='lat' dir='ltr'>quilibet</span> <span class='ocrx_word' id='word_1_215' title='bbox 1663 2718 1760 2756; x_wconf 79' lang='lat' dir='ltr'>rex</span> <span class='ocrx_word' id='word_1_216' title='bbox 1787 2719 1936 2774; x_wconf 77' lang='lat' dir='ltr'>prm-</span> 
     </span>
    </p>
   </div>
   <div class='ocr_carea' id='block_1_30' title="bbox 282 2784 1935 2861">
    <p class='ocr_par' dir='ltr' id='par_1_30' title="bbox 282 2784 1935 2861">
     <span class='ocr_line' id='line_1_30' title="bbox 282 2784 1935 2861; baseline 0.004 -22"><span class='ocrx_word' id='word_1_217' title='bbox 282 2788 547 2857; x_wconf 87' lang='lat' dir='ltr'>paratur,</span> <span class='ocrx_word' id='word_1_218' title='bbox 567 2784 651 2840; x_wconf 91' lang='lat' dir='ltr'>ita</span> <span class='ocrx_word' id='word_1_219' title='bbox 672 2788 760 2840; x_wconf 90' lang='lat' dir='ltr'>est</span> <span class='ocrx_word' id='word_1_220' title='bbox 780 2784 876 2841; x_wconf 89' lang='lat' dir='ltr'>ille</span> <span class='ocrx_word' id='word_1_221' title='bbox 905 2784 1150 2841; x_wconf 90' lang='lat' dir='ltr'>indutus</span> <span class='ocrx_word' id='word_1_222' title='bbox 1173 2785 1297 2841; x_wconf 89' lang='lat' dir='ltr'>suis</span> <span class='ocrx_word' id='word_1_223' title='bbox 1321 2786 1560 2859; x_wconf 90' lang='lat' dir='ltr'>armis,»</span> <span class='ocrx_word' id='word_1_224' title='bbox 1586 2793 1641 2843; x_wconf 89' lang='lat' dir='ltr'>et</span> <span class='ocrx_word' id='word_1_225' title='bbox 1665 2790 1831 2861; x_wconf 90' lang='lat' dir='ltr'>quasi</span> <span class='ocrx_word' id='word_1_226' title='bbox 1864 2791 1935 2846; x_wconf 85' lang='lat' dir='ltr'>ad</span> 
     </span>
    </p>
   </div>
   <div class='ocr_carea' id='block_1_31' title="bbox 282 2873 1937 2945">
    <p class='ocr_par' dir='ltr' id='par_1_31' title="bbox 282 2873 1937 2945">
     <span class='ocr_line' id='line_1_31' title="bbox 282 2873 1937 2945; baseline 0.004 -16"><span class='ocrx_word' id='word_1_227' title='bbox 282 2873 730 2929; x_wconf 87' lang='lat' dir='ltr'>retributionem</span> <span class='ocrx_word' id='word_1_228' title='bbox 762 2873 1188 2945; x_wconf 84' lang='lat' dir='ltr'>indignationis</span> <span class='ocrx_word' id='word_1_229' title='bbox 1218 2874 1488 2931; x_wconf 88' lang='lat' dir='ltr'>hostibus</span> <span class='ocrx_word' id='word_1_230' title='bbox 1514 2876 1696 2944; x_wconf 83' lang='lat' dir='ltr'>suis,»</span> <span class='ocrx_word' id='word_1_231' title='bbox 1721 2879 1937 2935; x_wconf 91' lang='lat' dir='ltr'>subau-</span> 
     </span>
    </p>
   </div>
   <div class='ocr_carea' id='block_1_32' title="bbox 280 2962 1940 3038">
    <p class='ocr_par' dir='ltr' id='par_1_32' title="bbox 280 2962 1940 3038">
     <span class='ocr_line' id='line_1_32' title="bbox 280 2962 1940 3038; baseline 0.004 -21"><span class='ocrx_word' id='word_1_232' title='bbox 280 2963 377 3017; x_wconf 88' lang='lat' dir='ltr'>dis</span> <span class='ocrx_word' id='word_1_233' title='bbox 407 2962 648 3029; x_wconf 73' lang='lat' dir='ltr'>Judmis,</span> <span class='ocrx_word' id='word_1_234' title='bbox 673 2966 738 3018; x_wconf 90' lang='lat' dir='ltr'>ut</span> <span class='ocrx_word' id='word_1_235' title='bbox 768 2962 969 3035; x_wconf 83' lang='lat' dir='ltr'>qualia</span> <span class='ocrx_word' id='word_1_236' title='bbox 1000 2963 1282 3027; x_wconf 86' lang='lat' dir='ltr'>fecerunt,</span> <span class='ocrx_word' id='word_1_237' title='bbox 1304 2964 1446 3020; x_wconf 89' lang='lat' dir='ltr'>talia</span> <span class='ocrx_word' id='word_1_238' title='bbox 1477 2965 1855 3038; x_wconf 80' lang='lat' dir='ltr'>reciperent.«</span> <span class='ocrx_word' id='word_1_239' title='bbox 1882 2973 1940 3024; x_wconf 91' lang='lat' dir='ltr'>et</span> 
     </span>
    </p>
   </div>
   <div class='ocr_carea' id='block_1_33' title="bbox 279 3050 1938 3121">
    <p class='ocr_par' dir='ltr' id='par_1_33' title="bbox 279 3050 1938 3121">
     <span class='ocr_line' id='line_1_33' title="bbox 279 3050 1938 3121; baseline 0.005 -17"><span class='ocrx_word' id='word_1_240' title='bbox 279 3050 750 3107; x_wconf 78' lang='lat' dir='ltr'>vicissitudinem</span> <span class='ocrx_word' id='word_1_241' title='bbox 781 3051 1040 3107; x_wconf 90' lang='lat' dir='ltr'>inimicis</span> <span class='ocrx_word' id='word_1_242' title='bbox 1071 3052 1216 3121; x_wconf 88' lang='lat' dir='ltr'>suis,</span> <span class='ocrx_word' id='word_1_243' title='bbox 1237 3075 1265 3102; x_wconf 93' lang='lat'>»</span> <span class='ocrx_word' id='word_1_244' title='bbox 1290 3053 1594 3121; x_wconf 90' lang='lat' dir='ltr'>subaudis,</span> <span class='ocrx_word' id='word_1_245' title='bbox 1617 3055 1775 3111; x_wconf 89' lang='lat' dir='ltr'>venit</span> <span class='ocrx_word' id='word_1_246' title='bbox 1803 3058 1938 3112; x_wconf 89' lang='lat' dir='ltr'>red-</span> 
     </span>
    </p>
   </div>
   <div class='ocr_carea' id='block_1_34' title="bbox 281 3139 1938 3218">
    <p class='ocr_par' dir='ltr' id='par_1_34' title="bbox 281 3139 1938 3218">
     <span class='ocr_line' id='line_1_34' title="bbox 281 3139 1938 3218; baseline 0.003 -23"><span class='ocrx_word' id='word_1_247' title='bbox 281 3140 439 3195; x_wconf 88' lang='lat' dir='ltr'>dere.</span> <span class='ocrx_word' id='word_1_248' title='bbox 456 3139 807 3196; x_wconf 88' lang='lat' dir='ltr'>Occiderunt</span> <span class='ocrx_word' id='word_1_249' title='bbox 826 3140 1140 3213; x_wconf 89' lang='lat' dir='ltr'>prophetas</span> <span class='ocrx_word' id='word_1_250' title='bbox 1159 3141 1259 3213; x_wconf 89' lang='lat' dir='ltr'>qui</span> <span class='ocrx_word' id='word_1_251' title='bbox 1283 3142 1594 3198; x_wconf 87' lang='lat' dir='ltr'>adventum</span> <span class='ocrx_word' id='word_1_252' title='bbox 1618 3143 1777 3199; x_wconf 62' lang='lat' dir='ltr'>illius</span> <span class='ocrx_word' id='word_1_253' title='bbox 1800 3162 1938 3218; x_wconf 70' lang='lat' dir='ltr'>prae-</span> 
     </span>
    </p>
   </div>
   <div class='ocr_carea' id='block_1_35' title="bbox 2049 565 3694 640">
    <p class='ocr_par' dir='ltr' id='par_1_35' title="bbox 2049 565 3694 640">
     <span class='ocr_line' id='line_1_35' title="bbox 2049 565 3694 640; baseline 0.01 -22"><span class='ocrx_word' id='word_1_254' title='bbox 2049 566 2177 632; x_wconf 85' lang='lat' dir='ltr'>tris,</span> <span class='ocrx_word' id='word_1_255' title='bbox 2196 566 2280 621; x_wconf 91' lang='lat' dir='ltr'>vel</span> <span class='ocrx_word' id='word_1_256' title='bbox 2305 565 2548 639; x_wconf 81' lang='lat' dir='ltr'>gloriam</span> <span class='ocrx_word' id='word_1_257' title='bbox 2583 568 2704 625; x_wconf 83' lang='lat' dir='ltr'>sive</span> <span class='ocrx_word' id='word_1_258' title='bbox 2726 569 2937 625; x_wconf 86' lang='lat' dir='ltr'>Filium</span> <span class='ocrx_word' id='word_1_259' title='bbox 2960 570 3140 640; x_wconf 91' lang='lat' dir='ltr'>illius,</span> <span class='ocrx_word' id='word_1_260' title='bbox 3166 573 3309 629; x_wconf 89' lang='lat' dir='ltr'>dicit</span> <span class='ocrx_word' id='word_1_261' title='bbox 3329 575 3614 634; x_wconf 90' lang='lat' dir='ltr'>Dominus</span> <span class='ocrx_word' id='word_1_262' title='bbox 3637 579 3694 634; x_wconf 91' lang='lat' dir='ltr'>in</span> 
     </span>
    </p>
   </div>
   <div class='ocr_carea' id='block_1_36' title="bbox 2048 654 3287 727">
    <p class='ocr_par' dir='ltr' id='par_1_36' title="bbox 2048 654 3287 727">
     <span class='ocr_line' id='line_1_36' title="bbox 2048 654 3287 727; baseline 0.005 -19"><span class='ocrx_word' id='word_1_263' title='bbox 2048 654 2357 727; x_wconf 81' lang='lat' dir='ltr'>Evangelio</span> <span class='ocrx_word' id='word_1_264' title='bbox 2391 673 2403 710; x_wconf 91' lang='lat'>:</span> <span class='ocrx_word' id='word_1_265' title='bbox 3286 676 3287 679; x_wconf 72' lang='lat'>‘</span> 
     </span>
    </p>
   </div>
   <div class='ocr_carea' id='block_1_37' title="bbox 2121 742 3693 820">
    <p class='ocr_par' dir='ltr' id='par_1_37' title="bbox 2121 742 3693 820">
     <span class='ocr_line' id='line_1_37' title="bbox 2121 742 3693 820; baseline 0.012 -28"><span class='ocrx_word' id='word_1_266' title='bbox 2121 765 2147 792; x_wconf 74' lang='grc' dir='ltr'><strong>ε(</strong></span> <span class='ocrx_word' id='word_1_267' title='bbox 2174 742 2338 798; x_wconf 89' lang='lat' dir='ltr'>Multi</span> <span class='ocrx_word' id='word_1_268' title='bbox 2371 745 2601 801; x_wconf 84' lang='lat' dir='ltr'>venient</span> <span class='ocrx_word' id='word_1_269' title='bbox 2630 746 2703 801; x_wconf 89' lang='lat' dir='ltr'>ab</span> <span class='ocrx_word' id='word_1_270' title='bbox 2734 747 2965 804; x_wconf 89' lang='lat' dir='ltr'>Oriente</span> <span class='ocrx_word' id='word_1_271' title='bbox 3010 753 3065 804; x_wconf 90' lang='lat' dir='ltr'>et</span> <span class='ocrx_word' id='word_1_272' title='bbox 3105 749 3477 820; x_wconf 85' lang='lat' dir='ltr'>Occidente,»</span> <span class='ocrx_word' id='word_1_273' title='bbox 3501 758 3558 809; x_wconf 89' lang='lat' dir='ltr'>et</span> <span class='ocrx_word' id='word_1_274' title='bbox 3587 773 3693 810; x_wconf 69' lang='lat' dir='ltr'>ca:-</span> 
     </span>
    </p>
   </div>
   <div class='ocr_carea' id='block_1_38' title="bbox 2047 833 3695 906">
    <p class='ocr_par' dir='ltr' id='par_1_38' title="bbox 2047 833 3695 906">
     <span class='ocr_line' id='line_1_38' title="bbox 2047 833 3695 906; baseline 0.009 -21"><span class='ocrx_word' id='word_1_275' title='bbox 2047 834 2189 886; x_wconf 89' lang='lat' dir='ltr'>tera.</span> <span class='ocrx_word' id='word_1_276' title='bbox 2214 833 2283 887; x_wconf 87' lang='lat' dir='ltr'>Et</span> <span class='ocrx_word' id='word_1_277' title='bbox 2314 835 2547 906; x_wconf 87' lang='lat' dir='ltr'>quando</span> <span class='ocrx_word' id='word_1_278' title='bbox 2574 836 2867 892; x_wconf 88' lang='lat' dir='ltr'>timebunt</span> <span class='ocrx_word' id='word_1_279' title='bbox 2898 854 3110 893; x_wconf 90' lang='lat' dir='ltr'>nomen</span> <span class='ocrx_word' id='word_1_280' title='bbox 3145 839 3425 897; x_wconf 82' lang='lat' dir='ltr'>Domini?</span> <span class='ocrx_word' id='word_1_281' title='bbox 3445 845 3585 898; x_wconf 88' lang='lat' dir='ltr'>Cum</span> <span class='ocrx_word' id='word_1_282' title='bbox 3607 863 3695 901; x_wconf 80' lang='lat' dir='ltr'>ve-</span> 
     </span>
    </p>
   </div>
   <div class='ocr_carea' id='block_1_39' title="bbox 2049 920 3692 1004">
    <p class='ocr_par' dir='ltr' id='par_1_39' title="bbox 2049 920 3692 1004">
     <span class='ocr_line' id='line_1_39' title="bbox 2049 920 3692 1004; baseline 0.01 -31"><span class='ocrx_word' id='word_1_283' title='bbox 2049 920 2201 974; x_wconf 88' lang='lat' dir='ltr'>nerit</span> <span class='ocrx_word' id='word_1_284' title='bbox 2230 920 2353 993; x_wconf 90' lang='lat' dir='ltr'>ipse</span> <span class='ocrx_word' id='word_1_285' title='bbox 2387 922 2569 979; x_wconf 91' lang='lat' dir='ltr'>Filius</span> <span class='ocrx_word' id='word_1_286' title='bbox 2608 924 2708 979; x_wconf 90' lang='lat' dir='ltr'>Dei</span> <span class='ocrx_word' id='word_1_287' title='bbox 2749 943 2852 998; x_wconf 90' lang='lat' dir='ltr'>per</span> <span class='ocrx_word' id='word_1_288' title='bbox 2879 926 3299 985; x_wconf 89' lang='lat' dir='ltr'>incarnationis</span> <span class='ocrx_word' id='word_1_289' title='bbox 3347 933 3692 1004; x_wconf 80' lang='lat' dir='ltr'>mysterium</span> 
     </span>
    </p>
   </div>
   <div class='ocr_carea' id='block_1_40' title="bbox 2047 1007 3693 1094">
    <p class='ocr_par' dir='ltr' id='par_1_40' title="bbox 2047 1007 3693 1094">
     <span class='ocr_line' id='line_1_40' title="bbox 2047 1007 3693 1094; baseline 0.01 -33"><span class='ocrx_word' id='word_1_290' title='bbox 2047 1007 2106 1061; x_wconf 91' lang='lat' dir='ltr'>in</span> <span class='ocrx_word' id='word_1_291' title='bbox 2141 1011 2451 1078; x_wconf 86' lang='lat' dir='ltr'>mundum,</span> <span class='ocrx_word' id='word_1_292' title='bbox 2483 1011 2570 1067; x_wconf 85' lang='lat' dir='ltr'>vel</span> <span class='ocrx_word' id='word_1_293' title='bbox 2605 1029 2739 1069; x_wconf 89' lang='lat' dir='ltr'>cum</span> <span class='ocrx_word' id='word_1_294' title='bbox 2769 1015 2989 1071; x_wconf 82' lang='lat' dir='ltr'>venerit</span> <span class='ocrx_word' id='word_1_295' title='bbox 3018 1017 3089 1071; x_wconf 89' lang='lat' dir='ltr'>ad</span> <span class='ocrx_word' id='word_1_296' title='bbox 3122 1022 3326 1089; x_wconf 89' lang='lat' dir='ltr'>gentes</span> <span class='ocrx_word' id='word_1_297' title='bbox 3354 1036 3459 1092; x_wconf 90' lang='lat' dir='ltr'>per</span> <span class='ocrx_word' id='word_1_298' title='bbox 3485 1022 3693 1094; x_wconf 70' lang='lat' dir='ltr'>prtedi-</span> 
     </span>
    </p>
   </div>
   <div class='ocr_carea' id='block_1_41' title="bbox 2047 1095 3801 1180">
    <p class='ocr_par' dir='ltr' id='par_1_41' title="bbox 2047 1095 3801 1180">
     <span class='ocr_line' id='line_1_41' title="bbox 2047 1095 3801 1180; baseline 0.01 -29"><span class='ocrx_word' id='word_1_299' title='bbox 2047 1095 2335 1151; x_wconf 88' lang='lat' dir='ltr'>cationem</span> <span class='ocrx_word' id='word_1_300' title='bbox 2367 1105 2424 1154; x_wconf 89' lang='lat' dir='ltr'>et</span> <span class='ocrx_word' id='word_1_301' title='bbox 2453 1100 2774 1156; x_wconf 90' lang='lat' dir='ltr'>orationem</span> <span class='ocrx_word' id='word_1_302' title='bbox 2808 1103 3206 1174; x_wconf 88' lang='lat' dir='ltr'>apostolorum</span> <span class='ocrx_word' id='word_1_303' title='bbox 3234 1123 3248 1162; x_wconf 90' lang='lat'><strong>:</strong></span> <span class='ocrx_word' id='word_1_304' title='bbox 3284 1108 3449 1180; x_wconf 90' lang='lat' dir='ltr'>quasi</span> <span class='ocrx_word' id='word_1_305' title='bbox 3483 1110 3693 1168; x_wconf 77' lang='lat' dir='ltr'>fluvius</span> <span class='ocrx_word' id='word_1_306' title='bbox 3794 1134 3801 1137; x_wconf 52' lang='grc' dir='ltr'><strong>τ</strong></span> 
     </span>
    </p>
   </div>
   <div class='ocr_carea' id='block_1_42' title="bbox 2044 1184 3692 1267">
    <p class='ocr_par' dir='ltr' id='par_1_42' title="bbox 2044 1184 3692 1267">
     <span class='ocr_line' id='line_1_42' title="bbox 2044 1184 3692 1267; baseline 0.01 -28"><span class='ocrx_word' id='word_1_307' title='bbox 2044 1184 2347 1253; x_wconf 87' lang='lat' dir='ltr'>violentes,</span> <span class='ocrx_word' id='word_1_308' title='bbox 2368 1187 2476 1242; x_wconf 92' lang='lat' dir='ltr'>hoc</span> <span class='ocrx_word' id='word_1_309' title='bbox 2499 1192 2586 1243; x_wconf 91' lang='lat' dir='ltr'>est</span> <span class='ocrx_word' id='word_1_310' title='bbox 2606 1189 2876 1245; x_wconf 88' lang='lat' dir='ltr'>velociter</span> <span class='ocrx_word' id='word_1_311' title='bbox 2894 1196 2951 1247; x_wconf 90' lang='lat' dir='ltr'>et</span> <span class='ocrx_word' id='word_1_312' title='bbox 2975 1209 3109 1247; x_wconf 92' lang='lat' dir='ltr'>cum</span> <span class='ocrx_word' id='word_1_313' title='bbox 3134 1194 3409 1252; x_wconf 90' lang='lat' dir='ltr'>violentia</span> <span class='ocrx_word' id='word_1_314' title='bbox 3429 1214 3692 1267; x_wconf 88' lang='lat' dir='ltr'>currens,</span> 
     </span>
    </p>
   </div>
   <div class='ocr_carea' id='block_1_43' title="bbox 2046 1274 3693 1351">
    <p class='ocr_par' dir='ltr' id='par_1_43' title="bbox 2046 1274 3693 1351">
     <span class='ocr_line' id='line_1_43' title="bbox 2046 1274 3693 1351; baseline 0.01 -24"><span class='ocrx_word' id='word_1_315' title='bbox 2046 1291 2220 1345; x_wconf 90' lang='lat' dir='ltr'>quem</span> <span class='ocrx_word' id='word_1_316' title='bbox 2254 1274 2508 1347; x_wconf 89' lang='lat' dir='ltr'>Spiritus</span> <span class='ocrx_word' id='word_1_317' title='bbox 2540 1276 2771 1332; x_wconf 89' lang='lat' dir='ltr'>Domini</span> <span class='ocrx_word' id='word_1_318' title='bbox 2796 1278 2949 1351; x_wconf 87' lang='lat' dir='ltr'>cogit</span> <span class='ocrx_word' id='word_1_319' title='bbox 2969 1280 3163 1336; x_wconf 87' lang='lat' dir='ltr'>venire</span> <span class='ocrx_word' id='word_1_320' title='bbox 3185 1283 3256 1337; x_wconf 89' lang='lat' dir='ltr'>ad</span> <span class='ocrx_word' id='word_1_321' title='bbox 3284 1285 3693 1343; x_wconf 86' lang='lat' dir='ltr'>redimendum</span> 
     </span>
    </p>
   </div>
   <div class='ocr_carea' id='block_1_44' title="bbox 2046 1362 3694 1446">
    <p class='ocr_par' dir='ltr' id='par_1_44' title="bbox 2046 1362 3694 1446">
     <span class='ocr_line' id='line_1_44' title="bbox 2046 1362 3694 1446; baseline 0.01 -30"><span class='ocrx_word' id='word_1_322' title='bbox 2046 1379 2231 1433; x_wconf 88' lang='lat' dir='ltr'>genus</span> <span class='ocrx_word' id='word_1_323' title='bbox 2262 1362 2587 1420; x_wconf 88' lang='lat' dir='ltr'>humanum</span> <span class='ocrx_word' id='word_1_324' title='bbox 2637 1383 2648 1421; x_wconf 92' lang='lat'>:</span> <span class='ocrx_word' id='word_1_325' title='bbox 2698 1370 2755 1422; x_wconf 91' lang='lat' dir='ltr'>et</span> <span class='ocrx_word' id='word_1_326' title='bbox 2779 1366 3002 1422; x_wconf 87' lang='lat' dir='ltr'>venerit</span> <span class='ocrx_word' id='word_1_327' title='bbox 3043 1369 3202 1438; x_wconf 90' lang='lat' dir='ltr'>Sion,</span> <span class='ocrx_word' id='word_1_328' title='bbox 3236 1370 3295 1426; x_wconf 92' lang='lat' dir='ltr'>id</span> <span class='ocrx_word' id='word_1_329' title='bbox 3337 1378 3448 1442; x_wconf 91' lang='lat' dir='ltr'>est,</span> <span class='ocrx_word' id='word_1_330' title='bbox 3481 1375 3694 1446; x_wconf 91' lang='lat' dir='ltr'>populo</span> 
     </span>
    </p>
   </div>
   <div class='ocr_carea' id='block_1_45' title="bbox 2044 1450 3698 1535">
    <p class='ocr_par' dir='ltr' id='par_1_45' title="bbox 2044 1450 3698 1535">
     <span class='ocr_line' id='line_1_45' title="bbox 2044 1450 3698 1535; baseline 0.008 -31"><span class='ocrx_word' id='word_1_331' title='bbox 2044 1450 2381 1506; x_wconf 68' lang='lat' dir='ltr'>Judaaorum</span> <span class='ocrx_word' id='word_1_332' title='bbox 2414 1452 2474 1507; x_wconf 92' lang='lat' dir='ltr'>in</span> <span class='ocrx_word' id='word_1_333' title='bbox 2505 1471 2567 1508; x_wconf 92' lang='lat' dir='ltr'>se</span> <span class='ocrx_word' id='word_1_334' title='bbox 2612 1456 2881 1511; x_wconf 88' lang='lat' dir='ltr'>credendi</span> <span class='ocrx_word' id='word_1_335' title='bbox 2910 1456 2996 1511; x_wconf 84' lang='lat' dir='ltr'>vel</span> <span class='ocrx_word' id='word_1_336' title='bbox 3048 1457 3315 1515; x_wconf 71' lang='lat' dir='ltr'>Ecclesia:</span> <span class='ocrx_word' id='word_1_337' title='bbox 3367 1462 3698 1535; x_wconf 81' lang='lat' dir='ltr'>redemptor</span> 
     </span>
    </p>
   </div>
   <div class='ocr_carea' id='block_1_46' title="bbox 2046 1538 3697 1618">
    <p class='ocr_par' dir='ltr' id='par_1_46' title="bbox 2046 1538 3697 1618">
     <span class='ocr_line' id='line_1_46' title="bbox 2046 1538 3697 1618; baseline 0.007 -24"><span class='ocrx_word' id='word_1_338' title='bbox 2046 1538 2348 1596; x_wconf 89' lang='lat' dir='ltr'>Christus:</span> <span class='ocrx_word' id='word_1_339' title='bbox 2375 1545 2432 1597; x_wconf 92' lang='lat' dir='ltr'>et</span> <span class='ocrx_word' id='word_1_340' title='bbox 2462 1543 2547 1598; x_wconf 90' lang='lat' dir='ltr'>eis</span> <span class='ocrx_word' id='word_1_341' title='bbox 2579 1542 2755 1598; x_wconf 88' lang='lat' dir='ltr'>etiam</span> <span class='ocrx_word' id='word_1_342' title='bbox 2786 1544 3010 1600; x_wconf 89' lang='lat' dir='ltr'>venerit</span> <span class='ocrx_word' id='word_1_343' title='bbox 3051 1547 3150 1618; x_wconf 90' lang='lat' dir='ltr'>qui</span> <span class='ocrx_word' id='word_1_344' title='bbox 3200 1548 3447 1605; x_wconf 88' lang='lat' dir='ltr'>redeunt</span> <span class='ocrx_word' id='word_1_345' title='bbox 3477 1550 3548 1606; x_wconf 92' lang='lat' dir='ltr'>ab</span> <span class='ocrx_word' id='word_1_346' title='bbox 3580 1550 3697 1606; x_wconf 91' lang='lat' dir='ltr'>ini-</span> 
     </span>
    </p>
   </div>
   <div class='ocr_carea' id='block_1_47' title="bbox 2047 1628 3698 1706">
    <p class='ocr_par' dir='ltr' id='par_1_47' title="bbox 2047 1628 3698 1706">
     <span class='ocr_line' id='line_1_47' title="bbox 2047 1628 3698 1706; baseline 0.008 -25"><span class='ocrx_word' id='word_1_347' title='bbox 2047 1628 2269 1700; x_wconf 89' lang='lat' dir='ltr'>quitate</span> <span class='ocrx_word' id='word_1_348' title='bbox 2302 1630 2665 1687; x_wconf 87' lang='lat' dir='ltr'>inﬁdelitatis</span> <span class='ocrx_word' id='word_1_349' title='bbox 2721 1637 2778 1688; x_wconf 91' lang='lat' dir='ltr'>et</span> <span class='ocrx_word' id='word_1_350' title='bbox 2837 1635 3163 1706; x_wconf 85' lang='lat' dir='ltr'>negationis</span> <span class='ocrx_word' id='word_1_351' title='bbox 3201 1637 3274 1691; x_wconf 88' lang='lat' dir='ltr'>ad</span> <span class='ocrx_word' id='word_1_352' title='bbox 3329 1638 3530 1706; x_wconf 86' lang='lat' dir='ltr'>Jacob,</span> <span class='ocrx_word' id='word_1_353' title='bbox 3554 1639 3698 1696; x_wconf 87' lang='lat' dir='ltr'>dicit</span> 
     </span>
    </p>
   </div>
   <div class='ocr_carea' id='block_1_48' title="bbox 2046 1717 3696 1796">
    <p class='ocr_par' dir='ltr' id='par_1_48' title="bbox 2046 1717 3696 1796">
     <span class='ocr_line' id='line_1_48' title="bbox 2046 1717 3696 1796; baseline 0.008 -26"><span class='ocrx_word' id='word_1_354' title='bbox 2046 1717 2353 1787; x_wconf 88' lang='lat' dir='ltr'>Dominus,</span> <span class='ocrx_word' id='word_1_355' title='bbox 2374 1719 2482 1774; x_wconf 90' lang='lat' dir='ltr'>hoc</span> <span class='ocrx_word' id='word_1_356' title='bbox 2513 1724 2602 1776; x_wconf 91' lang='lat' dir='ltr'>est</span> <span class='ocrx_word' id='word_1_357' title='bbox 2630 1721 2701 1776; x_wconf 88' lang='lat' dir='ltr'>ad</span> <span class='ocrx_word' id='word_1_358' title='bbox 2736 1721 2868 1777; x_wconf 91' lang='lat' dir='ltr'>illos</span> <span class='ocrx_word' id='word_1_359' title='bbox 2888 1723 2986 1794; x_wconf 90' lang='lat' dir='ltr'>qui</span> <span class='ocrx_word' id='word_1_360' title='bbox 3016 1723 3398 1796; x_wconf 88' lang='lat' dir='ltr'>supplantant</span> <span class='ocrx_word' id='word_1_361' title='bbox 3420 1726 3581 1782; x_wconf 91' lang='lat' dir='ltr'>vitia.</span> <span class='ocrx_word' id='word_1_362' title='bbox 3606 1728 3696 1783; x_wconf 83' lang='lat' dir='ltr'>Fi-</span> 
     </span>
    </p>
   </div>
   <div class='ocr_carea' id='block_1_49' title="bbox 2045 1804 3698 1884">
    <p class='ocr_par' dir='ltr' id='par_1_49' title="bbox 2045 1804 3698 1884">
     <span class='ocr_line' id='line_1_49' title="bbox 2045 1804 3698 1884; baseline 0.007 -24"><span class='ocrx_word' id='word_1_363' title='bbox 2045 1804 2160 1861; x_wconf 90' lang='lat' dir='ltr'>lius</span> <span class='ocrx_word' id='word_1_364' title='bbox 2178 1806 2278 1862; x_wconf 90' lang='lat' dir='ltr'>Dei</span> <span class='ocrx_word' id='word_1_365' title='bbox 2298 1808 2471 1864; x_wconf 93' lang='lat' dir='ltr'>ﬁuvio</span> <span class='ocrx_word' id='word_1_366' title='bbox 2488 1812 3030 1884; x_wconf 86' lang='lat' dir='ltr'>eomparatur,quia</span> <span class='ocrx_word' id='word_1_367' title='bbox 3044 1813 3320 1869; x_wconf 64' lang='lat' dir='ltr'>doctrinae</span> <span class='ocrx_word' id='word_1_368' title='bbox 3338 1832 3455 1870; x_wconf 80' lang='lat' dir='ltr'>suae</span> <span class='ocrx_word' id='word_1_369' title='bbox 3478 1815 3698 1874; x_wconf 83' lang='lat' dir='ltr'>ﬂuenta</span> 
     </span>
    </p>
   </div>
   <div class='ocr_carea' id='block_1_50' title="bbox 2049 1895 3699 1976">
    <p class='ocr_par' dir='ltr' id='par_1_50' title="bbox 2049 1895 3699 1976">
     <span class='ocr_line' id='line_1_50' title="bbox 2049 1895 3699 1976; baseline 0.007 -27"><span class='ocrx_word' id='word_1_370' title='bbox 2049 1895 2217 1950; x_wconf 90' lang='lat' dir='ltr'>nobis</span> <span class='ocrx_word' id='word_1_371' title='bbox 2248 1896 2428 1964; x_wconf 87' lang='lat' dir='ltr'>dedit,</span> <span class='ocrx_word' id='word_1_372' title='bbox 2453 1902 2509 1952; x_wconf 91' lang='lat' dir='ltr'>et</span> <span class='ocrx_word' id='word_1_373' title='bbox 2540 1899 2716 1955; x_wconf 90' lang='lat' dir='ltr'>corda</span> <span class='ocrx_word' id='word_1_374' title='bbox 2744 1899 3062 1956; x_wconf 88' lang='lat' dir='ltr'>electorum</span> <span class='ocrx_word' id='word_1_375' title='bbox 3092 1919 3335 1959; x_wconf 89' lang='lat' dir='ltr'>suorum</span> <span class='ocrx_word' id='word_1_376' title='bbox 3362 1920 3516 1976; x_wconf 88' lang='lat' dir='ltr'>aqua</span> <span class='ocrx_word' id='word_1_377' title='bbox 3544 1904 3699 1961; x_wconf 88' lang='lat' dir='ltr'>salu-</span> 
     </span>
    </p>
   </div>
   <div class='ocr_carea' id='block_1_51' title="bbox 2046 1983 3697 2065">
    <p class='ocr_par' dir='ltr' id='par_1_51' title="bbox 2046 1983 3697 2065">
     <span class='ocr_line' id='line_1_51' title="bbox 2046 1983 3697 2065; baseline 0.008 -29"><span class='ocrx_word' id='word_1_378' title='bbox 2046 1983 2155 2037; x_wconf 89' lang='lat' dir='ltr'>tari</span> <span class='ocrx_word' id='word_1_379' title='bbox 2191 1985 2383 2052; x_wconf 89' lang='lat' dir='ltr'>satiat,</span> <span class='ocrx_word' id='word_1_380' title='bbox 2410 1986 2467 2040; x_wconf 92' lang='lat' dir='ltr'>id</span> <span class='ocrx_word' id='word_1_381' title='bbox 2500 1990 2606 2055; x_wconf 89' lang='lat' dir='ltr'>est,</span> <span class='ocrx_word' id='word_1_382' title='bbox 2633 1988 2887 2060; x_wconf 88' lang='lat' dir='ltr'>Spiritus</span> <span class='ocrx_word' id='word_1_383' title='bbox 2933 1990 3119 2045; x_wconf 87' lang='lat' dir='ltr'>sancti</span> <span class='ocrx_word' id='word_1_384' title='bbox 3162 1991 3351 2064; x_wconf 85' lang='lat' dir='ltr'>gratia</span> <span class='ocrx_word' id='word_1_385' title='bbox 3388 1992 3590 2065; x_wconf 85' lang='lat' dir='ltr'>replet,</span> <span class='ocrx_word' id='word_1_386' title='bbox 3624 1994 3697 2049; x_wconf 85' lang='lat' dir='ltr'>de</span> 
     </span>
    </p>
   </div>
   <div class='ocr_carea' id='block_1_52' title="bbox 2047 2070 3700 2147">
    <p class='ocr_par' dir='ltr' id='par_1_52' title="bbox 2047 2070 3700 2147">
     <span class='ocr_line' id='line_1_52' title="bbox 2047 2070 3700 2147; baseline 0.008 -23"><span class='ocrx_word' id='word_1_387' title='bbox 2047 2087 2162 2142; x_wconf 91' lang='lat' dir='ltr'>quo</span> <span class='ocrx_word' id='word_1_388' title='bbox 2193 2070 2315 2143; x_wconf 92' lang='lat' dir='ltr'>ipse</span> <span class='ocrx_word' id='word_1_389' title='bbox 2342 2072 2483 2128; x_wconf 89' lang='lat' dir='ltr'>dicit</span> <span class='ocrx_word' id='word_1_390' title='bbox 2506 2089 2553 2127; x_wconf 86' lang='lat'>:«</span> <span class='ocrx_word' id='word_1_391' title='bbox 2580 2074 2639 2130; x_wconf 92' lang='lat' dir='ltr'>Si</span> <span class='ocrx_word' id='word_1_392' title='bbox 2667 2075 2799 2147; x_wconf 90' lang='lat' dir='ltr'>quis</span> <span class='ocrx_word' id='word_1_393' title='bbox 2830 2076 2974 2145; x_wconf 89' lang='lat' dir='ltr'>sitit,</span> <span class='ocrx_word' id='word_1_394' title='bbox 2996 2078 3192 2134; x_wconf 88' lang='lat' dir='ltr'>veniat</span> <span class='ocrx_word' id='word_1_395' title='bbox 3222 2080 3295 2135; x_wconf 93' lang='lat' dir='ltr'>ad</span> <span class='ocrx_word' id='word_1_396' title='bbox 3328 2096 3421 2135; x_wconf 89' lang='lat' dir='ltr'>me</span> <span class='ocrx_word' id='word_1_397' title='bbox 3450 2084 3509 2136; x_wconf 88' lang='lat' dir='ltr'>et</span> <span class='ocrx_word' id='word_1_398' title='bbox 3535 2080 3700 2137; x_wconf 87' lang='lat' dir='ltr'>bibat</span> 
     </span>
    </p>
   </div>
   <div class='ocr_carea' id='block_1_53' title="bbox 2045 2163 3700 2241">
    <p class='ocr_par' dir='ltr' id='par_1_53' title="bbox 2045 2163 3700 2241">
     <span class='ocr_line' id='line_1_53' title="bbox 2045 2163 3700 2241; baseline 0.007 -27"><span class='ocrx_word' id='word_1_399' title='bbox 2045 2163 2229 2227; x_wconf 83' lang='lat' dir='ltr'>(Joan.</span> <span class='ocrx_word' id='word_1_400' title='bbox 2254 2165 2377 2233; x_wconf 80' lang='lat' dir='ltr'>vn),</span> <span class='ocrx_word' id='word_1_401' title='bbox 2406 2184 2434 2212; x_wconf 94' lang='lat'>»</span> <span class='ocrx_word' id='word_1_402' title='bbox 2462 2166 2520 2217; x_wconf 92' lang='lat' dir='ltr'>et</span> <span class='ocrx_word' id='word_1_403' title='bbox 2559 2167 2784 2220; x_wconf 65' lang='lat' dir='ltr'>caetera.</span> <span class='ocrx_word' id='word_1_404' title='bbox 2807 2164 3111 2222; x_wconf 88' lang='lat' dir='ltr'>Violentus</span> <span class='ocrx_word' id='word_1_405' title='bbox 3169 2167 3517 2240; x_wconf 89' lang='lat' dir='ltr'>appellatur,</span> <span class='ocrx_word' id='word_1_406' title='bbox 3558 2168 3700 2241; x_wconf 90' lang='lat' dir='ltr'>quia</span> 
     </span>
    </p>
   </div>
   <div class='ocr_carea' id='block_1_54' title="bbox 2047 2251 3701 2325">
    <p class='ocr_par' dir='ltr' id='par_1_54' title="bbox 2047 2251 3701 2325">
     <span class='ocr_line' id='line_1_54' title="bbox 2047 2251 3701 2325; baseline 0.007 -24"><span class='ocrx_word' id='word_1_407' title='bbox 2047 2251 2237 2303; x_wconf 87' lang='lat' dir='ltr'>totum</span> <span class='ocrx_word' id='word_1_408' title='bbox 2265 2251 2556 2305; x_wconf 89' lang='lat' dir='ltr'>mundum</span> <span class='ocrx_word' id='word_1_409' title='bbox 2579 2251 2731 2307; x_wconf 90' lang='lat' dir='ltr'>inter</span> <span class='ocrx_word' id='word_1_410' title='bbox 2751 2252 3007 2325; x_wconf 89' lang='lat' dir='ltr'>spatium</span> <span class='ocrx_word' id='word_1_411' title='bbox 3029 2253 3207 2309; x_wconf 90' lang='lat' dir='ltr'>trium</span> <span class='ocrx_word' id='word_1_412' title='bbox 3229 2272 3515 2312; x_wconf 89' lang='lat' dir='ltr'>annorum</span> <span class='ocrx_word' id='word_1_413' title='bbox 3539 2262 3594 2312; x_wconf 88' lang='lat' dir='ltr'>et</span> <span class='ocrx_word' id='word_1_414' title='bbox 3615 2273 3701 2313; x_wconf 87' lang='lat' dir='ltr'>se-</span> 
     </span>
    </p>
   </div>
   <div class='ocr_carea' id='block_1_55' title="bbox 2047 2336 3763 2418">
    <p class='ocr_par' dir='ltr' id='par_1_55' title="bbox 2047 2336 3763 2418">
     <span class='ocr_line' id='line_1_55' title="bbox 2047 2336 3763 2418; baseline 0.006 -28"><span class='ocrx_word' id='word_1_415' title='bbox 2047 2336 2160 2391; x_wconf 89' lang='lat' dir='ltr'>mis</span> <span class='ocrx_word' id='word_1_416' title='bbox 2191 2343 2425 2409; x_wconf 85' lang='lat' dir='ltr'>peraeta</span> <span class='ocrx_word' id='word_1_417' title='bbox 2455 2356 2563 2394; x_wconf 90' lang='lat' dir='ltr'>sua</span> <span class='ocrx_word' id='word_1_418' title='bbox 2594 2340 2888 2411; x_wconf 85' lang='lat' dir='ltr'>passione,</span> <span class='ocrx_word' id='word_1_419' title='bbox 2914 2342 3254 2398; x_wconf 89' lang='lat' dir='ltr'>redimendo</span> <span class='ocrx_word' id='word_1_420' title='bbox 3283 2343 3397 2399; x_wconf 92' lang='lat' dir='ltr'>sibi</span> <span class='ocrx_word' id='word_1_421' title='bbox 3426 2345 3697 2418; x_wconf 86' lang='lat' dir='ltr'>subegit:</span> <span class='ocrx_word' id='word_1_422' title='bbox 3759 2382 3763 2388; x_wconf 68' lang='grc' dir='ltr'><em>ι</em></span> 
     </span>
    </p>
   </div>
   <div class='ocr_carea' id='block_1_56' title="bbox 2047 2426 3704 2499">
    <p class='ocr_par' dir='ltr' id='par_1_56' title="bbox 2047 2426 3704 2499">
     <span class='ocr_line' id='line_1_56' title="bbox 2047 2426 3704 2499; baseline 0.004 -17"><span class='ocrx_word' id='word_1_423' title='bbox 2047 2426 2201 2482; x_wconf 89' lang='lat' dir='ltr'>sicut</span> <span class='ocrx_word' id='word_1_424' title='bbox 2232 2442 2545 2499; x_wconf 87' lang='lat' dir='ltr'>resurgens</span> <span class='ocrx_word' id='word_1_425' title='bbox 2566 2446 2600 2483; x_wconf 90' lang='lat' dir='ltr'>a</span> <span class='ocrx_word' id='word_1_426' title='bbox 2621 2429 2870 2484; x_wconf 88' lang='lat' dir='ltr'>mortuis</span> <span class='ocrx_word' id='word_1_427' title='bbox 2890 2429 3056 2498; x_wconf 82' lang='lat' dir='ltr'>dixit,</span> <span class='ocrx_word' id='word_1_428' title='bbox 3076 2453 3103 2479; x_wconf 91' lang='grc'>‹‹</span> <span class='ocrx_word' id='word_1_429' title='bbox 3130 2430 3276 2485; x_wconf 87' lang='lat' dir='ltr'>Data</span> <span class='ocrx_word' id='word_1_430' title='bbox 3297 2435 3387 2487; x_wconf 90' lang='lat' dir='ltr'>est</span> <span class='ocrx_word' id='word_1_431' title='bbox 3416 2432 3561 2488; x_wconf 88' lang='lat' dir='ltr'>mihi</span> <span class='ocrx_word' id='word_1_432' title='bbox 3583 2449 3704 2488; x_wconf 84' lang='lat' dir='ltr'>om-</span> 
     </span>
    </p>
   </div>
   <div class='ocr_carea' id='block_1_57' title="bbox 2048 2514 3703 2594">
    <p class='ocr_par' dir='ltr' id='par_1_57' title="bbox 2048 2514 3703 2594">
     <span class='ocr_line' id='line_1_57' title="bbox 2048 2514 3703 2594; baseline 0.005 -26"><span class='ocrx_word' id='word_1_433' title='bbox 2048 2514 2139 2568; x_wconf 89' lang='lat' dir='ltr'>nis</span> <span class='ocrx_word' id='word_1_434' title='bbox 2173 2519 2432 2586; x_wconf 89' lang='lat' dir='ltr'>potestas</span> <span class='ocrx_word' id='word_1_435' title='bbox 2464 2516 2521 2570; x_wconf 92' lang='lat' dir='ltr'>in</span> <span class='ocrx_word' id='word_1_436' title='bbox 2555 2516 2697 2571; x_wconf 82' lang='lat' dir='ltr'>cmlo</span> <span class='ocrx_word' id='word_1_437' title='bbox 2720 2523 2776 2572; x_wconf 90' lang='lat' dir='ltr'>et</span> <span class='ocrx_word' id='word_1_438' title='bbox 2806 2517 2864 2572; x_wconf 91' lang='lat' dir='ltr'>in</span> <span class='ocrx_word' id='word_1_439' title='bbox 2896 2522 3049 2573; x_wconf 92' lang='lat' dir='ltr'>terra</span> <span class='ocrx_word' id='word_1_440' title='bbox 3071 2518 3275 2591; x_wconf 76' lang='lat' dir='ltr'>(Matth.</span> <span class='ocrx_word' id='word_1_441' title='bbox 3298 2524 3556 2589; x_wconf 82' lang='lat' dir='ltr'>xxvm).»</span> <span class='ocrx_word' id='word_1_442' title='bbox 3579 2521 3703 2594; x_wconf 83' lang='lat' dir='ltr'>Spi-</span> 
     </span>
    </p>
   </div>
   <div class='ocr_carea' id='block_1_58' title="bbox 2048 2602 3701 2678">
    <p class='ocr_par' dir='ltr' id='par_1_58' title="bbox 2048 2602 3701 2678">
     <span class='ocr_line' id='line_1_58' title="bbox 2048 2602 3701 2678; baseline 0.005 -22"><span class='ocrx_word' id='word_1_443' title='bbox 2048 2602 2226 2656; x_wconf 90' lang='lat' dir='ltr'>ritum</span> <span class='ocrx_word' id='word_1_444' title='bbox 2262 2608 2456 2658; x_wconf 88' lang='lat' dir='ltr'>autem</span> <span class='ocrx_word' id='word_1_445' title='bbox 2495 2604 2744 2669; x_wconf 82' lang='lat' dir='ltr'>Domini,</span> <span class='ocrx_word' id='word_1_446' title='bbox 2774 2605 2873 2676; x_wconf 92' lang='lat' dir='ltr'>qui</span> <span class='ocrx_word' id='word_1_447' title='bbox 2906 2622 3040 2660; x_wconf 89' lang='lat' dir='ltr'>eum</span> <span class='ocrx_word' id='word_1_448' title='bbox 3074 2607 3263 2678; x_wconf 91' lang='lat' dir='ltr'>coegit</span> <span class='ocrx_word' id='word_1_449' title='bbox 3300 2607 3372 2662; x_wconf 91' lang='lat' dir='ltr'>ad</span> <span class='ocrx_word' id='word_1_450' title='bbox 3405 2608 3701 2664; x_wconf 88' lang='lat' dir='ltr'>redimen-</span> 
     </span>
    </p>
   </div>
   <div class='ocr_carea' id='block_1_59' title="bbox 2048 2691 3701 2764">
    <p class='ocr_par' dir='ltr' id='par_1_59' title="bbox 2048 2691 3701 2764">
     <span class='ocr_line' id='line_1_59' title="bbox 2048 2691 3701 2764; baseline 0.004 -19"><span class='ocrx_word' id='word_1_451' title='bbox 2048 2691 2189 2745; x_wconf 90' lang='lat' dir='ltr'>dum</span> <span class='ocrx_word' id='word_1_452' title='bbox 2222 2708 2407 2764; x_wconf 88' lang='lat' dir='ltr'>genus</span> <span class='ocrx_word' id='word_1_453' title='bbox 2430 2691 2780 2760; x_wconf 87' lang='lat' dir='ltr'>humanum,</span> <span class='ocrx_word' id='word_1_454' title='bbox 2805 2693 3086 2764; x_wconf 89' lang='lat' dir='ltr'>Spiritum</span> <span class='ocrx_word' id='word_1_455' title='bbox 3115 2700 3384 2749; x_wconf 90' lang='lat' dir='ltr'>sanctum</span> <span class='ocrx_word' id='word_1_456' title='bbox 3418 2696 3701 2752; x_wconf 89' lang='lat' dir='ltr'>debemus</span> 
     </span>
    </p>
   </div>
   <div class='ocr_carea' id='block_1_60' title="bbox 2048 2779 3696 2854">
    <p class='ocr_par' dir='ltr' id='par_1_60' title="bbox 2048 2779 3696 2854">
     <span class='ocr_line' id='line_1_60' title="bbox 2048 2779 3696 2854; baseline 0.004 -21"><span class='ocrx_word' id='word_1_457' title='bbox 2048 2780 2341 2851; x_wconf 89' lang='lat' dir='ltr'>accipere:</span> <span class='ocrx_word' id='word_1_458' title='bbox 2368 2781 2438 2835; x_wconf 92' lang='lat' dir='ltr'>de</span> <span class='ocrx_word' id='word_1_459' title='bbox 2461 2797 2576 2851; x_wconf 90' lang='lat' dir='ltr'>quo</span> <span class='ocrx_word' id='word_1_460' title='bbox 2596 2779 2750 2835; x_wconf 91' lang='lat' dir='ltr'>idem</span> <span class='ocrx_word' id='word_1_461' title='bbox 2774 2780 3195 2853; x_wconf 88' lang='lat' dir='ltr'>prophetajam</span> <span class='ocrx_word' id='word_1_462' title='bbox 3220 2783 3490 2854; x_wconf 90' lang='lat' dir='ltr'>superius</span> <span class='ocrx_word' id='word_1_463' title='bbox 3512 2784 3659 2839; x_wconf 85' lang='lat' dir='ltr'>dixit</span> <span class='ocrx_word' id='word_1_464' title='bbox 3683 2799 3696 2839; x_wconf 93' lang='lat'><strong>:</strong></span> 
     </span>
    </p>
   </div>
   <div class='ocr_carea' id='block_1_61' title="bbox 2048 2868 3701 2945">
    <p class='ocr_par' dir='ltr' id='par_1_61' title="bbox 2048 2868 3701 2945">
     <span class='ocr_line' id='line_1_61' title="bbox 2048 2868 3701 2945; baseline 0.006 -28"><span class='ocrx_word' id='word_1_465' title='bbox 2048 2891 2075 2918; x_wconf 89' lang='grc'><em>‹‹</em></span> <span class='ocrx_word' id='word_1_466' title='bbox 2099 2868 2443 2939; x_wconf 88' lang='lat' dir='ltr'>Requiescet</span> <span class='ocrx_word' id='word_1_467' title='bbox 2464 2886 2644 2941; x_wconf 88' lang='lat' dir='ltr'>super</span> <span class='ocrx_word' id='word_1_468' title='bbox 2664 2885 2798 2924; x_wconf 91' lang='lat' dir='ltr'>eum</span> <span class='ocrx_word' id='word_1_469' title='bbox 2818 2868 3071 2941; x_wconf 91' lang='lat' dir='ltr'>Spiritus</span> <span class='ocrx_word' id='word_1_470' title='bbox 3088 2868 3701 2945; x_wconf 75' lang='lat' dir='ltr'>Domini(lsa.x1).»Ne</span> 
     </span>
    </p>
   </div>
   <div class='ocr_carea' id='block_1_62' title="bbox 2047 2956 3699 3032">
    <p class='ocr_par' dir='ltr' id='par_1_62' title="bbox 2047 2956 3699 3032">
     <span class='ocr_line' id='line_1_62' title="bbox 2047 2956 3699 3032; baseline 0.004 -22"><span class='ocrx_word' id='word_1_471' title='bbox 2047 2960 2281 3027; x_wconf 90' lang='lat' dir='ltr'>putaret</span> <span class='ocrx_word' id='word_1_472' title='bbox 2310 2960 2506 3013; x_wconf 91' lang='lat' dir='ltr'>autem</span> <span class='ocrx_word' id='word_1_473' title='bbox 2549 2956 2763 3030; x_wconf 91' lang='lat' dir='ltr'>aliquis</span> <span class='ocrx_word' id='word_1_474' title='bbox 2794 2974 2999 3014; x_wconf 89' lang='lat' dir='ltr'>omnes</span> <span class='ocrx_word' id='word_1_475' title='bbox 3029 2958 3341 3015; x_wconf 89' lang='lat' dir='ltr'>salvandos</span> <span class='ocrx_word' id='word_1_476' title='bbox 3380 2960 3482 3032; x_wconf 91' lang='lat' dir='ltr'>qui</span> <span class='ocrx_word' id='word_1_477' title='bbox 3524 2961 3699 3017; x_wconf 88' lang='lat' dir='ltr'>ﬁdem</span> 
     </span>
    </p>
   </div>
   <div class='ocr_carea' id='block_1_63' title="bbox 2030 3045 3700 3119">
    <p class='ocr_par' dir='ltr' id='par_1_63' title="bbox 2030 3045 3700 3119">
     <span class='ocr_line' id='line_1_63' title="bbox 2030 3045 3700 3119; baseline 0.005 -19"><span class='ocrx_word' id='word_1_478' title='bbox 2030 3045 2260 3111; x_wconf 80' lang='lat' dir='ltr'>habere</span> <span class='ocrx_word' id='word_1_479' title='bbox 2288 3046 2582 3115; x_wconf 91' lang='lat' dir='ltr'>videntur,</span> <span class='ocrx_word' id='word_1_480' title='bbox 2606 3047 2706 3102; x_wconf 92' lang='lat' dir='ltr'>sed</span> <span class='ocrx_word' id='word_1_481' title='bbox 2738 3063 2914 3119; x_wconf 89' lang='lat' dir='ltr'>opera</span> <span class='ocrx_word' id='word_1_482' title='bbox 2944 3047 3098 3103; x_wconf 92' lang='lat' dir='ltr'>bona</span> <span class='ocrx_word' id='word_1_483' title='bbox 3129 3065 3243 3103; x_wconf 93' lang='lat' dir='ltr'>non</span> <span class='ocrx_word' id='word_1_484' title='bbox 3276 3048 3491 3106; x_wconf 88' lang='lat' dir='ltr'>habent</span> <span class='ocrx_word' id='word_1_485' title='bbox 3523 3067 3537 3108; x_wconf 89' lang='lat'><strong>:</strong></span> <span class='ocrx_word' id='word_1_486' title='bbox 3568 3050 3700 3108; x_wconf 87' lang='lat' dir='ltr'>ideo</span> 
     </span>
    </p>
   </div>
   <div class='ocr_carea' id='block_1_64' title="bbox 2048 3133 3704 3209">
    <p class='ocr_par' dir='ltr' id='par_1_64' title="bbox 2048 3133 3704 3209">
     <span class='ocr_line' id='line_1_64' title="bbox 2048 3133 3704 3209; baseline 0.005 -21"><span class='ocrx_word' id='word_1_487' title='bbox 2048 3133 2213 3201; x_wconf 81' lang='lat' dir='ltr'>dixit,</span> <span class='ocrx_word' id='word_1_488' title='bbox 2241 3158 2267 3186; x_wconf 90' lang='grc'>‹‹</span> <span class='ocrx_word' id='word_1_489' title='bbox 2294 3139 2350 3191; x_wconf 91' lang='lat' dir='ltr'>et</span> <span class='ocrx_word' id='word_1_490' title='bbox 2369 3134 2590 3191; x_wconf 90' lang='lat' dir='ltr'>venerit</span> <span class='ocrx_word' id='word_1_491' title='bbox 2611 3135 2696 3191; x_wconf 88' lang='lat' dir='ltr'>eis</span> <span class='ocrx_word' id='word_1_492' title='bbox 2720 3136 3074 3209; x_wconf 87' lang='lat' dir='ltr'>Redemptor</span> <span class='ocrx_word' id='word_1_493' title='bbox 3094 3136 3193 3209; x_wconf 92' lang='lat' dir='ltr'>qui</span> <span class='ocrx_word' id='word_1_494' title='bbox 3225 3138 3471 3194; x_wconf 89' lang='lat' dir='ltr'>redemit</span> <span class='ocrx_word' id='word_1_495' title='bbox 3492 3140 3564 3196; x_wconf 90' lang='lat' dir='ltr'>ab</span> <span class='ocrx_word' id='word_1_496' title='bbox 3598 3140 3704 3197; x_wconf 88' lang='lat' dir='ltr'>ini-</span> 
     </span>
    </p>
   </div>
   <div class='ocr_carea' id='block_1_65' title="bbox 282 3212 3492 3304">
    <p class='ocr_par' dir='ltr' id='par_1_65' title="bbox 282 3212 3492 3304">
     <span class='ocr_line' id='line_1_65' title="bbox 282 3212 3492 3304; baseline 0.002 -22"><span class='ocrx_word' id='word_1_497' title='bbox 282 3228 658 3296; x_wconf 89' lang='lat' dir='ltr'>nuntiabant,</span> <span class='ocrx_word' id='word_1_498' title='bbox 681 3233 739 3285; x_wconf 90' lang='lat' dir='ltr'>et</span> <span class='ocrx_word' id='word_1_499' title='bbox 768 3212 963 3302; x_wconf 83' lang='lat' dir='ltr'>ipsum</span> <span class='ocrx_word' id='word_1_500' title='bbox 996 3212 1334 3302; x_wconf 19' lang='lat' dir='ltr'>caputicum</span> <span class='ocrx_word' id='word_1_501' title='bbox 1367 3231 1650 3304; x_wconf 90' lang='lat' dir='ltr'>apostolis</span> <span class='ocrx_word' id='word_1_502' title='bbox 1675 3212 1821 3302; x_wconf 65' lang='lat' dir='ltr'>suis,</span> <span class='ocrx_word' id='word_1_503' title='bbox 1854 3233 1937 3288; x_wconf 92' lang='lat' dir='ltr'>in-</span> <span class='ocrx_word' id='word_1_504' title='bbox 1966 3212 2009 3279; x_wconf 63' lang='grc' dir='ltr'><strong>(ἶ</strong></span> <span class='ocrx_word' id='word_1_505' title='bbox 2050 3223 2270 3295; x_wconf 74' lang='lat' dir='ltr'>quitate</span> <span class='ocrx_word' id='word_1_506' title='bbox 2301 3225 2373 3279; x_wconf 73' lang='lat' dir='ltr'>ad</span> <span class='ocrx_word' id='word_1_507' title='bbox 2402 3224 2602 3292; x_wconf 65' lang='lat' dir='ltr'>JRCOb,</span> <span class='ocrx_word' id='word_1_508' title='bbox 2626 3224 2770 3280; x_wconf 68' lang='lat' dir='ltr'>dieit</span> <span class='ocrx_word' id='word_1_509' title='bbox 2798 3224 3143 3282; x_wconf 74' lang='lat' dir='ltr'>Dominus.»</span> <span class='ocrx_word' id='word_1_510' title='bbox 3166 3227 3446 3299; x_wconf 78' lang='lat' dir='ltr'>Sequitur</span> <span class='ocrx_word' id='word_1_511' title='bbox 3479 3246 3492 3285; x_wconf 72' lang='grc' dir='ltr'>ε</span> 
     </span>
    </p>
   </div>
   <div class='ocr_carea' id='block_1_66' title="bbox 284 3316 1935 3391">
    <p class='ocr_par' dir='ltr' id='par_1_66' title="bbox 284 3316 1935 3391">
     <span class='ocr_line' id='line_1_66' title="bbox 284 3316 1935 3391; baseline 0.002 -16"><span class='ocrx_word' id='word_1_512' title='bbox 284 3316 511 3375; x_wconf 72' lang='grc' dir='ltr'>ιρι-Γθοῐὶ</span> <span class='ocrx_word' id='word_1_513' title='bbox 551 3321 692 3372; x_wconf 91' lang='lat' dir='ltr'>sunt</span> <span class='ocrx_word' id='word_1_514' title='bbox 728 3322 785 3373; x_wconf 88' lang='lat' dir='ltr'>et</span> <span class='ocrx_word' id='word_1_515' title='bbox 820 3317 933 3391; x_wconf 91' lang='lat' dir='ltr'>ipsi</span> <span class='ocrx_word' id='word_1_516' title='bbox 965 3336 999 3374; x_wconf 91' lang='lat' dir='ltr'>a</span> <span class='ocrx_word' id='word_1_517' title='bbox 1028 3319 1330 3375; x_wconf 85' lang='lat' dir='ltr'>Romanis.</span> <span class='ocrx_word' id='word_1_518' title='bbox 1357 3343 1385 3369; x_wconf 89' lang='grc'>‹‹</span> <span class='ocrx_word' id='word_1_519' title='bbox 1422 3319 1659 3388; x_wconf 89' lang='lat' dir='ltr'>lnsulis,</span> <span class='ocrx_word' id='word_1_520' title='bbox 1684 3344 1711 3371; x_wconf 87' lang='grc'><strong><em>‹‹</em></strong></span> <span class='ocrx_word' id='word_1_521' title='bbox 1738 3321 1795 3377; x_wconf 91' lang='lat' dir='ltr'>id</span> <span class='ocrx_word' id='word_1_522' title='bbox 1827 3327 1935 3391; x_wconf 88' lang='lat' dir='ltr'>est,</span> 
     </span>
    </p>
   </div>
   <div class='ocr_carea' id='block_1_67' title="bbox 282 3405 1939 3468">
    <p class='ocr_par' dir='ltr' id='par_1_67' title="bbox 282 3405 1939 3468">
     <span class='ocr_line' id='line_1_67' title="bbox 282 3405 1939 3468; baseline 0.003 -6"><span class='ocrx_word' id='word_1_523' title='bbox 282 3405 621 3462; x_wconf 86' lang='lat' dir='ltr'>civitatibus</span> <span class='ocrx_word' id='word_1_524' title='bbox 667 3406 1003 3463; x_wconf 62' lang='lat' dir='ltr'>Judmorum</span> <span class='ocrx_word' id='word_1_525' title='bbox 1030 3430 1057 3459; x_wconf 84' lang='lat'><strong>«</strong></span> <span class='ocrx_word' id='word_1_526' title='bbox 1086 3408 1270 3463; x_wconf 90' lang='lat' dir='ltr'>vicem</span> <span class='ocrx_word' id='word_1_527' title='bbox 1318 3409 1519 3464; x_wconf 89' lang='lat' dir='ltr'>reddet</span> <span class='ocrx_word' id='word_1_528' title='bbox 1553 3430 1581 3458; x_wconf 88' lang='lat'>»</span> <span class='ocrx_word' id='word_1_529' title='bbox 1609 3409 1852 3467; x_wconf 90' lang='lat' dir='ltr'>delendo</span> <span class='ocrx_word' id='word_1_530' title='bbox 1881 3416 1939 3468; x_wconf 91' lang='lat' dir='ltr'>et</span> 
     </span>
    </p>
   </div>
   <div class='ocr_carea' id='block_1_68' title="bbox 283 3494 1701 3569">
    <p class='ocr_par' dir='ltr' id='par_1_68' title="bbox 283 3494 1701 3569">
     <span class='ocr_line' id='line_1_68' title="bbox 283 3494 1701 3569; baseline 0.003 -19"><span class='ocrx_word' id='word_1_531' title='bbox 283 3494 644 3550; x_wconf 86' lang='lat' dir='ltr'>destruendo</span> <span class='ocrx_word' id='word_1_532' title='bbox 675 3512 774 3552; x_wconf 89' lang='lat' dir='ltr'>eas</span> <span class='ocrx_word' id='word_1_533' title='bbox 804 3513 906 3569; x_wconf 91' lang='lat' dir='ltr'>per</span> <span class='ocrx_word' id='word_1_534' title='bbox 935 3497 1250 3552; x_wconf 90' lang='lat' dir='ltr'>adventum</span> <span class='ocrx_word' id='word_1_535' title='bbox 1280 3496 1701 3554; x_wconf 88' lang='lat' dir='ltr'>Romanorum.</span> 
     </span>
    </p>
   </div>
   <div class='ocr_carea' id='block_1_69' title="bbox 348 3581 1938 3657">
    <p class='ocr_par' dir='ltr' id='par_1_69' title="bbox 348 3581 1938 3657">
     <span class='ocr_line' id='line_1_69' title="bbox 348 3581 1938 3657; baseline 0.006 -21"><span class='ocrx_word' id='word_1_536' title='bbox 348 3605 375 3629; x_wconf 75' lang='grc' dir='ltr'>ιι</span> <span class='ocrx_word' id='word_1_537' title='bbox 398 3582 470 3636; x_wconf 88' lang='lat' dir='ltr'>Et</span> <span class='ocrx_word' id='word_1_538' title='bbox 497 3581 792 3638; x_wconf 88' lang='lat' dir='ltr'>timebunt</span> <span class='ocrx_word' id='word_1_539' title='bbox 814 3583 914 3655; x_wconf 92' lang='lat' dir='ltr'>qui</span> <span class='ocrx_word' id='word_1_540' title='bbox 948 3583 1019 3639; x_wconf 91' lang='lat' dir='ltr'>ab</span> <span class='ocrx_word' id='word_1_541' title='bbox 1043 3583 1345 3639; x_wconf 88' lang='lat' dir='ltr'>occidente</span> <span class='ocrx_word' id='word_1_542' title='bbox 1367 3602 1580 3642; x_wconf 90' lang='lat' dir='ltr'>nomen</span> <span class='ocrx_word' id='word_1_543' title='bbox 1600 3586 1856 3657; x_wconf 91' lang='lat' dir='ltr'>Domini,</span> <span class='ocrx_word' id='word_1_544' title='bbox 1879 3594 1938 3646; x_wconf 87' lang='lat' dir='ltr'>et</span> 
     </span>
    </p>
   </div>
   <div class='ocr_carea' id='block_1_70' title="bbox 273 3669 1934 3750">
    <p class='ocr_par' dir='ltr' id='par_1_70' title="bbox 273 3669 1934 3750">
     <span class='ocr_line' id='line_1_70' title="bbox 273 3669 1934 3750; baseline 0.005 -26"><span class='ocrx_word' id='word_1_545' title='bbox 273 3669 379 3742; x_wconf 89' lang='lat' dir='ltr'>qui</span> <span class='ocrx_word' id='word_1_546' title='bbox 411 3669 485 3725; x_wconf 89' lang='lat' dir='ltr'>ab</span> <span class='ocrx_word' id='word_1_547' title='bbox 516 3674 647 3726; x_wconf 91' lang='lat' dir='ltr'>ortu</span> <span class='ocrx_word' id='word_1_548' title='bbox 678 3670 818 3727; x_wconf 91' lang='lat' dir='ltr'>solis</span> <span class='ocrx_word' id='word_1_549' title='bbox 848 3670 1092 3745; x_wconf 88' lang='lat' dir='ltr'>gloriam</span> <span class='ocrx_word' id='word_1_550' title='bbox 1135 3673 1264 3744; x_wconf 87' lang='lat' dir='ltr'>ejus</span> <span class='ocrx_word' id='word_1_551' title='bbox 1299 3689 1312 3728; x_wconf 89' lang='lat'>:</span> <span class='ocrx_word' id='word_1_552' title='bbox 1348 3690 1481 3729; x_wconf 91' lang='lat' dir='ltr'>cum</span> <span class='ocrx_word' id='word_1_553' title='bbox 1514 3675 1734 3731; x_wconf 86' lang='lat' dir='ltr'>venerit</span> <span class='ocrx_word' id='word_1_554' title='bbox 1765 3679 1934 3750; x_wconf 90' lang='lat' dir='ltr'>quasi</span> 
     </span>
    </p>
   </div>
   <div class='ocr_carea' id='block_1_71' title="bbox 274 3758 1931 3834">
    <p class='ocr_par' dir='ltr' id='par_1_71' title="bbox 274 3758 1931 3834">
     <span class='ocr_line' id='line_1_71' title="bbox 274 3758 1931 3834; baseline 0.005 -20"><span class='ocrx_word' id='word_1_555' title='bbox 274 3758 491 3815; x_wconf 83' lang='lat' dir='ltr'>ﬂuvius</span> <span class='ocrx_word' id='word_1_556' title='bbox 508 3758 799 3815; x_wconf 89' lang='lat' dir='ltr'>violentus</span> <span class='ocrx_word' id='word_1_557' title='bbox 821 3777 994 3833; x_wconf 90' lang='lat' dir='ltr'>quem</span> <span class='ocrx_word' id='word_1_558' title='bbox 1020 3761 1266 3833; x_wconf 89' lang='lat' dir='ltr'>spiritus</span> <span class='ocrx_word' id='word_1_559' title='bbox 1290 3762 1461 3834; x_wconf 83' lang='lat' dir='ltr'>cogit,</span> <span class='ocrx_word' id='word_1_560' title='bbox 1478 3768 1535 3818; x_wconf 92' lang='lat' dir='ltr'>et</span> <span class='ocrx_word' id='word_1_561' title='bbox 1552 3765 1775 3820; x_wconf 89' lang='lat' dir='ltr'>venerit</span> <span class='ocrx_word' id='word_1_562' title='bbox 1794 3766 1931 3822; x_wconf 82' lang='lat' dir='ltr'>Sion</span> 
     </span>
    </p>
   </div>
   <div class='ocr_carea' id='block_1_72' title="bbox 271 3848 1929 3923">
    <p class='ocr_par' dir='ltr' id='par_1_72' title="bbox 271 3848 1929 3923">
     <span class='ocr_line' id='line_1_72' title="bbox 271 3848 1929 3923; baseline 0.005 -21"><span class='ocrx_word' id='word_1_563' title='bbox 271 3848 631 3921; x_wconf 89' lang='lat' dir='ltr'>redemptor,</span> <span class='ocrx_word' id='word_1_564' title='bbox 667 3852 723 3904; x_wconf 90' lang='lat' dir='ltr'>et</span> <span class='ocrx_word' id='word_1_565' title='bbox 752 3848 836 3904; x_wconf 91' lang='lat' dir='ltr'>eis</span> <span class='ocrx_word' id='word_1_566' title='bbox 868 3848 970 3921; x_wconf 88' lang='lat' dir='ltr'>qui</span> <span class='ocrx_word' id='word_1_567' title='bbox 1004 3850 1248 3906; x_wconf 89' lang='lat' dir='ltr'>redeunt</span> <span class='ocrx_word' id='word_1_568' title='bbox 1279 3851 1352 3905; x_wconf 89' lang='lat' dir='ltr'>ab</span> <span class='ocrx_word' id='word_1_569' title='bbox 1389 3851 1698 3923; x_wconf 91' lang='lat' dir='ltr'>iniquitate</span> <span class='ocrx_word' id='word_1_570' title='bbox 1729 3854 1800 3909; x_wconf 92' lang='lat' dir='ltr'>ad</span> <span class='ocrx_word' id='word_1_571' title='bbox 1833 3855 1929 3910; x_wconf 85' lang='lat' dir='ltr'>Ja-</span> 
     </span>
    </p>
   </div>
   <div class='ocr_carea' id='block_1_73' title="bbox 270 3937 1929 4011">
    <p class='ocr_par' dir='ltr' id='par_1_73' title="bbox 270 3937 1929 4011">
     <span class='ocr_line' id='line_1_73' title="bbox 270 3937 1929 4011; baseline 0.004 -19"><span class='ocrx_word' id='word_1_572' title='bbox 270 3937 405 4007; x_wconf 90' lang='lat' dir='ltr'>cob,</span> <span class='ocrx_word' id='word_1_573' title='bbox 437 3937 579 3993; x_wconf 89' lang='lat' dir='ltr'>dicit</span> <span class='ocrx_word' id='word_1_574' title='bbox 622 3938 928 3994; x_wconf 90' lang='lat' dir='ltr'>Dominus.</span> <span class='ocrx_word' id='word_1_575' title='bbox 958 3961 985 3987; x_wconf 93' lang='lat'>»</span> <span class='ocrx_word' id='word_1_576' title='bbox 1010 3938 1292 4011; x_wconf 90' lang='lat' dir='ltr'>Superius</span> <span class='ocrx_word' id='word_1_577' title='bbox 1324 3939 1556 3996; x_wconf 90' lang='lat' dir='ltr'>locutus</span> <span class='ocrx_word' id='word_1_578' title='bbox 1596 3945 1686 3997; x_wconf 89' lang='lat' dir='ltr'>est</span> <span class='ocrx_word' id='word_1_579' title='bbox 1736 3958 1929 3999; x_wconf 89' lang='lat' dir='ltr'>sermo</span> 
     </span>
    </p>
   </div>
   <div class='ocr_carea' id='block_1_74' title="bbox 269 4025 1931 4101">
    <p class='ocr_par' dir='ltr' id='par_1_74' title="bbox 269 4025 1931 4101">
     <span class='ocr_line' id='line_1_74' title="bbox 269 4025 1931 4101; baseline 0.004 -19"><span class='ocrx_word' id='word_1_580' title='bbox 269 4025 652 4099; x_wconf 88' lang='lat' dir='ltr'>propheticus</span> <span class='ocrx_word' id='word_1_581' title='bbox 683 4027 752 4082; x_wconf 92' lang='lat' dir='ltr'>de</span> <span class='ocrx_word' id='word_1_582' title='bbox 796 4026 1201 4084; x_wconf 83' lang='lat' dir='ltr'>interfectione</span> <span class='ocrx_word' id='word_1_583' title='bbox 1235 4028 1595 4097; x_wconf 80' lang='lat' dir='ltr'>Judaeorum,</span> <span class='ocrx_word' id='word_1_584' title='bbox 1620 4047 1747 4101; x_wconf 63' lang='lat' dir='ltr'>qua;</span> <span class='ocrx_word' id='word_1_585' title='bbox 1778 4032 1931 4088; x_wconf 87' lang='lat' dir='ltr'>facta</span> 
     </span>
    </p>
   </div>
   <div class='ocr_carea' id='block_1_75' title="bbox 269 4115 1966 4191">
    <p class='ocr_par' dir='ltr' id='par_1_75' title="bbox 269 4115 1966 4191">
     <span class='ocr_line' id='line_1_75' title="bbox 269 4115 1966 4191; baseline 0.005 -22"><span class='ocrx_word' id='word_1_586' title='bbox 269 4119 363 4169; x_wconf 84' lang='lat' dir='ltr'>est</span> <span class='ocrx_word' id='word_1_587' title='bbox 384 4133 419 4170; x_wconf 89' lang='lat' dir='ltr'>a</span> <span class='ocrx_word' id='word_1_588' title='bbox 440 4115 742 4184; x_wconf 80' lang='lat' dir='ltr'>Romanis,</span> <span class='ocrx_word' id='word_1_589' title='bbox 762 4115 822 4171; x_wconf 89' lang='lat' dir='ltr'>in</span> <span class='ocrx_word' id='word_1_590' title='bbox 844 4116 1063 4188; x_wconf 89' lang='lat' dir='ltr'>quibus</span> <span class='ocrx_word' id='word_1_591' title='bbox 1085 4116 1368 4174; x_wconf 88' lang='lat' dir='ltr'>Dominus</span> <span class='ocrx_word' id='word_1_592' title='bbox 1390 4117 1547 4173; x_wconf 90' lang='lat' dir='ltr'>venit</span> <span class='ocrx_word' id='word_1_593' title='bbox 1569 4125 1929 4191; x_wconf 69' lang='lat' dir='ltr'>praeparatus</span> <span class='ocrx_word' id='word_1_594' title='bbox 1957 4181 1966 4191; x_wconf 65' lang='grc'><strong><em>,</em></strong></span> 
     </span>
    </p>
   </div>
   <div class='ocr_carea' id='block_1_76' title="bbox 270 4203 1929 4275">
    <p class='ocr_par' dir='ltr' id='par_1_76' title="bbox 270 4203 1929 4275">
     <span class='ocr_line' id='line_1_76' title="bbox 270 4203 1929 4275; baseline 0.005 -17"><span class='ocrx_word' id='word_1_595' title='bbox 270 4205 346 4259; x_wconf 89' lang='lat' dir='ltr'>ad</span> <span class='ocrx_word' id='word_1_596' title='bbox 379 4203 699 4260; x_wconf 90' lang='lat' dir='ltr'>vindictam</span> <span class='ocrx_word' id='word_1_597' title='bbox 732 4210 938 4261; x_wconf 90' lang='lat' dir='ltr'>contra</span> <span class='ocrx_word' id='word_1_598' title='bbox 968 4222 1106 4261; x_wconf 91' lang='lat' dir='ltr'>suos</span> <span class='ocrx_word' id='word_1_599' title='bbox 1143 4205 1434 4275; x_wconf 89' lang='lat' dir='ltr'>inimicos,</span> <span class='ocrx_word' id='word_1_600' title='bbox 1461 4206 1706 4263; x_wconf 91' lang='lat' dir='ltr'>indutus</span> <span class='ocrx_word' id='word_1_601' title='bbox 1750 4209 1929 4266; x_wconf 84' lang='lat' dir='ltr'>lorica</span> 
     </span>
    </p>
   </div>
   <div class='ocr_carea' id='block_1_77' title="bbox 261 4291 1926 4369">
    <p class='ocr_par' dir='ltr' id='par_1_77' title="bbox 261 4291 1926 4369">
     <span class='ocr_line' id='line_1_77' title="bbox 261 4291 1926 4369; baseline 0.005 -24"><span class='ocrx_word' id='word_1_602' title='bbox 261 4291 515 4363; x_wconf 71' lang='lat' dir='ltr'>justitize</span> <span class='ocrx_word' id='word_1_603' title='bbox 545 4296 604 4348; x_wconf 90' lang='lat' dir='ltr'>et</span> <span class='ocrx_word' id='word_1_604' title='bbox 632 4292 797 4367; x_wconf 87' lang='lat' dir='ltr'>galea</span> <span class='ocrx_word' id='word_1_605' title='bbox 829 4293 1037 4350; x_wconf 90' lang='lat' dir='ltr'>salutis</span> <span class='ocrx_word' id='word_1_606' title='bbox 1061 4311 1074 4349; x_wconf 88' lang='lat'>:</span> <span class='ocrx_word' id='word_1_607' title='bbox 1100 4311 1258 4349; x_wconf 88' lang='lat' dir='ltr'>nunc</span> <span class='ocrx_word' id='word_1_608' title='bbox 1276 4311 1410 4350; x_wconf 90' lang='lat' dir='ltr'>vero</span> <span class='ocrx_word' id='word_1_609' title='bbox 1433 4295 1503 4350; x_wconf 91' lang='lat' dir='ltr'>de</span> <span class='ocrx_word' id='word_1_610' title='bbox 1526 4295 1639 4351; x_wconf 90' lang='lat' dir='ltr'>ﬁde</span> <span class='ocrx_word' id='word_1_611' title='bbox 1663 4297 1926 4369; x_wconf 90' lang='lat' dir='ltr'>gentium</span> 
     </span>
    </p>
   </div>
   <div class='ocr_carea' id='block_1_78' title="bbox 267 4380 1928 4456">
    <p class='ocr_par' dir='ltr' id='par_1_78' title="bbox 267 4380 1928 4456">
     <span class='ocr_line' id='line_1_78' title="bbox 267 4380 1928 4456; baseline 0.005 -21"><span class='ocrx_word' id='word_1_612' title='bbox 267 4380 690 4453; x_wconf 70' lang='lat' dir='ltr'>loquitur,quze</span> <span class='ocrx_word' id='word_1_613' title='bbox 703 4387 1001 4455; x_wconf 88' lang='lat' dir='ltr'>aquatuor</span> <span class='ocrx_word' id='word_1_614' title='bbox 1016 4383 1222 4439; x_wconf 90' lang='lat' dir='ltr'>mundi</span> <span class='ocrx_word' id='word_1_615' title='bbox 1241 4384 1507 4456; x_wconf 88' lang='lat' dir='ltr'>partibus</span> <span class='ocrx_word' id='word_1_616' title='bbox 1519 4384 1928 4444; x_wconf 82' lang='lat' dir='ltr'>conﬂuxerunt</span> 
     </span>
    </p>
   </div>
   <div class='ocr_carea' id='block_1_79' title="bbox 271 4469 1928 4543">
    <p class='ocr_par' dir='ltr' id='par_1_79' title="bbox 271 4469 1928 4543">
     <span class='ocr_line' id='line_1_79' title="bbox 271 4469 1928 4543; baseline 0.004 -20"><span class='ocrx_word' id='word_1_617' title='bbox 271 4469 347 4524; x_wconf 90' lang='lat' dir='ltr'>ad</span> <span class='ocrx_word' id='word_1_618' title='bbox 370 4469 570 4538; x_wconf 89' lang='lat' dir='ltr'>ﬁdem,</span> <span class='ocrx_word' id='word_1_619' title='bbox 595 4470 897 4527; x_wconf 90' lang='lat' dir='ltr'>audientes</span> <span class='ocrx_word' id='word_1_620' title='bbox 924 4470 1394 4543; x_wconf 64' lang='lat' dir='ltr'>praedicationem</span> <span class='ocrx_word' id='word_1_621' title='bbox 1419 4473 1837 4543; x_wconf 90' lang='lat' dir='ltr'>apostolorum.</span> <span class='ocrx_word' id='word_1_622' title='bbox 1858 4476 1928 4531; x_wconf 88' lang='lat' dir='ltr'>Et</span> 
     </span>
    </p>
   </div>
   <div class='ocr_carea' id='block_1_80' title="bbox 2118 3312 3697 3387">
    <p class='ocr_par' dir='ltr' id='par_1_80' title="bbox 2118 3312 3697 3387">
     <span class='ocr_line' id='line_1_80' title="bbox 2118 3312 3697 3387; baseline 0.006 -21"><span class='ocrx_word' id='word_1_623' title='bbox 2118 3336 2146 3362; x_wconf 85' lang='lat'><strong>«</strong></span> <span class='ocrx_word' id='word_1_624' title='bbox 2182 3312 2299 3368; x_wconf 87' lang='lat' dir='ltr'>Hoc</span> <span class='ocrx_word' id='word_1_625' title='bbox 2330 3313 2521 3368; x_wconf 80' lang='lat' dir='ltr'>fcedus</span> <span class='ocrx_word' id='word_1_626' title='bbox 2549 3329 2769 3380; x_wconf 87' lang='lat' dir='ltr'>meum,</span> <span class='ocrx_word' id='word_1_627' title='bbox 2796 3336 2823 3362; x_wconf 90' lang='lat'>»</span> <span class='ocrx_word' id='word_1_628' title='bbox 2848 3313 2905 3369; x_wconf 91' lang='lat' dir='ltr'>id</span> <span class='ocrx_word' id='word_1_629' title='bbox 2952 3318 3060 3383; x_wconf 89' lang='lat' dir='ltr'>est,</span> <span class='ocrx_word' id='word_1_630' title='bbox 3094 3319 3334 3387; x_wconf 91' lang='lat' dir='ltr'>pactum</span> <span class='ocrx_word' id='word_1_631' title='bbox 3381 3317 3469 3373; x_wconf 90' lang='lat' dir='ltr'>vel</span> <span class='ocrx_word' id='word_1_632' title='bbox 3517 3323 3697 3375; x_wconf 90' lang='lat' dir='ltr'>testa-</span> 
     </span>
    </p>
   </div>
   <div class='ocr_carea' id='block_1_81' title="bbox 2046 3402 3700 3481">
    <p class='ocr_par' dir='ltr' id='par_1_81' title="bbox 2046 3402 3700 3481">
     <span class='ocr_line' id='line_1_81' title="bbox 2046 3402 3700 3481; baseline 0.005 -24"><span class='ocrx_word' id='word_1_633' title='bbox 2046 3407 2314 3458; x_wconf 88' lang='lat' dir='ltr'>mentum</span> <span class='ocrx_word' id='word_1_634' title='bbox 2338 3425 2366 3453; x_wconf 69' lang='grc' dir='ltr'>ς(</span> <span class='ocrx_word' id='word_1_635' title='bbox 2399 3420 2533 3458; x_wconf 90' lang='lat' dir='ltr'>cum</span> <span class='ocrx_word' id='word_1_636' title='bbox 2566 3402 2671 3472; x_wconf 90' lang='lat' dir='ltr'>eis,</span> <span class='ocrx_word' id='word_1_637' title='bbox 2697 3402 2837 3458; x_wconf 92' lang='lat' dir='ltr'>dicit</span> <span class='ocrx_word' id='word_1_638' title='bbox 2868 3403 3174 3474; x_wconf 89' lang='lat' dir='ltr'>Dominus,</span> <span class='ocrx_word' id='word_1_639' title='bbox 3202 3428 3231 3455; x_wconf 93' lang='lat'>»</span> <span class='ocrx_word' id='word_1_640' title='bbox 3263 3407 3572 3477; x_wconf 89' lang='lat' dir='ltr'>subaudis,</span> <span class='ocrx_word' id='word_1_641' title='bbox 3595 3409 3700 3481; x_wconf 90' lang='lat' dir='ltr'>qui</span> 
     </span>
    </p>
   </div>
   <div class='ocr_carea' id='block_1_82' title="bbox 2045 3490 3700 3564">
    <p class='ocr_par' dir='ltr' id='par_1_82' title="bbox 2045 3490 3700 3564">
     <span class='ocr_line' id='line_1_82' title="bbox 2045 3490 3700 3564; baseline 0.005 -18"><span class='ocrx_word' id='word_1_642' title='bbox 2045 3490 2485 3547; x_wconf 89' lang='lat' dir='ltr'>declinaverunt</span> <span class='ocrx_word' id='word_1_643' title='bbox 2536 3492 2609 3547; x_wconf 89' lang='lat' dir='ltr'>ab</span> <span class='ocrx_word' id='word_1_644' title='bbox 2666 3491 3004 3564; x_wconf 88' lang='lat' dir='ltr'>iniquitate,</span> <span class='ocrx_word' id='word_1_645' title='bbox 3064 3498 3132 3549; x_wconf 86' lang='lat' dir='ltr'>ut</span> <span class='ocrx_word' id='word_1_646' title='bbox 3189 3494 3538 3552; x_wconf 89' lang='lat' dir='ltr'>redimerem</span> <span class='ocrx_word' id='word_1_647' title='bbox 3598 3515 3700 3554; x_wconf 87' lang='lat' dir='ltr'>eos</span> 
     </span>
    </p>
   </div>
   <div class='ocr_carea' id='block_1_83' title="bbox 2045 3580 3700 3655">
    <p class='ocr_par' dir='ltr' id='par_1_83' title="bbox 2045 3580 3700 3655">
     <span class='ocr_line' id='line_1_83' title="bbox 2045 3580 3700 3655; baseline 0.003 -20"><span class='ocrx_word' id='word_1_648' title='bbox 2045 3597 2173 3636; x_wconf 91' lang='lat' dir='ltr'>meo</span> <span class='ocrx_word' id='word_1_649' title='bbox 2207 3580 2513 3654; x_wconf 90' lang='lat' dir='ltr'>sanguine,</span> <span class='ocrx_word' id='word_1_650' title='bbox 2547 3585 2603 3636; x_wconf 92' lang='lat' dir='ltr'>et</span> <span class='ocrx_word' id='word_1_651' title='bbox 2634 3580 2969 3653; x_wconf 90' lang='lat' dir='ltr'>evangelica</span> <span class='ocrx_word' id='word_1_652' title='bbox 2997 3587 3286 3655; x_wconf 65' lang='lat' dir='ltr'>praecepta</span> <span class='ocrx_word' id='word_1_653' title='bbox 3315 3600 3443 3655; x_wconf 67' lang='lat' dir='ltr'>qum</span> <span class='ocrx_word' id='word_1_654' title='bbox 3484 3585 3569 3640; x_wconf 90' lang='lat' dir='ltr'>eis</span> <span class='ocrx_word' id='word_1_655' title='bbox 3598 3586 3700 3640; x_wconf 88' lang='lat' dir='ltr'>de-</span> 
     </span>
    </p>
   </div>
   <div class='ocr_carea' id='block_1_84' title="bbox 2044 3654 3699 3742">
    <p class='ocr_par' dir='ltr' id='par_1_84' title="bbox 2044 3654 3699 3742">
     <span class='ocr_line' id='line_1_84' title="bbox 2044 3654 3699 3742; baseline 0.003 -19"><span class='ocrx_word' id='word_1_656' title='bbox 2044 3670 2180 3724; x_wconf 90' lang='lat' dir='ltr'>dero</span> <span class='ocrx_word' id='word_1_657' title='bbox 2215 3686 2386 3741; x_wconf 88' lang='lat' dir='ltr'>opere</span> <span class='ocrx_word' id='word_1_658' title='bbox 2417 3654 2800 3740; x_wconf 84' lang='lat' dir='ltr'>adimpleant,</span> <span class='ocrx_word' id='word_1_659' title='bbox 2833 3672 2891 3724; x_wconf 90' lang='lat' dir='ltr'>et</span> <span class='ocrx_word' id='word_1_660' title='bbox 2922 3686 3156 3742; x_wconf 91' lang='lat' dir='ltr'>semper</span> <span class='ocrx_word' id='word_1_661' title='bbox 3184 3654 3243 3725; x_wconf 89' lang='lat' dir='ltr'>in</span> <span class='ocrx_word' id='word_1_662' title='bbox 3275 3654 3477 3728; x_wconf 87' lang='lat' dir='ltr'>eorum</span> <span class='ocrx_word' id='word_1_663' title='bbox 3509 3672 3699 3728; x_wconf 89' lang='lat' dir='ltr'>cordi-</span> 
     </span>
    </p>
   </div>
   <div class='ocr_carea' id='block_1_85' title="bbox 2043 3755 3698 3831">
    <p class='ocr_par' dir='ltr' id='par_1_85' title="bbox 2043 3755 3698 3831">
     <span class='ocr_line' id='line_1_85' title="bbox 2043 3755 3698 3831; baseline 0.002 -19"><span class='ocrx_word' id='word_1_664' title='bbox 2043 3758 2154 3812; x_wconf 92' lang='lat' dir='ltr'>bus</span> <span class='ocrx_word' id='word_1_665' title='bbox 2186 3761 2511 3812; x_wconf 88' lang='lat' dir='ltr'>versentur.</span> <span class='ocrx_word' id='word_1_666' title='bbox 2537 3756 2700 3811; x_wconf 89' lang='lat' dir='ltr'>Unde</span> <span class='ocrx_word' id='word_1_667' title='bbox 2730 3761 2787 3811; x_wconf 89' lang='lat' dir='ltr'>et</span> <span class='ocrx_word' id='word_1_668' title='bbox 2817 3755 3086 3828; x_wconf 89' lang='lat' dir='ltr'>sequitur</span> <span class='ocrx_word' id='word_1_669' title='bbox 3111 3774 3159 3813; x_wconf 88' lang='grc'>;‹‹</span> <span class='ocrx_word' id='word_1_670' title='bbox 3183 3759 3440 3831; x_wconf 90' lang='lat' dir='ltr'>Spiritus</span> <span class='ocrx_word' id='word_1_671' title='bbox 3469 3777 3698 3830; x_wconf 88' lang='lat' dir='ltr'>meus,»</span> 
     </span>
    </p>
   </div>
   <div class='ocr_carea' id='block_1_86' title="bbox 2041 3843 3696 3921">
    <p class='ocr_par' dir='ltr' id='par_1_86' title="bbox 2041 3843 3696 3921">
     <span class='ocr_line' id='line_1_86' title="bbox 2041 3843 3696 3921; baseline 0.004 -23"><span class='ocrx_word' id='word_1_672' title='bbox 2041 3845 2098 3899; x_wconf 92' lang='lat' dir='ltr'>id</span> <span class='ocrx_word' id='word_1_673' title='bbox 2126 3848 2236 3910; x_wconf 87' lang='lat' dir='ltr'>est,</span> <span class='ocrx_word' id='word_1_674' title='bbox 2256 3843 2509 3916; x_wconf 88' lang='lat' dir='ltr'>Spiritus</span> <span class='ocrx_word' id='word_1_675' title='bbox 2532 3848 2774 3900; x_wconf 89' lang='lat' dir='ltr'>sanctus</span> <span class='ocrx_word' id='word_1_676' title='bbox 2797 3868 2824 3894; x_wconf 85' lang='lat'><strong>«</strong></span> <span class='ocrx_word' id='word_1_677' title='bbox 2850 3845 2952 3916; x_wconf 89' lang='lat' dir='ltr'>qui</span> <span class='ocrx_word' id='word_1_678' title='bbox 2985 3851 3073 3900; x_wconf 89' lang='lat' dir='ltr'>est</span> <span class='ocrx_word' id='word_1_679' title='bbox 3103 3845 3161 3900; x_wconf 91' lang='lat' dir='ltr'>in</span> <span class='ocrx_word' id='word_1_680' title='bbox 3192 3850 3308 3915; x_wconf 88' lang='lat' dir='ltr'>te,»</span> <span class='ocrx_word' id='word_1_681' title='bbox 3332 3864 3364 3902; x_wconf 96' lang='lat' dir='ltr'>o</span> <span class='ocrx_word' id='word_1_682' title='bbox 3386 3848 3696 3921; x_wconf 88' lang='lat' dir='ltr'>Propheta,</span> 
     </span>
    </p>
   </div>
   <div class='ocr_carea' id='block_1_87' title="bbox 2040 3932 3699 4011">
    <p class='ocr_par' dir='ltr' id='par_1_87' title="bbox 2040 3932 3699 4011">
     <span class='ocr_line' id='line_1_87' title="bbox 2040 3932 3699 4011; baseline 0.004 -23"><span class='ocrx_word' id='word_1_683' title='bbox 2040 3950 2142 4006; x_wconf 88' lang='lat' dir='ltr'>per</span> <span class='ocrx_word' id='word_1_684' title='bbox 2171 3949 2346 4005; x_wconf 89' lang='lat' dir='ltr'>quem</span> <span class='ocrx_word' id='word_1_685' title='bbox 2379 3934 2578 3989; x_wconf 82' lang='lat' dir='ltr'>futura</span> <span class='ocrx_word' id='word_1_686' title='bbox 2609 3932 2877 4005; x_wconf 66' lang='lat' dir='ltr'>prmdicis</span> <span class='ocrx_word' id='word_1_687' title='bbox 2910 3950 2958 3988; x_wconf 71' lang='grc' dir='ltr'>τα</span> <span class='ocrx_word' id='word_1_688' title='bbox 2989 3938 3047 3989; x_wconf 91' lang='lat' dir='ltr'>et</span> <span class='ocrx_word' id='word_1_689' title='bbox 3063 3935 3240 3990; x_wconf 90' lang='lat' dir='ltr'>verba</span> <span class='ocrx_word' id='word_1_690' title='bbox 3269 3953 3401 3992; x_wconf 88' lang='lat' dir='ltr'>mea</span> <span class='ocrx_word' id='word_1_691' title='bbox 3432 3954 3558 4009; x_wconf 66' lang='lat' dir='ltr'>quae</span> <span class='ocrx_word' id='word_1_692' title='bbox 3588 3956 3699 4011; x_wconf 90' lang='lat' dir='ltr'>po-</span> 
     </span>
    </p>
   </div>
   <div class='ocr_carea' id='block_1_88' title="bbox 2039 4022 3696 4093">
    <p class='ocr_par' dir='ltr' id='par_1_88' title="bbox 2039 4022 3696 4093">
     <span class='ocr_line' id='line_1_88' title="bbox 2039 4022 3696 4093; baseline 0.004 -16"><span class='ocrx_word' id='word_1_693' title='bbox 2039 4023 2129 4078; x_wconf 88' lang='lat' dir='ltr'>sui</span> <span class='ocrx_word' id='word_1_694' title='bbox 2163 4022 2223 4076; x_wconf 90' lang='lat' dir='ltr'>in</span> <span class='ocrx_word' id='word_1_695' title='bbox 2255 4038 2351 4077; x_wconf 90' lang='lat' dir='ltr'>ore</span> <span class='ocrx_word' id='word_1_696' title='bbox 2382 4025 2482 4076; x_wconf 90' lang='lat' dir='ltr'>tuo</span> <span class='ocrx_word' id='word_1_697' title='bbox 2504 4038 2618 4077; x_wconf 90' lang='lat' dir='ltr'>non</span> <span class='ocrx_word' id='word_1_698' title='bbox 2641 4022 2911 4077; x_wconf 88' lang='lat' dir='ltr'>recedent</span> <span class='ocrx_word' id='word_1_699' title='bbox 2933 4022 3003 4078; x_wconf 90' lang='lat' dir='ltr'>de</span> <span class='ocrx_word' id='word_1_700' title='bbox 3033 4039 3132 4078; x_wconf 92' lang='lat' dir='ltr'>ore</span> <span class='ocrx_word' id='word_1_701' title='bbox 3159 4027 3279 4093; x_wconf 92' lang='lat' dir='ltr'>tuo,</span> <span class='ocrx_word' id='word_1_702' title='bbox 3304 4029 3362 4080; x_wconf 89' lang='lat' dir='ltr'>et</span> <span class='ocrx_word' id='word_1_703' title='bbox 3382 4026 3454 4081; x_wconf 90' lang='lat' dir='ltr'>de</span> <span class='ocrx_word' id='word_1_704' title='bbox 3476 4042 3573 4082; x_wconf 90' lang='lat' dir='ltr'>ore</span> <span class='ocrx_word' id='word_1_705' title='bbox 3605 4044 3696 4084; x_wconf 82' lang='lat' dir='ltr'>se-</span> 
     </span>
    </p>
   </div>
   <div class='ocr_carea' id='block_1_89' title="bbox 2038 4108 3697 4189">
    <p class='ocr_par' dir='ltr' id='par_1_89' title="bbox 2038 4108 3697 4189">
     <span class='ocr_line' id='line_1_89' title="bbox 2038 4108 3697 4189; baseline 0.004 -24"><span class='ocrx_word' id='word_1_706' title='bbox 2038 4110 2218 4166; x_wconf 89' lang='lat' dir='ltr'>minis</span> <span class='ocrx_word' id='word_1_707' title='bbox 2250 4109 2355 4178; x_wconf 91' lang='lat' dir='ltr'>tui,</span> <span class='ocrx_word' id='word_1_708' title='bbox 2381 4110 2526 4165; x_wconf 85' lang='lat' dir='ltr'>dixit</span> <span class='ocrx_word' id='word_1_709' title='bbox 2546 4108 2850 4178; x_wconf 89' lang='lat' dir='ltr'>Dominus,</span> <span class='ocrx_word' id='word_1_710' title='bbox 2875 4112 3087 4167; x_wconf 89' lang='lat' dir='ltr'>amodo</span> <span class='ocrx_word' id='word_1_711' title='bbox 3109 4117 3165 4167; x_wconf 91' lang='lat' dir='ltr'>et</span> <span class='ocrx_word' id='word_1_712' title='bbox 3189 4129 3374 4185; x_wconf 89' lang='lat' dir='ltr'>usque</span> <span class='ocrx_word' id='word_1_713' title='bbox 3402 4114 3459 4169; x_wconf 92' lang='lat' dir='ltr'>in</span> <span class='ocrx_word' id='word_1_714' title='bbox 3484 4116 3697 4189; x_wconf 90' lang='lat' dir='ltr'>sempi-</span> 
     </span>
    </p>
   </div>
   <div class='ocr_carea' id='block_1_90' title="bbox 2036 4198 3698 4276">
    <p class='ocr_par' dir='ltr' id='par_1_90' title="bbox 2036 4198 3698 4276">
     <span class='ocr_line' id='line_1_90' title="bbox 2036 4198 3698 4276; baseline 0.004 -21"><span class='ocrx_word' id='word_1_715' title='bbox 2036 4204 2333 4257; x_wconf 87' lang='lat' dir='ltr'>ternum.»</span> <span class='ocrx_word' id='word_1_716' title='bbox 2357 4204 2567 4255; x_wconf 89' lang='lat' dir='ltr'>Semen</span> <span class='ocrx_word' id='word_1_717' title='bbox 2610 4198 2772 4255; x_wconf 89' lang='lat' dir='ltr'>illius</span> <span class='ocrx_word' id='word_1_718' title='bbox 2803 4200 3088 4256; x_wconf 84' lang='lat' dir='ltr'>debemus</span> <span class='ocrx_word' id='word_1_719' title='bbox 3134 4201 3459 4276; x_wconf 86' lang='lat' dir='ltr'>intelligere</span> <span class='ocrx_word' id='word_1_720' title='bbox 3489 4220 3698 4262; x_wconf 87' lang='lat' dir='ltr'>omnes</span> 
     </span>
    </p>
   </div>
   <div class='ocr_carea' id='block_1_91' title="bbox 2037 4288 3699 4367">
    <p class='ocr_par' dir='ltr' id='par_1_91' title="bbox 2037 4288 3699 4367">
     <span class='ocr_line' id='line_1_91' title="bbox 2037 4288 3699 4367; baseline 0.004 -22"><span class='ocrx_word' id='word_1_721' title='bbox 2037 4306 2405 4347; x_wconf 90' lang='lat' dir='ltr'>successores</span> <span class='ocrx_word' id='word_1_722' title='bbox 2436 4290 2586 4360; x_wconf 85' lang='lat' dir='ltr'>ejus,</span> <span class='ocrx_word' id='word_1_723' title='bbox 2612 4288 2713 4360; x_wconf 92' lang='lat' dir='ltr'>qui</span> <span class='ocrx_word' id='word_1_724' title='bbox 2745 4290 2949 4346; x_wconf 89' lang='lat' dir='ltr'>eodem</span> <span class='ocrx_word' id='word_1_725' title='bbox 2983 4289 3205 4362; x_wconf 87' lang='lat' dir='ltr'>Spiritu</span> <span class='ocrx_word' id='word_1_726' title='bbox 3245 4297 3448 4349; x_wconf 90' lang='lat' dir='ltr'>sancto</span> <span class='ocrx_word' id='word_1_727' title='bbox 3494 4294 3699 4367; x_wconf 90' lang='lat' dir='ltr'>repleti</span> 
     </span>
    </p>
   </div>
   <div class='ocr_carea' id='block_1_92' title="bbox 2037 4377 3694 4453">
    <p class='ocr_par' dir='ltr' id='par_1_92' title="bbox 2037 4377 3694 4453">
     <span class='ocr_line' id='line_1_92' title="bbox 2037 4377 3694 4453; baseline 0.004 -20"><span class='ocrx_word' id='word_1_728' title='bbox 2037 4379 2369 4447; x_wconf 85' lang='lat' dir='ltr'>fuerunt,ut</span> <span class='ocrx_word' id='word_1_729' title='bbox 2391 4379 2503 4433; x_wconf 86' lang='lat' dir='ltr'>fuit</span> <span class='ocrx_word' id='word_1_730' title='bbox 2524 4377 2894 4445; x_wconf 90' lang='lat' dir='ltr'>Jeremias,et</span> <span class='ocrx_word' id='word_1_731' title='bbox 2910 4379 3101 4435; x_wconf 65' lang='lat' dir='ltr'>caeteri</span> <span class='ocrx_word' id='word_1_732' title='bbox 3122 4385 3255 4437; x_wconf 88' lang='lat' dir='ltr'>ante</span> <span class='ocrx_word' id='word_1_733' title='bbox 3277 4381 3694 4453; x_wconf 77' lang='lat' dir='ltr'>captivitatem,</span> 
     </span>
    </p>
   </div>
   <div class='ocr_carea' id='block_1_93' title="bbox 2034 4468 3694 4543">
    <p class='ocr_par' dir='ltr' id='par_1_93' title="bbox 2034 4468 3694 4543">
     <span class='ocr_line' id='line_1_93' title="bbox 2034 4468 3694 4543; baseline 0.003 -19"><span class='ocrx_word' id='word_1_734' title='bbox 2034 4468 2297 4525; x_wconf 85' lang='lat' dir='ltr'>Ezechiel</span> <span class='ocrx_word' id='word_1_735' title='bbox 2320 4474 2378 4525; x_wconf 89' lang='lat' dir='ltr'>et</span> <span class='ocrx_word' id='word_1_736' title='bbox 2400 4468 2597 4525; x_wconf 87' lang='lat' dir='ltr'>Daniel</span> <span class='ocrx_word' id='word_1_737' title='bbox 2624 4470 2682 4524; x_wconf 94' lang='lat' dir='ltr'>in</span> <span class='ocrx_word' id='word_1_738' title='bbox 2706 4471 3061 4542; x_wconf 88' lang='lat' dir='ltr'>captivitate,</span> <span class='ocrx_word' id='word_1_739' title='bbox 3076 4472 3344 4543; x_wconf 71' lang='lat' dir='ltr'>Aggmus,</span> <span class='ocrx_word' id='word_1_740' title='bbox 3359 4471 3694 4542; x_wconf 86' lang='lat' dir='ltr'>Zacharias,</span> 
     </span>
    </p>
   </div>
   <div class='ocr_carea' id='block_1_94' title="bbox 267 4557 3694 4642">
    <p class='ocr_par' dir='ltr' id='par_1_94' title="bbox 267 4557 3694 4642">
     <span class='ocr_line' id='line_1_94' title="bbox 267 4557 3694 4642; baseline 0.001 -30"><span class='ocrx_word' id='word_1_741' title='bbox 267 4557 588 4625; x_wconf 89' lang='lat' dir='ltr'>timebunt,</span> <span class='ocrx_word' id='word_1_742' title='bbox 614 4559 828 4631; x_wconf 90' lang='lat' dir='ltr'>inquit,</span> <span class='ocrx_word' id='word_1_743' title='bbox 852 4558 1061 4615; x_wconf 91' lang='lat' dir='ltr'>timore</span> <span class='ocrx_word' id='word_1_744' title='bbox 1091 4563 1293 4615; x_wconf 88' lang='lat' dir='ltr'>sancto</span> <span class='ocrx_word' id='word_1_745' title='bbox 1339 4564 1396 4616; x_wconf 88' lang='lat' dir='ltr'>et</span> <span class='ocrx_word' id='word_1_746' title='bbox 1426 4560 1703 4630; x_wconf 88' lang='lat' dir='ltr'>ﬁliorum,</span> <span class='ocrx_word' id='word_1_747' title='bbox 1724 4565 1824 4635; x_wconf 89' lang='lat' dir='ltr'>qui</span> <span class='ocrx_word' id='word_1_748' title='bbox 1857 4566 1930 4621; x_wconf 90' lang='lat' dir='ltr'>ab</span> <span class='ocrx_word' id='word_1_749' title='bbox 1961 4578 2007 4642; x_wconf 78' lang='grc' dir='ltr'>ι)</span> <span class='ocrx_word' id='word_1_750' title='bbox 2039 4575 2105 4613; x_wconf 79' lang='lat' dir='ltr'>ac</span> <span class='ocrx_word' id='word_1_751' title='bbox 2134 4557 2453 4613; x_wconf 83' lang='lat' dir='ltr'>Malachias</span> <span class='ocrx_word' id='word_1_752' title='bbox 2482 4561 2615 4630; x_wconf 91' lang='lat' dir='ltr'>post</span> <span class='ocrx_word' id='word_1_753' title='bbox 2644 4557 3064 4629; x_wconf 88' lang='lat' dir='ltr'>captivitatem,</span> <span class='ocrx_word' id='word_1_754' title='bbox 3089 4563 3145 4613; x_wconf 87' lang='lat' dir='ltr'>et</span> <span class='ocrx_word' id='word_1_755' title='bbox 3177 4558 3387 4614; x_wconf 90' lang='lat' dir='ltr'>deinde</span> <span class='ocrx_word' id='word_1_756' title='bbox 3418 4561 3694 4632; x_wconf 88' lang='lat' dir='ltr'>apostoli,</span> 
     </span>
    </p>
   </div>
   <div class='ocr_carea' id='block_1_95' title="bbox 269 4645 1926 4723">
    <p class='ocr_par' dir='ltr' id='par_1_95' title="bbox 269 4645 1926 4723">
     <span class='ocr_line' id='line_1_95' title="bbox 269 4645 1926 4723; baseline 0.003 -19"><span class='ocrx_word' id='word_1_757' title='bbox 269 4645 576 4704; x_wconf 89' lang='lat' dir='ltr'>occidente</span> <span class='ocrx_word' id='word_1_758' title='bbox 598 4652 736 4704; x_wconf 90' lang='lat' dir='ltr'>sunt</span> <span class='ocrx_word' id='word_1_759' title='bbox 757 4665 967 4705; x_wconf 89' lang='lat' dir='ltr'>nomen</span> <span class='ocrx_word' id='word_1_760' title='bbox 992 4647 1246 4717; x_wconf 90' lang='lat' dir='ltr'>Domini,</span> <span class='ocrx_word' id='word_1_761' title='bbox 1267 4648 1324 4704; x_wconf 91' lang='lat' dir='ltr'>id</span> <span class='ocrx_word' id='word_1_762' title='bbox 1348 4653 1457 4717; x_wconf 89' lang='lat' dir='ltr'>est,</span> <span class='ocrx_word' id='word_1_763' title='bbox 1483 4667 1695 4707; x_wconf 91' lang='lat' dir='ltr'>nomen</span> <span class='ocrx_word' id='word_1_764' title='bbox 1718 4653 1926 4723; x_wconf 89' lang='lat' dir='ltr'>Patris,</span> 
     </span>
    </p>
   </div>
   <div class='ocr_carea' id='block_1_96' title="bbox 268 4734 1928 4807">
    <p class='ocr_par' dir='ltr' id='par_1_96' title="bbox 268 4734 1928 4807">
     <span class='ocr_line' id='line_1_96' title="bbox 268 4734 1928 4807; baseline 0.004 -16"><span class='ocrx_word' id='word_1_765' title='bbox 268 4736 342 4791; x_wconf 92' lang='lat' dir='ltr'>de</span> <span class='ocrx_word' id='word_1_766' title='bbox 364 4752 482 4807; x_wconf 91' lang='lat' dir='ltr'>quo</span> <span class='ocrx_word' id='word_1_767' title='bbox 499 4734 641 4791; x_wconf 89' lang='lat' dir='ltr'>dicit</span> <span class='ocrx_word' id='word_1_768' title='bbox 662 4736 845 4792; x_wconf 85' lang='lat' dir='ltr'>Filius</span> <span class='ocrx_word' id='word_1_769' title='bbox 860 4754 908 4792; x_wconf 85' lang='lat'>:«</span> <span class='ocrx_word' id='word_1_770' title='bbox 928 4737 1116 4804; x_wconf 89' lang='lat' dir='ltr'>Pater,</span> <span class='ocrx_word' id='word_1_771' title='bbox 1132 4737 1498 4793; x_wconf 79' lang='lat' dir='ltr'>manifestavi</span> <span class='ocrx_word' id='word_1_772' title='bbox 1522 4756 1735 4795; x_wconf 91' lang='lat' dir='ltr'>nomen</span> <span class='ocrx_word' id='word_1_773' title='bbox 1758 4744 1928 4797; x_wconf 91' lang='lat' dir='ltr'>tuum</span> 
     </span>
    </p>
   </div>
   <div class='ocr_carea' id='block_1_97' title="bbox 268 4823 1924 4899">
    <p class='ocr_par' dir='ltr' id='par_1_97' title="bbox 268 4823 1924 4899">
     <span class='ocr_line' id='line_1_97' title="bbox 268 4823 1924 4899; baseline 0.004 -19"><span class='ocrx_word' id='word_1_774' title='bbox 268 4823 618 4881; x_wconf 89' lang='lat' dir='ltr'>hominibus</span> <span class='ocrx_word' id='word_1_775' title='bbox 649 4826 824 4894; x_wconf 83' lang='lat' dir='ltr'>(Joan.</span> <span class='ocrx_word' id='word_1_776' title='bbox 851 4830 1011 4894; x_wconf 88' lang='lat' dir='ltr'>xvu).</span> <span class='ocrx_word' id='word_1_777' title='bbox 1038 4848 1065 4874; x_wconf 93' lang='lat'>»</span> <span class='ocrx_word' id='word_1_778' title='bbox 1089 4827 1158 4881; x_wconf 89' lang='lat' dir='ltr'>Et</span> <span class='ocrx_word' id='word_1_779' title='bbox 1188 4826 1287 4898; x_wconf 91' lang='lat' dir='ltr'>qui</span> <span class='ocrx_word' id='word_1_780' title='bbox 1320 4826 1394 4880; x_wconf 89' lang='lat' dir='ltr'>ab</span> <span class='ocrx_word' id='word_1_781' title='bbox 1415 4830 1546 4882; x_wconf 90' lang='lat' dir='ltr'>ortu</span> <span class='ocrx_word' id='word_1_782' title='bbox 1586 4827 1726 4884; x_wconf 80' lang='lat' dir='ltr'>solis</span> <span class='ocrx_word' id='word_1_783' title='bbox 1766 4834 1924 4899; x_wconf 90' lang='lat' dir='ltr'>sunt,</span> 
     </span>
    </p>
   </div>
   <div class='ocr_carea' id='block_1_98' title="bbox 266 4912 1924 4986">
    <p class='ocr_par' dir='ltr' id='par_1_98' title="bbox 266 4912 1924 4986">
     <span class='ocr_line' id='line_1_98' title="bbox 266 4912 1924 4986; baseline 0.004 -19"><span class='ocrx_word' id='word_1_784' title='bbox 266 4912 567 4968; x_wconf 89' lang='lat' dir='ltr'>timebunt</span> <span class='ocrx_word' id='word_1_785' title='bbox 597 4913 845 4986; x_wconf 88' lang='lat' dir='ltr'>gloriam</span> <span class='ocrx_word' id='word_1_786' title='bbox 877 4915 1028 4985; x_wconf 89' lang='lat' dir='ltr'>ejus,</span> <span class='ocrx_word' id='word_1_787' title='bbox 1055 4913 1245 4970; x_wconf 89' lang='lat' dir='ltr'>Flium</span> <span class='ocrx_word' id='word_1_788' title='bbox 1273 4914 1534 4970; x_wconf 88' lang='lat' dir='ltr'>videlicet</span> <span class='ocrx_word' id='word_1_789' title='bbox 1564 4915 1664 4971; x_wconf 88' lang='lat' dir='ltr'>Dei</span> <span class='ocrx_word' id='word_1_790' title='bbox 1698 4916 1886 4973; x_wconf 89' lang='lat' dir='ltr'>Patris</span> <span class='ocrx_word' id='word_1_791' title='bbox 1912 4936 1924 4974; x_wconf 91' lang='lat'><strong>:</strong></span> 
     </span>
    </p>
   </div>
   <div class='ocr_carea' id='block_1_99' title="bbox 266 5001 1923 5076">
    <p class='ocr_par' dir='ltr' id='par_1_99' title="bbox 266 5001 1923 5076">
     <span class='ocr_line' id='line_1_99' title="bbox 266 5001 1923 5076; baseline 0.005 -22"><span class='ocrx_word' id='word_1_792' title='bbox 266 5001 370 5072; x_wconf 91' lang='lat' dir='ltr'>qui</span> <span class='ocrx_word' id='word_1_793' title='bbox 404 5001 564 5057; x_wconf 91' lang='lat' dir='ltr'>venit</span> <span class='ocrx_word' id='word_1_794' title='bbox 610 5002 670 5057; x_wconf 94' lang='lat' dir='ltr'>in</span> <span class='ocrx_word' id='word_1_795' title='bbox 718 5003 954 5058; x_wconf 89' lang='lat' dir='ltr'>nomine</span> <span class='ocrx_word' id='word_1_796' title='bbox 986 5002 1176 5075; x_wconf 89' lang='lat' dir='ltr'>ipsius</span> <span class='ocrx_word' id='word_1_797' title='bbox 1208 5002 1301 5058; x_wconf 90' lang='lat' dir='ltr'>cui</span> <span class='ocrx_word' id='word_1_798' title='bbox 1332 5002 1474 5058; x_wconf 92' lang='lat' dir='ltr'>dicit</span> <span class='ocrx_word' id='word_1_799' title='bbox 1529 5004 1654 5076; x_wconf 91' lang='lat' dir='ltr'>ipse</span> <span class='ocrx_word' id='word_1_800' title='bbox 1713 5005 1879 5062; x_wconf 89' lang='lat' dir='ltr'>Pater</span> <span class='ocrx_word' id='word_1_801' title='bbox 1911 5024 1923 5063; x_wconf 87' lang='lat'>:</span> 
     </span>
    </p>
   </div>
   <div class='ocr_carea' id='block_1_100' title="bbox 266 5089 1931 5163">
    <p class='ocr_par' dir='ltr' id='par_1_100' title="bbox 266 5089 1931 5163">
     <span class='ocr_line' id='line_1_100' title="bbox 266 5089 1931 5163; baseline 0.008 -24"><span class='ocrx_word' id='word_1_802' title='bbox 266 5112 297 5139; x_wconf 84' lang='grc'>‹‹</span> <span class='ocrx_word' id='word_1_803' title='bbox 318 5089 605 5163; x_wconf 87' lang='lat' dir='ltr'>Exsurge,</span> <span class='ocrx_word' id='word_1_804' title='bbox 623 5090 809 5163; x_wconf 91' lang='lat' dir='ltr'>gloria</span> <span class='ocrx_word' id='word_1_805' title='bbox 828 5108 1017 5149; x_wconf 89' lang='lat' dir='ltr'>mea.»</span> <span class='ocrx_word' id='word_1_806' title='bbox 1032 5091 1156 5147; x_wconf 94' lang='lat' dir='ltr'>Duo</span> <span class='ocrx_word' id='word_1_807' title='bbox 1179 5096 1320 5147; x_wconf 92' lang='lat' dir='ltr'>sunt</span> <span class='ocrx_word' id='word_1_808' title='bbox 1338 5092 1583 5149; x_wconf 89' lang='lat' dir='ltr'>timores</span> <span class='ocrx_word' id='word_1_809' title='bbox 1608 5111 1620 5148; x_wconf 92' lang='lat'><strong>:</strong></span> <span class='ocrx_word' id='word_1_810' title='bbox 1645 5098 1735 5151; x_wconf 91' lang='lat' dir='ltr'>est</span> <span class='ocrx_word' id='word_1_811' title='bbox 1754 5095 1931 5152; x_wconf 91' lang='lat' dir='ltr'>timor</span> 
     </span>
    </p>
   </div>
   <div class='ocr_carea' id='block_1_101' title="bbox 266 5177 1928 5251">
    <p class='ocr_par' dir='ltr' id='par_1_101' title="bbox 266 5177 1928 5251">
     <span class='ocr_line' id='line_1_101' title="bbox 266 5177 1928 5251; baseline 0.004 -17"><span class='ocrx_word' id='word_1_812' title='bbox 266 5177 525 5247; x_wconf 85' lang='lat' dir='ltr'>servilis,</span> <span class='ocrx_word' id='word_1_813' title='bbox 560 5196 674 5250; x_wconf 90' lang='lat' dir='ltr'>quo</span> <span class='ocrx_word' id='word_1_814' title='bbox 718 5180 885 5235; x_wconf 89' lang='lat' dir='ltr'>timet</span> <span class='ocrx_word' id='word_1_815' title='bbox 931 5197 1133 5237; x_wconf 88' lang='lat' dir='ltr'>servus</span> <span class='ocrx_word' id='word_1_816' title='bbox 1164 5181 1469 5236; x_wconf 88' lang='lat' dir='ltr'>dominum</span> <span class='ocrx_word' id='word_1_817' title='bbox 1521 5199 1718 5251; x_wconf 90' lang='lat' dir='ltr'>suum,</span> <span class='ocrx_word' id='word_1_818' title='bbox 1754 5200 1825 5240; x_wconf 90' lang='lat' dir='ltr'>ne</span> <span class='ocrx_word' id='word_1_819' title='bbox 1856 5186 1928 5241; x_wconf 88' lang='lat' dir='ltr'>ab</span> 
     </span>
    </p>
   </div>
   <div class='ocr_carea' id='block_1_102' title="bbox 264 5265 1929 5341">
    <p class='ocr_par' dir='ltr' id='par_1_102' title="bbox 264 5265 1929 5341">
     <span class='ocr_line' id='line_1_102' title="bbox 264 5265 1929 5341; baseline 0.004 -20"><span class='ocrx_word' id='word_1_820' title='bbox 264 5265 375 5322; x_wconf 91' lang='lat' dir='ltr'>illo</span> <span class='ocrx_word' id='word_1_821' title='bbox 409 5266 754 5339; x_wconf 89' lang='lat' dir='ltr'>ﬁagelletur.</span> <span class='ocrx_word' id='word_1_822' title='bbox 778 5269 881 5324; x_wconf 89' lang='lat' dir='ltr'>Est</span> <span class='ocrx_word' id='word_1_823' title='bbox 928 5268 1108 5325; x_wconf 90' lang='lat' dir='ltr'>timor</span> <span class='ocrx_word' id='word_1_824' title='bbox 1144 5268 1362 5325; x_wconf 91' lang='lat' dir='ltr'>amoris</span> <span class='ocrx_word' id='word_1_825' title='bbox 1391 5286 1505 5341; x_wconf 91' lang='lat' dir='ltr'>quo</span> <span class='ocrx_word' id='word_1_826' title='bbox 1557 5271 1725 5327; x_wconf 89' lang='lat' dir='ltr'>timet</span> <span class='ocrx_word' id='word_1_827' title='bbox 1772 5272 1929 5329; x_wconf 88' lang='lat' dir='ltr'>ﬁlius</span> 
     </span>
    </p>
   </div>
   <div class='ocr_carea' id='block_1_103' title="bbox 261 5355 1932 5430">
    <p class='ocr_par' dir='ltr' id='par_1_103' title="bbox 261 5355 1932 5430">
     <span class='ocr_line' id='line_1_103' title="bbox 261 5355 1932 5430; baseline 0.004 -21"><span class='ocrx_word' id='word_1_828' title='bbox 261 5359 502 5427; x_wconf 87' lang='lat' dir='ltr'>patrem</span> <span class='ocrx_word' id='word_1_829' title='bbox 525 5372 595 5411; x_wconf 92' lang='lat' dir='ltr'>ne</span> <span class='ocrx_word' id='word_1_830' title='bbox 612 5356 686 5411; x_wconf 91' lang='lat' dir='ltr'>ab</span> <span class='ocrx_word' id='word_1_831' title='bbox 708 5355 806 5412; x_wconf 93' lang='lat' dir='ltr'>illo</span> <span class='ocrx_word' id='word_1_832' title='bbox 823 5357 1317 5425; x_wconf 80' lang='lat' dir='ltr'>exhaeredetur,de</span> <span class='ocrx_word' id='word_1_833' title='bbox 1335 5375 1451 5430; x_wconf 93' lang='lat' dir='ltr'>quo</span> <span class='ocrx_word' id='word_1_834' title='bbox 1469 5358 1712 5416; x_wconf 88' lang='lat' dir='ltr'>dicitur:</span> <span class='ocrx_word' id='word_1_835' title='bbox 1730 5361 1932 5416; x_wconf 89' lang='lat' dir='ltr'>Timor</span> 
     </span>
    </p>
   </div>
   <div class='ocr_carea' id='block_1_104' title="bbox 261 5444 1928 5520">
    <p class='ocr_par' dir='ltr' id='par_1_104' title="bbox 261 5444 1928 5520">
     <span class='ocr_line' id='line_1_104' title="bbox 261 5444 1928 5520; baseline 0.002 -19"><span class='ocrx_word' id='word_1_836' title='bbox 261 5444 507 5501; x_wconf 88' lang='lat' dir='ltr'>Domini</span> <span class='ocrx_word' id='word_1_837' title='bbox 532 5450 732 5502; x_wconf 90' lang='lat' dir='ltr'>castus</span> <span class='ocrx_word' id='word_1_838' title='bbox 756 5453 1078 5519; x_wconf 90' lang='lat' dir='ltr'>permanet.</span> <span class='ocrx_word' id='word_1_839' title='bbox 1098 5449 1186 5515; x_wconf 90' lang='lat' dir='ltr'>Et,</span> <span class='ocrx_word' id='word_1_840' title='bbox 1208 5472 1236 5498; x_wconf 85' lang='lat'><strong><em>«</em></strong></span> <span class='ocrx_word' id='word_1_841' title='bbox 1265 5448 1502 5503; x_wconf 91' lang='lat' dir='ltr'>Initium</span> <span class='ocrx_word' id='word_1_842' title='bbox 1531 5448 1830 5520; x_wconf 72' lang='lat' dir='ltr'>sapientia:</span> <span class='ocrx_word' id='word_1_843' title='bbox 1854 5450 1928 5504; x_wconf 83' lang='lat' dir='ltr'>ti-</span> 
     </span>
    </p>
   </div>
   <div class='ocr_carea' id='block_1_105' title="bbox 260 5533 1927 5609">
    <p class='ocr_par' dir='ltr' id='par_1_105' title="bbox 260 5533 1927 5609">
     <span class='ocr_line' id='line_1_105' title="bbox 260 5533 1927 5609; baseline 0.002 -19"><span class='ocrx_word' id='word_1_844' title='bbox 260 5550 402 5590; x_wconf 88' lang='lat' dir='ltr'>mor</span> <span class='ocrx_word' id='word_1_845' title='bbox 422 5533 798 5591; x_wconf 86' lang='lat' dir='ltr'>Domini.»Et</span> <span class='ocrx_word' id='word_1_846' title='bbox 821 5551 870 5591; x_wconf 87' lang='lat'>:«</span> <span class='ocrx_word' id='word_1_847' title='bbox 897 5535 1111 5592; x_wconf 91' lang='lat' dir='ltr'>Beatus</span> <span class='ocrx_word' id='word_1_848' title='bbox 1130 5536 1219 5591; x_wconf 93' lang='lat' dir='ltr'>vir</span> <span class='ocrx_word' id='word_1_849' title='bbox 1241 5536 1341 5608; x_wconf 92' lang='lat' dir='ltr'>qui</span> <span class='ocrx_word' id='word_1_850' title='bbox 1365 5536 1531 5591; x_wconf 90' lang='lat' dir='ltr'>timet</span> <span class='ocrx_word' id='word_1_851' title='bbox 1552 5535 1927 5609; x_wconf 91' lang='lat' dir='ltr'>Dominum,»</span> 
     </span>
    </p>
   </div>
   <div class='ocr_carea' id='block_1_106' title="bbox 256 5621 1926 5701">
    <p class='ocr_par' dir='ltr' id='par_1_106' title="bbox 256 5621 1926 5701">
     <span class='ocr_line' id='line_1_106' title="bbox 256 5621 1926 5701; baseline 0.001 -19"><span class='ocrx_word' id='word_1_852' title='bbox 256 5621 484 5682; x_wconf 80' lang='lat' dir='ltr'>timore</span> <span class='ocrx_word' id='word_1_853' title='bbox 504 5627 706 5681; x_wconf 89' lang='lat' dir='ltr'>sancto</span> <span class='ocrx_word' id='word_1_854' title='bbox 733 5641 745 5682; x_wconf 90' lang='lat'><strong>:</strong></span> <span class='ocrx_word' id='word_1_855' title='bbox 771 5624 843 5680; x_wconf 90' lang='lat' dir='ltr'>de</span> <span class='ocrx_word' id='word_1_856' title='bbox 864 5640 981 5697; x_wconf 91' lang='lat' dir='ltr'>quo</span> <span class='ocrx_word' id='word_1_857' title='bbox 1002 5628 1060 5682; x_wconf 90' lang='lat' dir='ltr'>et</span> <span class='ocrx_word' id='word_1_858' title='bbox 1080 5623 1174 5680; x_wconf 90' lang='lat' dir='ltr'>hic</span> <span class='ocrx_word' id='word_1_859' title='bbox 1200 5623 1432 5681; x_wconf 88' lang='lat' dir='ltr'>dicitur.</span> <span class='ocrx_word' id='word_1_860' title='bbox 1457 5624 1537 5680; x_wconf 88' lang='lat' dir='ltr'>De</span> <span class='ocrx_word' id='word_1_861' title='bbox 1558 5624 1690 5682; x_wconf 89' lang='lat' dir='ltr'>istis</span> <span class='ocrx_word' id='word_1_862' title='bbox 1721 5626 1818 5701; x_wconf 92' lang='lat' dir='ltr'>qui</span> <span class='ocrx_word' id='word_1_863' title='bbox 1854 5627 1926 5683; x_wconf 91' lang='lat' dir='ltr'>ab</span> 
     </span>
    </p>
   </div>
   <div class='ocr_carea' id='block_1_107' title="bbox 2040 4646 3696 4718">
    <p class='ocr_par' dir='ltr' id='par_1_107' title="bbox 2040 4646 3696 4718">
     <span class='ocr_line' id='line_1_107' title="bbox 2040 4646 3696 4718; baseline 0.002 -17"><span class='ocrx_word' id='word_1_864' title='bbox 2040 4651 2347 4718; x_wconf 77' lang='lat' dir='ltr'>martyres,</span> <span class='ocrx_word' id='word_1_865' title='bbox 2382 4662 2706 4717; x_wconf 90' lang='lat' dir='ltr'>omnesque</span> <span class='ocrx_word' id='word_1_866' title='bbox 2744 4646 3013 4702; x_wconf 88' lang='lat' dir='ltr'>doctores</span> <span class='ocrx_word' id='word_1_867' title='bbox 3054 4651 3271 4701; x_wconf 69' lang='lat' dir='ltr'>sanetae</span> <span class='ocrx_word' id='word_1_868' title='bbox 3301 4647 3593 4715; x_wconf 73' lang='lat' dir='ltr'>Ecclesiae,</span> <span class='ocrx_word' id='word_1_869' title='bbox 3625 4650 3696 4706; x_wconf 92' lang='lat' dir='ltr'>de</span> 
     </span>
    </p>
   </div>
   <div class='ocr_carea' id='block_1_108' title="bbox 2039 4733 3694 4808">
    <p class='ocr_par' dir='ltr' id='par_1_108' title="bbox 2039 4733 3694 4808">
     <span class='ocr_line' id='line_1_108' title="bbox 2039 4733 3694 4808; baseline 0.002 -18"><span class='ocrx_word' id='word_1_870' title='bbox 2039 4752 2290 4808; x_wconf 90' lang='lat' dir='ltr'>quorum</span> <span class='ocrx_word' id='word_1_871' title='bbox 2324 4751 2421 4789; x_wconf 89' lang='lat' dir='ltr'>ore</span> <span class='ocrx_word' id='word_1_872' title='bbox 2450 4734 2737 4805; x_wconf 90' lang='lat' dir='ltr'>processit</span> <span class='ocrx_word' id='word_1_873' title='bbox 2765 4733 3031 4790; x_wconf 87' lang='lat' dir='ltr'>doctrina</span> <span class='ocrx_word' id='word_1_874' title='bbox 3060 4734 3286 4791; x_wconf 89' lang='lat' dir='ltr'>Veteris</span> <span class='ocrx_word' id='word_1_875' title='bbox 3322 4740 3380 4791; x_wconf 91' lang='lat' dir='ltr'>et</span> <span class='ocrx_word' id='word_1_876' title='bbox 3412 4737 3551 4792; x_wconf 92' lang='lat' dir='ltr'>Novi</span> <span class='ocrx_word' id='word_1_877' title='bbox 3585 4739 3694 4794; x_wconf 85' lang='lat' dir='ltr'>Te-</span> 
     </span>
    </p>
   </div>
   <div class='ocr_carea' id='block_1_109' title="bbox 2039 4822 3691 4897">
    <p class='ocr_par' dir='ltr' id='par_1_109' title="bbox 2039 4822 3691 4897">
     <span class='ocr_line' id='line_1_109' title="bbox 2039 4822 3691 4897; baseline 0.002 -18"><span class='ocrx_word' id='word_1_878' title='bbox 2039 4823 2336 4879; x_wconf 90' lang='lat' dir='ltr'>stamenti.</span> <span class='ocrx_word' id='word_1_879' title='bbox 2362 4822 2617 4894; x_wconf 90' lang='lat' dir='ltr'>Spiritus</span> <span class='ocrx_word' id='word_1_880' title='bbox 2647 4822 2804 4877; x_wconf 90' lang='lat' dir='ltr'>enim</span> <span class='ocrx_word' id='word_1_881' title='bbox 2837 4827 3077 4880; x_wconf 90' lang='lat' dir='ltr'>sanctus</span> <span class='ocrx_word' id='word_1_882' title='bbox 3109 4823 3209 4897; x_wconf 91' lang='lat' dir='ltr'>qui</span> <span class='ocrx_word' id='word_1_883' title='bbox 3234 4825 3435 4881; x_wconf 89' lang='lat' dir='ltr'>docuit</span> <span class='ocrx_word' id='word_1_884' title='bbox 3457 4827 3691 4894; x_wconf 87' lang='lat' dir='ltr'>Isaiam,</span> 
     </span>
    </p>
   </div>
   <div class='ocr_carea' id='block_1_110' title="bbox 2038 4911 3692 4986">
    <p class='ocr_par' dir='ltr' id='par_1_110' title="bbox 2038 4911 3692 4986">
     <span class='ocr_line' id='line_1_110' title="bbox 2038 4911 3692 4986; baseline 0.002 -19"><span class='ocrx_word' id='word_1_885' title='bbox 2038 4911 2305 4967; x_wconf 88' lang='lat' dir='ltr'>transivit</span> <span class='ocrx_word' id='word_1_886' title='bbox 2336 4928 2440 4983; x_wconf 88' lang='lat' dir='ltr'>per</span> <span class='ocrx_word' id='word_1_887' title='bbox 2468 4927 2840 4968; x_wconf 87' lang='lat' dir='ltr'>successores</span> <span class='ocrx_word' id='word_1_888' title='bbox 2870 4913 2942 4968; x_wconf 89' lang='lat' dir='ltr'>ad</span> <span class='ocrx_word' id='word_1_889' title='bbox 2984 4913 3301 4986; x_wconf 89' lang='lat' dir='ltr'>apostolos.</span> <span class='ocrx_word' id='word_1_890' title='bbox 3331 4914 3462 4970; x_wconf 89' lang='lat' dir='ltr'>Ideo</span> <span class='ocrx_word' id='word_1_891' title='bbox 3494 4919 3692 4971; x_wconf 89' lang='lat' dir='ltr'>autem</span> 
     </span>
    </p>
   </div>
   <div class='ocr_carea' id='block_1_111' title="bbox 2039 5000 3694 5075">
    <p class='ocr_par' dir='ltr' id='par_1_111' title="bbox 2039 5000 3694 5075">
     <span class='ocr_line' id='line_1_111' title="bbox 2039 5000 3694 5075; baseline 0.003 -21"><span class='ocrx_word' id='word_1_892' title='bbox 2039 5000 2198 5065; x_wconf 90' lang='lat' dir='ltr'>dicit,</span> <span class='ocrx_word' id='word_1_893' title='bbox 2231 5000 2441 5056; x_wconf 91' lang='lat' dir='ltr'>amodo</span> <span class='ocrx_word' id='word_1_894' title='bbox 2480 5005 2537 5056; x_wconf 89' lang='lat' dir='ltr'>et</span> <span class='ocrx_word' id='word_1_895' title='bbox 2582 5017 2771 5073; x_wconf 88' lang='lat' dir='ltr'>usque</span> <span class='ocrx_word' id='word_1_896' title='bbox 2820 5001 2880 5057; x_wconf 91' lang='lat' dir='ltr'>in</span> <span class='ocrx_word' id='word_1_897' title='bbox 2927 5003 3373 5075; x_wconf 90' lang='lat' dir='ltr'>sempiternum,</span> <span class='ocrx_word' id='word_1_898' title='bbox 3407 5003 3694 5060; x_wconf 90' lang='lat' dir='ltr'>subaudis</span> 
     </span>
    </p>
   </div>
   <div class='ocr_carea' id='block_1_112' title="bbox 2040 5090 3692 5149">
    <p class='ocr_par' dir='ltr' id='par_1_112' title="bbox 2040 5090 3692 5149">
     <span class='ocr_line' id='line_1_112' title="bbox 2040 5090 3692 5149; baseline 0.003 -5"><span class='ocrx_word' id='word_1_899' title='bbox 2040 5106 2155 5145; x_wconf 90' lang='lat' dir='ltr'>non</span> <span class='ocrx_word' id='word_1_900' title='bbox 2185 5090 2454 5145; x_wconf 89' lang='lat' dir='ltr'>recedent</span> <span class='ocrx_word' id='word_1_901' title='bbox 2473 5090 2650 5145; x_wconf 89' lang='lat' dir='ltr'>verba</span> <span class='ocrx_word' id='word_1_902' title='bbox 2672 5106 2802 5145; x_wconf 89' lang='lat' dir='ltr'>mea</span> <span class='ocrx_word' id='word_1_903' title='bbox 2823 5091 2893 5145; x_wconf 90' lang='lat' dir='ltr'>de</span> <span class='ocrx_word' id='word_1_904' title='bbox 2915 5107 3013 5146; x_wconf 90' lang='lat' dir='ltr'>ore</span> <span class='ocrx_word' id='word_1_905' title='bbox 3033 5096 3132 5147; x_wconf 88' lang='lat' dir='ltr'>tuo</span> <span class='ocrx_word' id='word_1_906' title='bbox 3153 5095 3210 5147; x_wconf 90' lang='lat' dir='ltr'>et</span> <span class='ocrx_word' id='word_1_907' title='bbox 3230 5093 3300 5148; x_wconf 93' lang='lat' dir='ltr'>de</span> <span class='ocrx_word' id='word_1_908' title='bbox 3322 5107 3420 5147; x_wconf 92' lang='lat' dir='ltr'>ore</span> <span class='ocrx_word' id='word_1_909' title='bbox 3448 5092 3692 5149; x_wconf 91' lang='lat' dir='ltr'>seminis</span> 
     </span>
    </p>
   </div>
   <div class='ocr_carea' id='block_1_113' title="bbox 2038 5177 3692 5251">
    <p class='ocr_par' dir='ltr' id='par_1_113' title="bbox 2038 5177 3692 5251">
     <span class='ocr_line' id='line_1_113' title="bbox 2038 5177 3692 5251; baseline 0.002 -19"><span class='ocrx_word' id='word_1_910' title='bbox 2038 5178 2122 5233; x_wconf 92' lang='lat' dir='ltr'>tui</span> <span class='ocrx_word' id='word_1_911' title='bbox 2160 5195 2172 5232; x_wconf 95' lang='lat'>:</span> <span class='ocrx_word' id='word_1_912' title='bbox 2209 5178 2348 5251; x_wconf 91' lang='lat' dir='ltr'>quia</span> <span class='ocrx_word' id='word_1_913' title='bbox 2373 5177 2682 5251; x_wconf 85' lang='lat' dir='ltr'>Evangelio</span> <span class='ocrx_word' id='word_1_914' title='bbox 2713 5195 2828 5233; x_wconf 93' lang='lat' dir='ltr'>non</span> <span class='ocrx_word' id='word_1_915' title='bbox 2862 5179 3137 5234; x_wconf 91' lang='lat' dir='ltr'>succedet</span> <span class='ocrx_word' id='word_1_916' title='bbox 3164 5179 3280 5235; x_wconf 89' lang='lat' dir='ltr'>alia</span> <span class='ocrx_word' id='word_1_917' title='bbox 3306 5179 3418 5236; x_wconf 82' lang='lat' dir='ltr'>lex.</span> <span class='ocrx_word' id='word_1_918' title='bbox 3444 5179 3606 5236; x_wconf 90' lang='lat' dir='ltr'>Unde</span> <span class='ocrx_word' id='word_1_919' title='bbox 3634 5185 3692 5236; x_wconf 89' lang='lat' dir='ltr'>et</span> 
     </span>
    </p>
   </div>
   <div class='ocr_carea' id='block_1_114' title="bbox 2038 5258 3690 5342">
    <p class='ocr_par' dir='ltr' id='par_1_114' title="bbox 2038 5258 3690 5342">
     <span class='ocr_line' id='line_1_114' title="bbox 2038 5258 3690 5342; baseline 0.001 -20"><span class='ocrx_word' id='word_1_920' title='bbox 2038 5268 2295 5323; x_wconf 90' lang='lat' dir='ltr'>Joannes</span> <span class='ocrx_word' id='word_1_921' title='bbox 2342 5266 2699 5338; x_wconf 90' lang='lat' dir='ltr'>evangelista</span> <span class='ocrx_word' id='word_1_922' title='bbox 2729 5258 2980 5323; x_wconf 23' lang='lat' dir='ltr'>dicit‘se</span> <span class='ocrx_word' id='word_1_923' title='bbox 3009 5267 3225 5324; x_wconf 86' lang='lat' dir='ltr'>vidisse</span> <span class='ocrx_word' id='word_1_924' title='bbox 3273 5267 3548 5342; x_wconf 90' lang='lat' dir='ltr'>angelum</span> <span class='ocrx_word' id='word_1_925' title='bbox 3583 5268 3690 5324; x_wconf 86' lang='lat' dir='ltr'>ha—</span> 
     </span>
    </p>
   </div>
   <div class='ocr_carea' id='block_1_115' title="bbox 2038 5354 3690 5430">
    <p class='ocr_par' dir='ltr' id='par_1_115' title="bbox 2038 5354 3690 5430">
     <span class='ocr_line' id='line_1_115' title="bbox 2038 5354 3690 5430; baseline 0.002 -20"><span class='ocrx_word' id='word_1_926' title='bbox 2038 5357 2271 5412; x_wconf 90' lang='lat' dir='ltr'>bentem</span> <span class='ocrx_word' id='word_1_927' title='bbox 2304 5354 2681 5428; x_wconf 88' lang='lat' dir='ltr'>Evangelium</span> <span class='ocrx_word' id='word_1_928' title='bbox 2704 5358 2986 5410; x_wconf 69' lang='lat' dir='ltr'>mternum</span> <span class='ocrx_word' id='word_1_929' title='bbox 3014 5357 3193 5429; x_wconf 82' lang='lat' dir='ltr'>(Apoc.</span> <span class='ocrx_word' id='word_1_930' title='bbox 3214 5359 3352 5430; x_wconf 69' lang='lat' dir='ltr'>xxv).</span> <span class='ocrx_word' id='word_1_931' title='bbox 3378 5358 3485 5425; x_wconf 77' lang='lat' dir='ltr'>Qui</span> <span class='ocrx_word' id='word_1_932' title='bbox 3513 5374 3690 5430; x_wconf 87' lang='lat' dir='ltr'>ange-</span> 
     </span>
    </p>
   </div>
   <div class='ocr_carea' id='block_1_116' title="bbox 2038 5442 3688 5519">
    <p class='ocr_par' dir='ltr' id='par_1_116' title="bbox 2038 5442 3688 5519">
     <span class='ocr_line' id='line_1_116' title="bbox 2038 5442 3688 5519; baseline 0.001 -19"><span class='ocrx_word' id='word_1_933' title='bbox 2038 5444 2131 5500; x_wconf 91' lang='lat' dir='ltr'>lus</span> <span class='ocrx_word' id='word_1_934' title='bbox 2183 5444 2594 5517; x_wconf 67' lang='lat' dir='ltr'>prazﬁgurabat</span> <span class='ocrx_word' id='word_1_935' title='bbox 2649 5442 2966 5499; x_wconf 91' lang='lat' dir='ltr'>Dominum</span> <span class='ocrx_word' id='word_1_936' title='bbox 2997 5446 3200 5501; x_wconf 86' lang='lat' dir='ltr'>Jesum</span> <span class='ocrx_word' id='word_1_937' title='bbox 3233 5445 3531 5502; x_wconf 88' lang='lat' dir='ltr'>Christum</span> <span class='ocrx_word' id='word_1_938' title='bbox 3586 5447 3688 5519; x_wconf 91' lang='lat' dir='ltr'>qui</span> 
     </span>
    </p>
   </div>
   <div class='ocr_carea' id='block_1_117' title="bbox 2040 5532 3686 5607">
    <p class='ocr_par' dir='ltr' id='par_1_117' title="bbox 2040 5532 3686 5607">
     <span class='ocr_line' id='line_1_117' title="bbox 2040 5532 3686 5607; baseline 0.001 -17"><span class='ocrx_word' id='word_1_939' title='bbox 2040 5535 2210 5590; x_wconf 93' lang='lat' dir='ltr'>nobis</span> <span class='ocrx_word' id='word_1_940' title='bbox 2259 5532 2631 5589; x_wconf 89' lang='lat' dir='ltr'>credentibus</span> <span class='ocrx_word' id='word_1_941' title='bbox 2661 5532 2821 5588; x_wconf 89' lang='lat' dir='ltr'>dedit</span> <span class='ocrx_word' id='word_1_942' title='bbox 2868 5534 3273 5607; x_wconf 87' lang='lat' dir='ltr'>Evangelicam</span> <span class='ocrx_word' id='word_1_943' title='bbox 3322 5534 3686 5606; x_wconf 90' lang='lat' dir='ltr'>doctrinam;</span> 
     </span>
    </p>
   </div>
   <div class='ocr_carea' id='block_1_118' title="bbox 2040 5621 3685 5698">
    <p class='ocr_par' dir='ltr' id='par_1_118' title="bbox 2040 5621 3685 5698">
     <span class='ocr_line' id='line_1_118' title="bbox 2040 5621 3685 5698; baseline 0.001 -18"><span class='ocrx_word' id='word_1_944' title='bbox 2040 5625 2108 5680; x_wconf 91' lang='lat' dir='ltr'>de</span> <span class='ocrx_word' id='word_1_945' title='bbox 2141 5640 2257 5698; x_wconf 90' lang='lat' dir='ltr'>qua</span> <span class='ocrx_word' id='word_1_946' title='bbox 2311 5622 2437 5697; x_wconf 89' lang='lat' dir='ltr'>ipse</span> <span class='ocrx_word' id='word_1_947' title='bbox 2492 5621 2637 5678; x_wconf 83' lang='lat' dir='ltr'>dixit</span> <span class='ocrx_word' id='word_1_948' title='bbox 2669 5638 2720 5679; x_wconf 85' lang='lat'>:«</span> <span class='ocrx_word' id='word_1_949' title='bbox 2752 5621 2974 5680; x_wconf 73' lang='lat' dir='ltr'>leum</span> <span class='ocrx_word' id='word_1_950' title='bbox 3013 5628 3071 5680; x_wconf 90' lang='lat' dir='ltr'>et</span> <span class='ocrx_word' id='word_1_951' title='bbox 3116 5628 3272 5680; x_wconf 90' lang='lat' dir='ltr'>terra</span> <span class='ocrx_word' id='word_1_952' title='bbox 3326 5622 3685 5697; x_wconf 86' lang='lat' dir='ltr'>transibunt,</span> 
     </span>
    </p>
   </div>
  </div>
