4106 6190
439 355 590 421 θιΟτΜ

866 355 1269 417 HAYMONIS
1301 335 2120 414 HALBERSTAT.‘EFTSC.
2156 348 2326 409 OPP.
2359 351 2562 411 PARS
2593 351 2641 411 Ι.
2675 383 2753 395 -—
2781 349 3186 413 COMMENT.
3219 349 3418 411 BIBL.

3686 348 3847 408 1032

440 492 616 550 verba
662 494 854 547 autem
904 503 1035 542 mea
1082 475 1198 541 non
1245 485 1585 542 transibunt
1613 483 1816 552 (Matth.
1848 484 2023 552 xx1v).
2050 503 2079 530 »
2113 481 2166 550 Α
2196 481 2514 554 gationcin,
2539 499 2714 556 surge
2735 499 2840 556 per
2856 498 3051 539 veram
3083 481 3673 547 confessiOnem.Quae
3696 480 3846 537 ceci-

1075 627 1305 684 CAPUT
1344 627 1456 683 LX.

511 779 539 805 «
565 756 768 828 Surge,
794 753 1148 821 illuminare,
1172 751 1519 819 Jerusalem,
1545 750 1682 823 quia
1700 748 1857 806 venit
1886 749 2084 805 lumen

440 848 630 911 tuum,
662 847 723 898 et
749 842 935 915 gloria
964 841 1195 897 Domini
1236 858 1414 914 super
1449 846 1506 895 te
1545 846 1673 896 orta
1702 844 1810 895 est.
1839 863 1866 888 »
1897 839 2084 895 Judaei

442 933 587 988 falso
621 949 813 989 errore
852 932 1099 1003 decepti,
1133 934 1190 986 et
1227 931 1494 1002 quiedam
1524 947 1675 986 vana
1713 930 1943 985 somnia
1972 928 2084 983 sibi

439 1023 747 1096 ﬁngentes,
768 1013 1177 1077 referuntth
1207 1020 1405 1076 omnia
1436 1020 1508 1075 ad
1534 1023 1768 1091 tempus
1800 1017 1958 1072 mille
1990 1034 2088 1071 an~

439 1124 671 1180 noriJm,
691 1126 807 1183 quo
832 1111 1038 1166 dicunt
1066 1128 1126 1165 se
1157 1114 1500 1183 regnaturos
1532 1125 1666 1163 cum
1699 1106 1926 1162 Christo
1958 1124 2088 1162 suo-

440 1211 616 1273 quem
638 1216 746 1255 nos
766 1192 1192 1255 Antichristum
1214 1197 1499 1252 dicimus:
1523 1200 1580 1252 et
1600 1214 1703 1269 per
1723 1195 2084 1251 Hierusalem

440 1290 614 1345 istam
643 1289 846 1344 volunt
881 1285 1204 1358 intelligere
1234 1285 1394 1341 illam
1437 1303 1673 1341 auream
1706 1290 1764 1341 et
1793 1289 2082 1354 ornatam,

439 1389 617 1449 quam
648 1379 958 1431 autumant
987 1374 1335 1430 descendere
1365 1374 1435 1429 de
1456 1373 1620 1442 caelo,
1641 1375 1810 1446 cujus
1830 1374 2085 1430 Joannes

438 1463 795 1536 evangelista
834 1463 972 1518 facit
1029 1461 1385 1518 mentionem
1434 1462 1494 1517 in
1542 1462 1888 1535 Apocalypsi
1919 1464 2081 1534 (Cap.

438 1553 553 1626 χχι)
579 1568 592 1608 :
617 1568 792 1624 super
812 1568 989 1623 quam
1026 1568 1132 1606 nos
1156 1556 1420 1606 sanctam
1463 1551 1781 1607 Ecclesium
1815 1551 2086 1624 intelligi-

441 1654 727 1713 mus,q‘uae
748 1646 837 1697 est
858 1645 1062 1696 ornata
1083 1640 1257 1696 variis
1286 1641 1592 1697 ordinibus
1624 1646 1680 1698 et
1700 1641 1944 1697 diversis
1977 1641 2086 1697 vir-

2195 570 2331 627 disti
2364 572 2423 626 in
2453 571 2628 640 vitiis,
2654 589 2829 644 surge
2854 571 2911 626 in
2943 572 3276 627 virtutibus.
3303 570 3375 626 Et
3404 574 3718 643 postquam
3751 586 3845 625 ex-

2194 661 2538 728 surrexeris,
2567 659 2925 729 illuminare,
2948 659 3147 727 idest,
3171 659 3369 732 accipe
3398 659 3571 714 ﬁdem
3606 657 3844 725 Christi,

2193 748 2333 820 quia
2361 749 2519 804 venit
2547 748 2746 805 lumen
2776 753 2966 816 tuum,
2991 749 3145 821 quod
3176 747 3279 804 tibi
3312 751 3516 803 omnes
3547 746 3846 820 propheta:

2194 837 2612 908 promittebant
2629 842 2942 893 venturum
2974 837 3046 892 ad
3077 835 3537 909 redemptionem
3569 840 3755 891 tuam.
3779 834 3850 891 Il-

2193 924 2293 980 lud
2319 926 2825 999 (inquam)lumen
2845 927 3005 983 venit
3035 926 3136 981 tibi
3166 926 3323 997 quod
3346 949 3371 974 ‹‹
3398 925 3697 980 illuminat
3717 941 3844 980 om-

2197 1030 2329 1070 nem
2363 1015 2659 1071 hominem
2690 1016 3015 1071 venientem
3050 1015 3108 1070 in
3146 1013 3303 1070 hunc
3331 1014 3616 1069 mundum
3652 1017 3842 1081 (Joan.

2194 1106 2255 1175 1).
2293 1127 2320 1154 »
2345 1104 2611 1161 Christus
2637 1104 2923 1174 videlicet,
2956 1104 3097 1177 quia
3139 1104 3286 1159 dixit
3317 1122 3375 1158 :u
3407 1104 3527 1177 Ego
3554 1118 3688 1158 sum
3745 1101 3845 1157 lux

2195 1193 2400 1249 mundi
2422 1195 2605 1267 (Joan.
2628 1194 2963 1267 vm).»Jam
2993 1194 3153 1249 venit
3182 1192 3451 1249 Christus
3501 1209 3605 1264 per
3650 1191 3843 1246 incar-

2195 1282 2451 1339 nationis
2481 1283 2846 1357 mysterium,
2873 1300 2907 1339 a
2945 1299 3060 1355 quo
3100 1281 3550 1349 illuminaberis,
3581 1280 3633 1336 si
3666 1279 3842 1335 fidem

2193 1374 2323 1444 ejus
2353 1371 2701 1445 susceperis.
2724 1372 2795 1428 Et
2824 1371 3012 1445 gloria
3030 1371 3261 1428 Domini
3292 1387 3470 1444 super
3489 1373 3546 1427 te
3572 1374 3702 1426 orta
3728 1373 3839 1437 est,

2192 1477 2225 1517 ο
2257 1459 2535 1529 Ecclesia,
2568 1461 2722 1516 sicut
2752 1459 2837 1516 sol
2877 1460 3066 1516 oritur
3102 1463 3160 1515 et
3198 1457 3495 1515 illuminat
3525 1457 3839 1520 mundum,

2193 1566 2321 1621 qua)
2352 1550 2651 1622 quondam
2673 1547 2819 1606 Mosi
2849 1548 2907 1604 in
2932 1549 3162 1605 deserto
3184 1547 3475 1604 dedicanti
3504 1547 3844 1602 tabernacu-

2192 1638 2338 1709 lum,
2370 1644 2427 1695 et
2477 1638 2775 1696 Salomoni
2832 1638 3124 1694 dedicanti
3179 1637 3465 1711 templum
3497 1637 3556 1692 in
3588 1635 3838 1708 ﬁguram

438 1730 911 1785 tutibus.Dicunt
926 1730 1102 1785 etiam
1126 1730 1236 1803 ipsi
1259 1729 1554 1802 falsiloqui
1573 1730 1793 1804 gravati
1816 1745 2083 1786 sermone
2182 1727 2484 1802 apparuit.
2521 1728 2816 1801 Legimus,
2849 1728 3004 1800 quod
3037 1727 3271 1800 quando
3312 1724 3503 1783 Meaes
3538 1723 3844 1780 aediﬁcavit

435 1806 840 1891 erroris,'quod
865 1835 1070 1874 omnes
1091 1823 1295 1890 gentes
1318 1823 1458 1874 tunc
1479 1820 1759 1891 temporis
1789 1819 2081 1874 serviturae

436 1906 557 1962 sint
587 1906 775 1975 eis,.et
805 1906 1012 1963 cameli
1036 1923 1101 1963 ac
1133 1908 1442 1964 dromades
1474 1906 1706 1963 Madian
1738 1911 1793 1963 et
1820 1907 1984 1980 Epha
2015 1909 2086 1964 de

436 1995 589 2051 Saba
618 1996 939 2062 venientes,
964 2013 1173 2051 aurum
1207 1997 1468 2052 deferant
1497 2001 1556 2051 et
1585 1996 1722 2053 thus
1747 2014 1760 2051 :
1795 2001 1851 2052 et
1881 2014 2085 2053 omnes

435 2098 570 2166 oves
599 2084 785 2140 Cedar
839 2088 1286 2157 congregentur,
1329 2089 1388 2166 et
1427 2085 1636 2141 arietes
1693 2086 1977 2142 Nabaioth
2011 2087 2084 2142 ad

435 2164 795 2229 oll'erendum
831 2179 941 2230 Deo
972 2190 1150 2246 super
1207 2164 1390 2230 altare
1445 2174 1647 2247 templi
1678 2176 1833 2247 quod
1866 2175 1951 2231 illi
1983 2194 2086 2231 ex-

436 2267 795 2328 struxerunt,
818 2268 874 2317 et
899 2266 1104 2319 caetera
1133 2267 1379 2318 ventura
1409 2264 1528 2319 sint
1552 2263 1636 2320 eis
1669 2282 1794 2336 quae
1828 2264 1920 2320 hic
1952 2282 2083 2319 nar-

436 2343 660 2405 rantur.
696 2350 807 2405 Sed
842 2349 962 2405 haec
992 2350 1191 2405 omnia
1229 2367 1335 2405 nos
1367 2350 1685 2407 falsissima
1734 2356 1791 2407 et
1839 2352 2083 2408 vanissi-

434 2454 532 2494 ma
555 2439 923 2511 deputantes,
950 2439 1023 2493 ad
1056 2437 1375 2494 Ecclesium
1408 2438 1765 2511 primitivam
1796 2458 1865 2495 ea
1894 2441 2088 2496 referi-

436 2545 589 2595 mus,
614 2544 742 2600 qua:
763 2525 1002 2583 collecta
1023 2530 1113 2583 est
1143 2544 1212 2582 ex
1231 2528 1471 2596 Judaeis,
1497 2527 1555 2583 in
1589 2528 2088 2601 apostolis.videli-

434 2620 525 2672 ce‘t
553 2615 654 2689 qui
685 2619 822 2672 ante
865 2617 1199 2689 passionem
1243 2617 1472 2673 Domini
1514 2619 1904 2687 crediderunt,
1938 2628 1994 2676 et
2024 2620 2084 2675 in

432 2704 552 2762 illis
580 2706 679 2778 qui
713 2709 847 2779 post
875 2705 1037 2762 illius
1059 2706 1543 2777 resurrectionem
1566 2708 2086 2781 ascensionemmie

434 2792 505 2849 ad
541 2794 737 2863 oculos,
782 2794 1240 2866 praedicantibus
1293 2794 1573 2867 apostolis
1622 2794 1797 2852 ﬁdem
1851 2796 2086 2852 Domini

434 2886 853 2956 perceperunt:
881 2884 950 2939 de
981 2883 1199 2956 quibus
1231 2884 1373 2940 dicit
1402 2885 1589 2940 Lucas
1614 2902 1627 2940 :
1655 2886 1815 2951 Quod
1848 2903 1964 2942 uno
1994 2885 2086 2941 die

433 2971 809 3028 crediderunt
852 2973 966 3028 tria
1013 2973 1198 3029 millia
1220 2974 1353 3042 (Act.
1378 2978 1544 3043 11),et
1572 2980 1777 3030 caetera
1815 2992 1940 3047 qua:
1992 2991 2085 3030 sc-

434 3064 719 3134 quuntur.
735 3061 847 3117 Sed
871 3066 928 3118 et
946 3061 1055 3118 hoc
1077 3063 1569 3119 considerandum
1591 3068 1699 3132 est,
1724 3062 1862 3136 quia
1886 3064 2087 3120 llieru-

434 3150 616 3205 salem
649 3155 903 3222 quatuor
930 3152 1118 3207 modis
1159 3151 1508 3225 intelligitur
1534 3152 1593 3207 in
1625 3170 1788 3208 sacro
1832 3152 2083 3226 eloquio.

436 3237 696 3292 Primum
729 3238 1081 3311 intelligitur
1109 3240 1182 3295 ad
1211 3256 1451 3296 sensum
1485 3240 1692 3297 littera:
1725 3236 2084 3297 Hierusalem
2109 3225 2151 3292 Ο

434 3324 641 3379 civitas
664 3341 1029 3396 magnaque:
1049 3327 1187 3381 olim
1210 3327 1376 3383 Jcbet
1395 3333 1452 3383 et
1472 3328 1606 3385 inde
1623 3330 1814 3385 Salem
1837 3329 2086 3402 appella-

437 3404 497 3467 ta
525 3416 614 3467 est
646 3410 703 3466 in
735 3416 933 3468 monte
964 3414 1102 3469 Sion
1133 3412 1220 3469 vel
1265 3415 1448 3471 Moria
1493 3416 1626 3485 sita,
1662 3418 1760 3472 ubi
1789 3419 2083 3475 Abraham

433 3499 648 3556 obtulit
672 3499 1024 3575 filium(6en.
1042 3502 1241 3571 x11),de
1263 3519 1380 3575 qua
1404 3503 1689 3559 Dominus
1710 3505 1850 3560 dicit
1867 3522 1917 3561 :«
1937 3506 2083 3561 Cum

434 3590 696 3647 videritis
716 3590 1069 3648 circnmdari
1101 3592 1173 3647 ab
1207 3592 1459 3648 exercitu
1492 3591 1852 3650 Hierusalem
1877 3594 2081 3667 (Matth.

432 3684 642 3750 xx1v),»
669 3685 726 3737 et
756 3686 984 3737 caetera.
1011 3681 1280 3738 Secundo
1312 3682 1527 3738 dicitur
1555 3682 1804 3740 cmlestis
1832 3684 2085 3741 beatitu-

434 3770 529 3839 do,
554 3770 654 3825 ubi
676 3770 990 3827 multitudo
1011 3772 1352 3844 angelorum
1374 3778 1432 3828 et
1452 3772 1779 3830 cmlestium
1798 3776 2083 3831 virtutum

436 3859 674 3932 agmina
704 3859 1056 3927 consistunt,
1082 3866 1140 3916 et
1171 3861 1401 3917 sociata:
1433 3867 1491 3918 et
1526 3864 1747 3935 juncta:
1778 3869 1918 3920 sunt
1966 3864 2084 3921 illis

380 3948 381 3951 “
435 3947 643 4003 anima:
676 3953 1037 4017 sanctorum,
1061 3950 1131 4005 de
1163 3967 1282 4022 qua
1319 3950 1459 4006 dicit
1504 3951 1773 4025 egregius
1804 3954 2082 4025 praedica-

436 4040 528 4092 tor
551 4053 602 4090 ;‹‹
629 4035 733 4092 Illa
763 4042 958 4093 autem
990 4056 1116 4110 quae
1139 4057 1377 4095 sursum
1410 4044 1500 4097 est
1528 4040 1879 4111 Jerusalem,
1903 4043 2087 4100 libera

434 4129 524 4181 est
543 4126 683 4197 (Gal.
708 4126 903 4198 xe11).»
924 4127 1119 4183 Tertio
1159 4129 1331 4184 modo
1362 4129 1692 4203 appellatur
1720 4131 2083 4188 Hierusalem

436 4226 694 4283 presens
750 4213 1027 4286 Ecclesia,
1062 4215 1116 4270 id
1162 4219 1251 4271 est
1307 4219 1679 4290 congregatio
1739 4219 1999 4276 fidelium
2030 4226 2086 4278 et

436 4296 754 4355 electorum
788 4301 846 4355 in
879 4317 1021 4373 pace
1050 4303 1275 4357 Domini
1299 4304 1640 4373 constituta,
1665 4312 1721 4363 et
1751 4308 1809 4363 in
1841 4307 2081 4380 visione,

436 4391 493 4444 et
521 4388 1014 4462 contemplatione
1045 4389 1206 4447 illius
1238 4408 1474 4448 sursum
1505 4393 1745 4464 elevata,
1774 4398 1845 4453 de
1866 4415 1984 4470 qua
2004 4400 2085 4454 di-

436 4476 590 4533 citur
621 4495 682 4534 :u
708 4478 1031 4536 Jerusalem
1084 4497 1210 4552 quae
1242 4481 1566 4537 aediﬁcatur
1594 4487 1658 4538 ut
1687 4482 1889 4541 civitas
1911 4489 2082 4556 (Psat.

2191 1816 2661 1887 tabernaculum,
2688 1822 2747 1875 et
2767 1817 3042 1874 Salomon
3068 1815 3380 1890 templum,
3397 1814 3583 1890 gloria
3610 1812 3843 1870 Domini

2194 1912 2431 1964 ostensa
2458 1911 2548 1963 est
2568 1906 2651 1963 eis
2673 1923 2800 1979 qua:
2832 1905 3243 1979 praeﬂgurabat
3259 1904 3471 1961 Filium
3502 1903 3738 1975 Dei,qui
3758 1904 3847 1958 est

2194 1995 2383 2069 gloria
2408 1995 2599 2052 Patris
2622 2013 2634 2051 :
2666 1996 2819 2052 sicut
2847 1996 3002 2051 idem
3035 1995 3203 2050 Pater
3231 1994 3376 2050 dixit
3403 1993 3454 2049 ei
3478 2010 3532 2048 :«
3563 1993 3844 2064 Exsurge,

2194 2084 2379 2160 gloria
2399 2103 2587 2141 mea.»
2606 2086 2675 2140 Et
2695 2084 2996 2157 respondit
3016 2083 3099 2139 illi
3118 2081 3301 2157 gloria
3323 2099 3430 2138 sua
3448 2099 3498 2137 :«
3523 2081 3847 2153 Exs’urga'm

2196 2174 2513 2230 diluculo.»
2525 2173 2627 2229 Vel
2650 2174 2826 2229 etiam
2849 2188 2953 2245 per
2971 2173 3080 2228 hoc
3100 2173 3253 2245 quod
3275 2170 3463 2244 gloria
3483 2169 3716 2226 Domini
3739 2171 3848 2237 eat,

2196 2263 2482 2336 quidquid
2511 2261 2778 2318 mirabile
2806 2262 2870 2317 fit
2900 2261 2959 2316 in
2982 2261 3124 2317 ccelo
3151 2264 3209 2316 et
3237 2260 3297 2315 in
3328 2263 3504 2327 terra,
3528 2274 3849 2331 possumus

2194 2357 2251 2407 et
2279 2351 2389 2408 hoc
2420 2352 2632 2407 referre
2662 2351 2732 2405 ad
2766 2349 3013 2423 gloriam
3044 2347 3460 2404 miraculorum
3484 2346 3697 2419 ipsius.
3718 2345 3846 2402 Glo-

2197 2441 2284 2496 ria
2303 2442 2460 2497 enim
2478 2439 2710 2495 Domini
2729 2439 3084 2511 fuitquando
3103 2455 3255 2510 aqua
3271 2438 3331 2492 in
3345 2437 3544 2492 vinum
3569 2452 3849 2491 conversa

2195 2535 2302 2598 est,
2338 2530 2556 2586 mortui
2587 2534 2727 2585 sunt
2774 2527 3064 2595 suscitati,
3097 2526 3312 2599 leprosi
3344 2526 3632 2594 mundati,
3680 2541 3847 2596 para-

2195 2618 2355 2693 lytici
2386 2618 2599 2687 sanati,
2624 2618 2855 2690 aliaque
2875 2616 3043 2690 signa
3072 2621 3130 2672 et
3158 2614 3441 2671 miracula
3459 2631 3590 2687 qua:
3615 2615 3690 2669 ab
3721 2613 3847 2686 ipso

2196 2713 2337 2764 sunt
2364 2712 2585 2780 parata.
2613 2730 2640 2756 «
2670 2706 2865 2763 Gloria
2888 2706 3121 2779 (inquit)
3153 2704 3381 2761 Domini
3425 2721 3607 2777 super
3636 2708 3693 2758 te
3723 2708 3850 2757 orta

2195 2801 2285 2852 est
2302 2802 2485 2867 (Joan.
2512 2800 2634 2865 11),»
2660 2795 2717 2850 id
2739 2798 2848 2863 est,
2874 2794 3056 2851 Filius
3078 2795 3178 2850 Dei
3201 2795 3330 2865 jam
3361 2792 3435 2849 ad
3466 2799 3521 2848 te
3554 2791 3849 2847 redimen-

2196 2886 2333 2942 dam
2366 2889 2541 2941 natus
2593 2888 2701 2953 est,
2730 2887 2786 2941 et
2815 2884 3003 2958 gloria
3031 2882 3449 2939 miraculorum
3483 2882 3617 2953 ejus
3676 2897 3853 2953 super

2197 2980 2253 3032 te
2285 2978 2412 3030 orta
2440 2978 2548 3042 est,
2573 2980 2638 3030 ut
2668 2978 2732 3029 tu
2763 2973 3128 3047 glorificeris.
3152 2971 3467 3045 Sequitur:

2271 3088 2299 3117 ‹‹
2318 3064 2463 3131 Quia
2483 3081 2615 3121 ecce
2639 3064 2948 3132 tenebrae,»
2967 3062 3252 3118 subaudis
3274 3058 3664 3127 inﬁdelitatis,
3680 3080 3701 3108 ι
3727 3075 3854 3131 ope-

2196 3153 2346 3210 rient
2374 3158 2589 3209 terram
2614 3176 2641 3203 »
2672 3152 2783 3208 hoc
2813 3155 2921 3220 est,
2971 3152 3226 3217 Judaaos,
3260 3156 3492 3206 terrena
3539 3147 3851 3204 solumodo

2192 3248 2516 3316 querentes
2546 3246 2602 3298 et
2630 3247 2858 3297 terrena
2893 3240 3209 3313 sapientes,
3242 3237 3556 3296 carnaliter
3590 3237 3742 3293 illud
3775 3237 3853 3292 in-

2191 3332 2521 3407 telligentes
2541 3348 2592 3388 :u
2619 3329 2678 3387 Si
2703 3329 3010 3386 audieritis
3039 3347 3155 3401 me,
3178 3330 3331 3385 bona
3368 3332 3534 3383 terrae
3574 3326 3849 3382 comede-

2193 3422 2272 3478 tis
2292 3423 2419 3492 (Isa.
2447 3425 2548 3491 1).»
2577 3444 2603 3471 ‹‹
2629 3420 2699 3476 Et
2720 3418 2958 3493 caligo,»
2983 3418 3043 3474 id
3074 3421 3165 3475 est
3188 3416 3418 3473 caecitas
3446 3420 3848 3489 peccatorum,

2194 3534 2222 3561 ‹‹
2257 3510 2564 3583 populos,»
2586 3508 2871 3565 subaudis
2891 3507 3129 3580 operiet.
3162 3505 3408 3562 Domino
3439 3501 3763 3578 apparente
3793 3503 3849 3558 in

2194 3599 2437 3665 mundo,
2468 3602 2524 3653 et
2553 3598 2814 3671 fulgente
2854 3614 2957 3669 per
2985 3596 3162 3652 fidem
3193 3596 3253 3651 in
3283 3593 3558 3650 cordibus
3614 3598 3847 3666 aposto-

2194 3687 2384 3742 lorum
2407 3687 2774 3760 aliorumque
2799 3685 3182 3754 credentium,
3204 3685 3454 3740 tenebrae
3479 3681 3847 3739 inﬁdelitatis

2192 3780 2548 3850 operuerunt
2579 3776 2834 3844 Judaeos,
2869 3779 3098 3831 terrena
3136 3773 3505 3830 solummodo
3536 3772 3846 3828 commoda

2193 3870 2534 3939 appetentes
2568 3881 2581 3920 :
2615 3865 2754 3937 quia
2783 3864 3042 3921 videntes
3086 3864 3215 3935 ejus
3272 3861 3558 3919 miracula
3616 3861 3847 3918 credere

2194 3954 2528 4011 noluerunt.
2561 3953 2722 4010 Unde
2752 3957 2810 4009 et
2845 3952 2969 4026 ipse
3006 3950 3291 4009 Dominus
3335 3952 3477 4008 dicit
3505 3952 3696 4023 (Joan.
3724 3952 3801 4019 1x)
3829 3967 3842 4004 :

2196 4068 2225 4096 ‹‹
2248 4045 2369 4118 Ego
2399 4044 2471 4100 ad
2501 4042 2609 4099 hoc
2637 4041 2771 4099 veni
2803 4042 2862 4097 in
2893 4029 3206 4111 mundum,
3232 4046 3296 4096 ut
3325 4040 3591 4096 videntes
3624 4056 3742 4095 non
3770 4037 3846 4093 vi-

2197 4134 2391 4206 deant,
2414 4137 2471 4190 et
2501 4132 2602 4206 qui
2629 4133 2829 4188 vident
2860 4131 2993 4187 caeci
3019 4132 3218 4187 fiant.»
3241 4154 3269 4181 ‹‹
3296 4131 3487 4203 Super
3515 4133 3569 4184 te
3592 4133 3843 4193 autem,»

2195 4240 2228 4278 ο
2259 4220 2516 4278 Ecclesia
2544 4221 2859 4294 primitiva,
2888 4243 2916 4271 ‹‹
2937 4221 3158 4276 orietur
3185 4218 3469 4275 Dominus
3495 4242 3524 4267 »
3546 4217 3710 4273 sicut
3739 4216 3843 4272 ori-

2194 4316 2297 4368 tur
2342 4309 2450 4379 sol,
2485 4314 2550 4366 ut
2584 4313 2642 4365 te
2683 4308 2997 4380 illuminat,
3029 4332 3057 4358 ‹‹
3087 4313 3144 4364 et
3183 4307 3370 4381 gloria
3407 4307 3557 4378 ejus,
3580 4326 3609 4357 ο
3649 4304 3709 4361 id
3740 4308 3841 4370 est,

2195 4399 2472 4473 Splendor
2496 4396 2912 4454 miraculorum
2938 4398 3067 4469 ejus
3088 4418 3116 4447 «
3138 4396 3199 4451 in
3219 4400 3275 4451 te
3296 4390 3592 4451 videbitur
3607 4416 3639 4443 ››
3662 4390 3840 4449 oculis

2195 4488 2454 4561 corporis
2493 4491 2550 4543 et
2585 4487 2772 4543 oculis
2812 4485 3048 4543 mentis.
3080 4490 3157 4541 De
3196 4502 3314 4557 qua
3351 4482 3540 4557 gloria
3579 4482 3836 4539 dicitur:

436 4571 642 4661 cxx:).»
669 4557 956 4661 Etuillud‘:
976 4592 1004 4620 «
1037 4570 1508 4661 Fundamentum
1540 4573 1669 4643 ejus
1693 4572 1755 4628 in
1786 4578 2087 4638 montibus
2116 4596 2163 4661 D
2195 4602 2223 4627 «
2252 4557 2522 4632 Vidimus
2579 4574 2824 4648 gloriam
2880 4574 3008 4645 ejus
3060 4574 3229 4646 quasi
3290 4571 3579 4646 unigeniti
3610 4589 3647 4627 a
3676 4570 3835 4661 Patre

437 4656 676 4725 sanctis,
696 4656 889 4730 diligit
909 4656 1194 4734 Dominus
1226 4664 1422 4732 portas
1445 4661 1582 4717 Sion
1605 4663 1774 4731 (Psal.
1802 4668 2082 4740 πωπω.»

436 4747 653 4811 Quarto
669 4746 843 4802 etiam
872 4748 1045 4803 modo
1063 4747 1423 4805 Hierusalem
1444 4750 1775 4823 appellatur
1804 4770 2080 4827 unaquae-

436 4851 550 4906 que
570 4834 769 4890 anima
789 4835 1132 4908 fidelis,quze
1153 4836 1211 4891 in
1234 4842 1429 4894 monte
1446 4839 1729 4908 Sion,hoc
1744 4843 1920 4912 cst,in
1943 4863 2079 4901 cou-

434 4922 815 4996 templatione
846 4927 1061 4981 mentis
1093 4925 1616 4983 consistit.Dicitur
1646 4946 1781 5002 ergo
1815 4932 2080 4990 Ecclesia:

436 5010 744 5085 primitisz
768 5032 836 5068 ex
859 5014 1077 5069 Judaeis
1098 5015 1381 5085 apostolis
1402 5014 1667 5072 videlicet
1696 5018 1944 5092 aliisque
1965 5040 2083 5079 cre-

436 5101 713 5156 dentibus
734 5120 782 5159 :«
804 5103 1010 5175 Surge,
1042 5101 1398 5174 illuminare,
1429 5104 1777 5161 Jerusalem.
1800 5110 2080 5167 »Cadenti

434 5188 521 5245 vel
535 5189 757 5261 jacenti
779 5190 1081 5262 dicitur,ut
1102 5197 1326 5264 surgat.
1347 5192 1413 5246 Et
1435 5192 1534 5247 illa
1555 5200 1852 5252 corruerat
1873 5197 1933 5252 in
1958 5199 2080 5254 inii-

435 5277 690 5346 delibus,
704 5283 760 5335 et
770 5279 1006 5350 jacebat
1027 5280 1086 5334 in
1104 5279 1280 5349 vitiis,
1301 5279 1547 5353 ideoque
1563 5281 1780 5337 dicitur
1798 5285 1847 5339 ei
1866 5302 1878 5340 :
1896 5286 2081 5360 Surge

434 5382 539 5437 per
567 5366 742 5422 ﬁdem
774 5368 845 5422 ad
886 5368 1041 5424 bona
1096 5384 1273 5441 Opera
1321 5370 1566 5442 agenda,
1587 5387 1620 5425 ο
1652 5371 1945 5443 primitiva
1974 5376 2079 5431 Ec-

436 5451 634 5510 clesia.
668 5457 802 5521 Quae
850 5457 1112 5513 cecidisti
1163 5474 1266 5530 per
1312 5456 1739 5527 infidelitatem,
1767 5478 1893 5533 quae
1931 5464 2079 5520 ceci-

437 5539 573 5596 disti
604 5542 663 5596 in
695 5545 1026 5617 synagogis,
1050 5562 1226 5618 surge
1255 5544 1314 5600 in
1345 5545 1787 5614 Ecclesiis.Quae
1818 5552 2080 5609 cecidisti

434 5624 497 5685 iu
526 5627 765 5702 Judteis,
788 5648 960 5707 surge
991 5633 1049 5689 in
1079 5633 1375 5710 gentibus.-
1400 5637 1534 5704 Qua:
1560 5636 1824 5695 cecidisti
1853 5656 1959 5713 per
1988 5658 2081 5701 ne-

2191 4670 2378 4737 (Joan.
2412 4666 2473 4738 1).
2498 4687 2525 4715 »
2549 4664 2612 4720 In
2644 4663 2926 4737 apostolis
2981 4663 3273 4735 siquidem
3303 4661 3429 4717 visa
3484 4664 3576 4717 est
3635 4658 3831 4733 gloria,

2191 4756 2331 4829 quia
2357 4753 2475 4809 illis
2505 4753 2838 4809 videntibus
2869 4751 3154 4808 miracula
3184 4750 3336 4808 fecit.

2262 4869 2289 4895 «
2304 4845 2374 4900 Et
2389 4841 2776 4899 ambulabunt
2797 4846 2997 4915 gentes
3012 4840 3071 4896 in
3089 4839 3312 4896 lumine
3328 4843 3527 4909 tuo,»o
3544 4834 3837 4911 primitiva

2189 4932 2469 5001 Ecclesia,
2484 4930 2592 4987 hoc
2612 4929 2776 4985 estin
2795 4931 2906 4986 fide
2924 4929 3135 4997 tua,vel
3153 4929 3210 4983 in
3231 4927 3461 4984 Christo
3477 4932 3580 4984 tuo
3596 4944 3634 4983 a
3648 4943 3764 4999 quo
3779 4929 3835 4980 tu

2191 5017 2252 5077 ill
2263 5019 2565 5077 uminaris:
2585 5036 2712 5091 quze
2728 5024 2898 5075 antea
2910 5016 3362 5074 ambulabantin
3376 5015 3639 5072 tenebris
3653 5030 3841 5089 pecca-

2188 5115 2440 5165 torum.«
2455 5107 2525 5163 Et
2547 5124 2710 5179 rcges
2732 5106 2791 5162 in
2813 5106 3119 5178 splendore
3135 5106 3397 5162 ortustui
3415 5104 3688 5177 »quando
3709 5106 3838 5158 nata

2191 5216 2253 5255 es
2277 5198 2335 5252 in
2360 5198 2473 5252 fide
2495 5194 2735 5264 Christi,
2757 5199 2813 5250 et
2835 5213 2903 5251 ex
2928 5211 3081 5267 aqua
3103 5199 3160 5250 et
3186 5192 3410 5267 Spiritu
3431 5197 3661 5264 sancto,
3677 5194 3839 5263 juxta

2190 5285 2335 5342 illud
2370 5302 2434 5342 ει(
2459 5282 2583 5340 Nisi
2628 5282 2760 5356 quis
2792 5288 3032 5340 renatus
3081 5282 3258 5338 fuerit
3287 5299 3356 5338 ex
3386 5298 3543 5354 aqua
3570 5286 3629 5336 et
3660 5277 3836 5353 Spiri-

2188 5381 2252 5433 tu
2285 5380 2486 5432 sancto
2516 5378 2702 5443 (Joau.
2728 5375 2837 5442 111),
2870 5377 3019 5429 etc.»
3046 5372 3115 5428 Et
3129 5394 3157 5424 «
3180 5374 3469 5443 quotquot
3496 5369 3836 5443 receperunt

2188 5483 2345 5533 eum,
2375 5463 2536 5519 dedit
2564 5461 2648 5518 eis
2681 5465 3027 5533 potestatem
3056 5458 3209 5516 ﬁlios
3238 5460 3341 5516 Dei
3373 5457 3499 5515 ﬁeri
3531 5460 3716 5532 (10ml.
3740 5458 3830 5526 1).»

2190 5555 2375 5628 Reges
2406 5551 2501 5608 hic
2532 5548 2843 5622 dupliciter
2872 5548 3302 5622 intelliguntur,
3328 5547 3416 5605 vel
3446 5564 3613 5623 reges
3643 5538 3828 5604 saeculi

2188 5642 2368 5716 hujus
2385 5633 3823 5712 utConstantinus,Heraclitis,'l‘heodosius,aliiqu¢
