4046 6188
266 329 435 390 .1033

1321 333 1727 394 COMMENT.
1778 333 1849 392 1N
1897 333 2187 394 ISAIAM.
2238 369 2313 379 -—
2356 337 2505 396 LIB.
2553 338 2657 397 Ill.

3522 346 3683 405 103i.

270 459 813 534 quamplurimiqui
828 462 1002 518 fidem
1025 462 1236 519 Christi
1259 464 1725 523 habuerunt.Vel
1748 467 1926 523 etiam
1958 473 2010 541 Α
2040 464 2238 521 lateris
2262 468 2395 523 Adae
2428 468 2677 526 formata
2702 472 2794 525 est
2824 469 2975 541 (Gen.
3010 474 3118 539 in).
3153 472 3319 538 Quod
3340 472 3422 530 ita
3439 478 3528 529 est
3547 486 3683 533 con-

268 567 438 623 reges
468 555 611 606 sunt
640 552 827 607 sancti
859 551 959 625 qui
992 552 1097 607 filii
1141 554 1296 627 regis
1343 554 1678 624 existentes,
1709 562 1923 612 semet-

269 640 435 711 ipsos
466 640 616 695 bene
659 646 953 710 rexerunt,
987 642 1059 697 de
1089 643 1306 714 quibus
1336 643 1552 700 dicitur
1583 661 1597 700 :
1632 667 1661 697 «
1691 646 1801 702 Cor
1829 662 1923 702 re-

264 729 363 801 gis
387 729 449 784 in
478 745 661 786 manu
693 730 817 797 Dei,
849 731 923 786 ad
953 733 1345 805 quodcunque
1375 733 1622 789 voluerit
1649 740 1831 791 vertet
1852 735 1919 791 il-

265 817 372 873 lud
402 818 588 890 (Prov.
622 822 762 889 xm).
793 842 822 869 »
845 820 962 877 Nos
992 837 1197 877 omnes
1226 826 1283 877 et
1315 839 1477 895 reges
1527 828 1586 879 et
1628 830 1830 897 gentes
1859 825 1919 881 in

262 906 497 965 lumine
533 908 932 982 apostolorum
983 910 1382 979 ambulamus,
1413 918 1473 968 et
1503 913 1560 966 in
1609 912 1920 985 splendore

265 1001 434 1053 ortus
464 997 646 1066 illius,
674 998 815 1071 quia
859 999 1128 1057 eamdem
1176 1002 1352 1057 ﬁdem
1395 1002 1704 1072 habemus,
1737 1008 1794 1059 et
1823 1020 1917 1060 eo-

262 1087 402 1141 dem
438 1088 795 1160 baptismate
819 1090 1204 1146 renascimur.

336 1199 365 1225 ‹‹
405 1177 557 1233 Leva
586 1177 645 1232 in
678 1178 929 1234 circuitu
951 1178 1152 1235 oculos
1178 1184 1310 1235 tuos
1329 1184 1385 1235 et
1403 1181 1562 1249 vide;
1591 1197 1796 1238 omnes
1818 1182 1914 1238 isti

257 1266 603 1337 congregati
638 1270 798 1335 sunt,
817 1272 1101 1323 venerunt
1128 1268 1253 1324 tibi.
1277 1292 1303 1318 ››
1322 1268 1588 1326 Ecclesiae
1611 1270 1914 1343 primitivaa

256 1352 527 1409 dicitur:
556 1354 600 1410 Ο
630 1354 890 1413 Ecclesia
932 1356 1246 1428 primitiva,
1278 1358 1402 1414 leva
1450 1359 1649 1416 oculos
1701 1362 1914 1417 mentis

256 1442 318 1497 in
344 1441 598 1499 circuitu
632 1447 734 1500 tuo
767 1461 780 1500 :
814 1448 872 1501 et
896 1445 1045 1513 vide,
1080 1446 1190 1503 hoc
1218 1452 1326 1514 est,
1351 1449 1672 1505 considera.
1698 1450 1914 1507 Omnes

255 1530 355 1586 isti
386 1532 728 1605 congregati
758 1535 918 1599 sunt,
948 1539 1235 1590 venerunt
1265 1534 1463 1603 tibi,id
1487 1537 1672 1607 est,ad
1696 1536 1805 1591 hoc
1822 1554 1912 1593 ve-

254 1624 483 1675 nerunt
510 1625 577 1676 ut
604 1621 713 1677 tibi
743 1621 1042 1678 sociantur
1069 1623 1128 1677 in
1160 1624 1384 1679 unitate
1426 1624 1580 1691 fidei,
1611 1625 1700 1680 vel
1732 1630 1795 1680 ut
1826 1626 1911 1681 tui

254 1706 361 1762 ﬁlii
385 1708 529 1764 sint.
544 1708 626 1764 De
648 1708 766 1766 illis
787 1709 1050 1783 loquitur
1070 1712 1140 1767 de
1162 1711 1377 1783 quibus
1397 1712 1632 1784 scripsit
1653 1715 1910 1770 Lucasin

250 1797 507 1853 Actibus
535 1798 933 1870 apostolorum
959 1802 1097 1873 (cap.
1121 1802 1181 1873 ιι)
1203 1818 1215 1856 :
1236 1801 1376 1873 quia
1396 1825 1423 1851 ‹‹
1448 1806 1613 1858 erant
1638 1803 1694 1857 in
1717 1803 1913 1859 llieru-

2024 555 2303 626 junctum
2329 561 2394 612 ut
2413 574 2603 629 neque
2623 576 2778 631 aqua
2799 558 2925 614 sine
2948 559 3234 631 sanguine
3255 562 3555 633 possimus
3575 563 3684 620 sal-

2030 644 2176 711 vari,
2209 662 2397 717 neque
2427 646 2714 719 sanguine
2743 646 2871 703 sine
2901 664 3074 720 aqua.
3104 648 3230 703 Nisi
3274 648 3431 704 enim
3466 651 3685 709 Christi

2031 733 2364 804 passionem
2396 738 2453 790 et
2482 734 2967 791 resurrectionem
3016 735 3458 805 crediderimus,
3491 743 3549 795 et
3577 758 3683 811 pro

2030 826 2231 877 nostra
2262 823 2661 896 redemptione
2702 841 2838 879 eum
2864 823 2985 879 haec
3015 825 3215 881 omnia
3260 842 3389 881 esse
3436 842 3679 898 passum

2028 911 2494 983 cognoverimus,
2528 929 2646 969 non
2674 912 3055 979 salvabimur,
3069 913 3204 970 licet
3223 914 3680 987 baptizemur.$i

2026 1016 2159 1055 vero
2200 1001 2620 1057 crediderimus
2668 1003 2797 1073 eius
2846 1003 3180 1074 passionem
3212 1007 3272 1059 et
3300 1004 3677 1062 resurrectio-

2028 1105 2183 1157 nem,
2216 1093 2274 1145 et
2300 1094 2561 1146 nostram
2592 1091 3050 1163 redemptionem
3082 1109 3185 1164 per
3205 1091 3326 1148 haec
3348 1093 3517 1161 nobis
3537 1093 3679 1149 etfu-

2026 1180 2222 1234 turam
2258 1195 2271 1233 :
2306 1195 2420 1235 non
2456 1180 2813 1235 merebimur
2842 1179 3074 1249 salvari,
3108 1181 3223 1237 nisi
3250 1181 3529 1255 baptizati
3550 1182 3674 1239 fue-

2025 1266 2211 1321 rimus
2241 1266 2299 1322 in
2330 1268 2567 1323 nomine
2595 1272 2809 1323 sancta:
2841 1267 3165 1325 Trinitatis.

2096 1378 2124 1405 ‹‹
2156 1357 2321 1411 Tunc
2353 1356 2577 1413 videbis
2609 1361 2666 1413 et
2692 1357 2920 1428 afllues,
2954 1362 3012 1413 et
3040 1357 3353 1414 mirabitur
3382 1362 3440 1414 et
3461 1359 3671 1415 dilata~

2024 1444 2184 1500 bitur
2212 1461 2312 1501 cor
2345 1449 2512 1501 tuum
2538 1462 2551 1500 ε
2578 1446 2813 1518 quando
2846 1463 3125 1503 conversa
3156 1446 3331 1503 fuerit
3358 1447 3435 1503 ad
3455 1448 3676 1504 temul-

2021 1532 2212 1588 titudo
2244 1534 2448 1603 maris,
2468 1534 2748 1590 fortitudo
2777 1534 3041 1607 gentium
3064 1535 3287 1591 venerit
3306 1534 3435 1592 tibi.
3460 1556 3489 1586 ››
3509 1537 3676 1592 Tunc

2020 1622 2256 1695 (inquit)
2272 1639 2405 1678 eum
2430 1621 2709 1679 levaveris
2730 1622 2930 1680 oculos
2954 1624 3288 1692 tuos,etfilii
3304 1624 3390 1680 tui
3410 1625 3482 1681 de
3504 1624 3675 1698 longe

2019 1712 2299 1780 venerint,
2334 1712 2582 1784 ﬁliaeque
2609 1716 2723 1767 tua:
2752 1711 2841 1767 lac
2872 1711 3158 1777 suxerint,
3180 1712 3411 1768 videbis
3439 1713 3515 1767 ab
3542 1730 3671 1769 om-

2022 1801 2193 1856 nibus
2214 1802 2417 1857 mundi
2440 1800 2707 1874 partibus
2723 1800 2915 1857 venire
2936 1801 3039 1856 tibi
3058 1800 3296 1870 filios,et
3309 1801 3406 1857 afﬂ
3416 1818 3517 1857 ues
3533 1802 3671 1857 tide-

574 1853 635 1870 ικ
693 1853 729 1855 η
775 1853 819 1855 -κ
1122 1853 1178 1873 -νι
1204 1853 1214 1856 -
1717 1853 1889 1859 ---ν--
2440 1853 2704 1874 τμη-ηπ
2896 1853 2910 1856 ν
3313 1853 3511 1857 τ---ητ
3535 1853 3644 1857 ηπ

249 1885 440 1942 salem
471 1886 581 1942 viri
610 1887 799 1943 Judaii
831 1888 1087 1961 religiosi
1120 1906 1189 1944 ex
1209 1890 1366 1945 omni
1392 1890 1625 1947 natione
1647 1908 1774 1963 quae
1796 1893 1906 1948 sub
1938 1853 1986 1918 B
2016 1888 2171 1945 libus
2193 1891 2363 1946 sicuti
2388 1890 2598 1946 ﬂuvius
2618 1890 2885 1963 aquis.Et
2904 1890 3221 1946 mirabitur
3238 1905 3339 1946 cor
3358 1892 3526 1945 tuum
3549 1907 3668 1962 prie

247 1975 397 2033 ccclo
420 1978 830 2049 est,»‘quando
851 1978 1106 2049 Spiritus
1135 1984 1378 2035 sanctus
1406 1996 1583 2051 super
1612 1980 1907 2052 apostolos

250 2066 312 2121 in
336 2065 564 2139 linguis
583 2066 772 2139 igneis
794 2066 1095 2139 requievit.
1114 2067 1217 2122 Vel
1239 2068 1443 2124 aliter:
1476 2070 1903 2143 Leva,(inquit),

245 2171 279 2210 ο
308 2154 575 2212 Ecclesia
622 2156 941 2228 primitiva,
974 2155 1176 2212 oculos
1219 2161 1374 2225 tuos,
1406 2162 1464 2213 et
1493 2159 1800 2215 considera
1831 2160 1904 2215 ab

243 2244 474 2300 oriente
502 2248 562 2301 et
589 2244 891 2301 occidente
923 2245 1320 2317 omnibusque
1350 2247 1554 2302 mundi
1587 2248 1855 2318 partibus
1887 2265 1900 2304 :

244 2349 458 2390 omnes
487 2333 585 2391 isti
615 2333 864 2407 gentiles
911 2333 971 2389 in
1019 2334 1269 2391 circuitu
1322 2340 1424 2391 tuo
1472 2343 1903 2393 commorantes

245 2423 770 2496 congregabantur
800 2423 871 2478 ad
896 2424 1071 2479 ﬁdem
1099 2429 1283 2492 tuam,
1316 2430 1374 2481 et
1402 2426 1637 2481 venient
1677 2427 1807 2495 tibi,
1840 2431 1905 2483 ut

247 2512 335 2566 tui
367 2511 491 2567 sint
518 2510 646 2566 ﬁlii.
680 2511 762 2567 De
791 2511 901 2567 hoc
933 2510 1045 2568 alio
1079 2512 1139 2567 in
1172 2512 1297 2569 loco
1329 2514 1545 2569 dicitur
1575 2531 1589 2569 :
1620 2539 1647 2565 «
1679 2517 1902 2584 Gaude,

250 2599 378 2655 ﬁlia
405 2599 572 2667 Sion,
602 2600 743 2672 quia
766 2616 897 2658 ecce
926 2601 1093 2657 venio
1116 2606 1174 2657 et
1192 2602 1467 2657 habitabo
1495 2603 1552 2657 in
1578 2604 1768 2659 medio
1794 2605 1898 2673 tui,

248 2693 308 2744 et
335 2689 575 2745 venient
603 2694 805 2762 gentes
836 2690 1035 2746 multa:
1066 2691 1138 2746 ad
1171 2696 1226 2747 te
1253 2691 1467 2760 (Ezech.
1498 2696 1678 2761 XLIII).
1715 2715 1744 2741 ››

312 2801 349 2827 ‹‹
385 2777 517 2834 Filii
548 2778 635 2834 tui
666 2778 736 2834 de
767 2778 937 2851 longe
961 2780 1215 2851 venient,
1248 2786 1306 2836 et
1336 2780 1468 2836 filiae
1516 2786 1629 2836 tuaa
1673 2780 1762 2837 lac
1801 2799 1899 2837 su-

248 2871 414 2940 gent.
450 2890 481 2916 »
512 2867 761 2934 Quidam
791 2869 1020 2925 codices
1050 2869 1292 2935 habent,
1324 2870 1455 2924 filiae
1489 2874 1600 2925 tuae
1629 2870 1700 2925 de
1724 2869 1901 2926 latere

241 2955 677 3028 surgent,un
709 2972 815 3013 nec
844 2957 903 3011 in
926 2955 1198 3013 bebraica
1218 2956 1457 3012 veritate
1477 2973 1666 3029 neque
1687 2957 1744 3012 in
1768 2958 1903 3029 Sep-

243 3045 524 3118 tuaginta
540 3045 960 3118 interpretibus
978 3044 1484 3117 invenitur,neque
1506 3064 1714 3102 sensus
1734 3063 1902 3118 expo-

242 3133 483 3190 sitionis
514 3133 666 3190 beati
699 3134 1032 3208 Hieronymi
1083 3136 1155 3191 ad
1206 3151 1275 3191 ea
1320 3134 1657 3191 inclinatur.
1688 3134 1814 3191 Filii
1841 3140 1900 3192 et

2014 1978 2395 2035 multitudine
2416 1979 2914 2053 populorum,imo
2927 1979 3400 2036 dilatabitursive
3412 1978 3665 2053 ampliﬁ-

2014 2068 2245 2123 cabitur
2274 2086 2373 2124 cor
2392 2072 2559 2124 tuum
2582 2068 2643 2124 in
2665 2067 2978 2125 latitudine
3000 2068 3356 2141 lmtitiae,pm
3378 2068 3668 2142 magnitu-

2014 2157 2148 2213 dine
2179 2158 2400 2231 gaudii.
2434 2157 2596 2214 Sicut
2626 2158 2784 2214 enim
2816 2159 2917 2231 qui
2948 2157 3006 2213 in
3039 2157 3281 2214 tristitia
3302 2162 3394 2215 est
3410 2158 3662 2231 positus,

2012 2246 2182 2317 quasi
2212 2248 2649 2319 quodammodo
2678 2247 3211 2320 coangustatur,ita
3240 2247 3341 2319 qui
3372 2247 3433 2301 in
3464 2246 3667 2304 latitia

2012 2335 2301 2404 consistit,
2329 2335 2498 2407 quasi
2529 2335 2830 2405 dilatatur.
2855 2336 2934 2390 De
2965 2335 3075 2391 hac
3095 2334 3434 2393 dilatatione
3455 2339 3515 2390 et
3528 2335 3669 2391 lasti-

2012 2425 2097 2480 tia
2125 2424 2267 2480 dicit
2293 2424 2608 2497 Apostolus
2642 2440 2655 2479 :
2690 2447 2717 2473 ‹‹
2754 2426 2889 2491 Quae
2915 2428 3006 2479 est
3036 2423 3193 2478 enim
3220 2439 3435 2483 corona
3453 2426 3513 2479 et
3530 2440 3671 2497 gau-

2012 2512 2175 2567 dium
2203 2518 2695 2579 nostrum,nonne
2715 2529 2816 2568 vos
2839 2512 2983 2568 estis
3008 2512 3067 2567 in
3090 2512 3401 2568 Domino?»
3427 2512 3474 2586 (I
3488 2514 3665 2570 Thess.

2011 2604 2099 2669 η.)
2129 2603 2197 2657 Et
2228 2602 2371 2657 illud
2407 2620 2419 2657 :
2450 2624 2478 2651 «
2512 2602 2589 2658 Os
2621 2617 2817 2656 meum
2850 2604 3007 2672 patet
3035 2601 3108 2656 ad
3135 2616 3260 2668 vos,
3294 2618 3328 2656 ο
3358 2600 3666 2669 Corinthii,

2010 2706 2109 2745 cor
2139 2707 2335 2745 meum
2367 2690 2676 2745 dilatatam
2707 2693 2798 2745 est
2818 2688 2878 2744 in
2901 2688 3087 2756 vobis,
3110 2689 3444 2760 iterumque
3462 2688 3663 2744 dilati-

2009 2777 2154 2834 mini
2184 2782 2242 2834 et
2268 2795 2371 2834 vos
2400 2779 2474 2849 (II
2501 2783 2626 2836 Cor.
2659 2780 2761 2847 vx).
2796 2800 2825 2827 »
2858 2780 2980 2844 Quo
3011 2781 3275 2850 tempore
3319 2780 3515 2832 autem
3554 2777 3678 2833 ista'

2006 2871 2251 2923 ventura
2278 2871 2476 2923 essent
2502 2866 2772 2923 Ecclesiae
2804 2865 3132 2939 primitivis,
3157 2864 3496 2923 manifestat
3523 2881 3661 2921 cum

2008 2956 2150 3013 dicit
2185 2975 2197 3014 :
2227 2981 2255 3007 «
2289 2958 2454 3012 Tunc
2485 2955 2762 3029 (inquies)
2793 2955 3104 3011 mirabitur
3123 2958 3182 3011 et
3201 2954 3544 3011 dilatabitur
3560 2969 3664 3011 cor

2008 3049 2197 3113 tuum,
2222 3046 2458 3118 quando
2481 3062 2759 3102 conversa
2780 3044 2954 3100 fuerit
2974 3045 3046 3100 ad
3070 3047 3125 3100 te
3146 3061 3249 3116 per
3269 3044 3444 3101 fidem
3468 3042 3665 3100 multi-

2010 3136 2153 3190 tudo
2170 3135 2375 3206 maris,
2392 3157 2419 3183 ››
2436 3135 2491 3189 id
2510 3138 2832 3203 est,omnes
2852 3133 3120 3190 nationes
3141 3133 3314 3190 istius
3334 3133 3538 3188 mundi
3559 3132 3663 3205 qui

240 3223 377 3278 ﬁlia:
396 3223 705 3296 primitivaz
721 3222 991 3280 Ecclesia:
1010 3224 1081 3279 de
1101 3224 1270 3296 longe
1289 3225 1752 3293 venientes,sunt
1767 3241 1901 3295 gen-
1930 3223 1973 3290 C
2012 3222 2360 3295 intelligitur
2381 3241 2484 3296 per
2504 3240 2686 3289 mare,
2702 3222 2980 3278 fortitudo
3002 3222 3269 3295 gentium
3291 3220 3512 3278 venerit
3532 3219 3660 3293 tibi,

242 3311 383 3368 tiles
408 3311 511 3384 qui
544 3312 715 3385 longe
745 3329 778 3368 a
809 3312 925 3369 Deo
955 3318 1317 3369 recesserant
1347 3331 1449 3385 per
1484 3312 1898 3382 idololatriam,

241 3418 361 3456 non
381 3400 511 3457 loco
528 3402 630 3458 sed
650 3401 966 3459 merito.De
978 3402 1195 3475 quibus
1211 3403 1353 3459 dicit
1372 3402 1681 3474 Apostolus
1701 3419 1713 3457 :
1736 3426 1763 3453 «
1784 3403 1901 3459 Vos

243 3489 347 3562 qui
379 3489 560 3546 eratis
584 3489 918 3563 longe,facti
948 3492 1092 3548 estis
1120 3508 1318 3564 prope.
1353 3513 1381 3542 ››
1417 3496 1711 3559 Quantum
1742 3491 1899 3551 enim

242 3578 524 3652 quisquis
555 3583 776 3652 peccat,
808 3584 969 3636 tanto
1018 3580 1251 3653 longius
1278 3598 1312 3636 a
1338 3580 1453 3636 Deo
1502 3581 1736 3637 recedit.
1774 3580 1899 3636 Filii

241 3683 386 3740 ergo
416 3667 725 3739 primitivae
757 3667 1023 3725 Ecclesiae
1055 3673 1193 3725 sunt
1231 3686 1435 3725 omnes
1478 3671 1777 3725 credentes
1809 3687 1898 3725 ro-

242 3756 543 3812 bustiores
574 3757 632 3811 in
665 3757 781 3813 ﬁde
796 3760 853 3813 et
873 3757 1301 3829 intellectu,qui
1327 3775 1430 3830 per
1450 3776 1510 3814 se
1531 3760 1601 3814 de
1621 3759 1792 3831 longe
1812 3776 1900 3815 ve-

239 3844 445 3915 niunt,
468 3848 528 3900 et
551 3846 623 3901 ad
659 3845 834 3901 fidem
866 3851 1299 3918 congregantur
1330 3864 1344 3903 :
1373 3848 1444 3902 de
1492 3847 1709 3919 quibus
1754 3847 1901 3903 dicit

238 3932 561 4005 Apostolus
594 3950 607 3990 :
633 3956 662 3984 ‹‹
685 3935 756 3990 Et
775 3933 825 3990 si
848 3934 1066 3991 multos
1088 3935 1315 3991 habetis
1349 3939 1544 4007 patres
1575 3936 1899 3991 secundum

238 4038 507 4090 carnem,
540 4025 736 4078 tamen
758 4039 862 4095 per
882 4023 1262 4097 Evangelium
1286 4041 1393 4096 ego
1412 4041 1511 4080 vos
1534 4024 1759 4096 genui(l
1776 4025 1897 4081 Cor.

238 4114 344 4179 ιν).
383 4132 412 4159 ››
444 4110 600 4167 Filia:
633 4128 765 4168 vero
796 4111 884 4167 lac
915 4118 1193 4185 sugentes
1225 4112 1434 4168 animae
1464 4117 1606 4169 sunt
1638 4113 1899 4169 fidelium

238 4199 557 4271 utriusque
586 4216 782 4267 sexus,
810 4200 1112 4270 lactentes,
1137 4202 1195 4257 id
1217 4206 1325 4270 est,
1347 4201 1675 4274 simplicem
1702 4202 1900 4257 cibum

236 4293 595 4361 quaerentes,
627 4289 849 4362 quibus
878 4289 1022 4346 dicit
1050 4291 1353 4363 apostolus
1384 4290 1600 4346 Paulus
1634 4308 1646 4347 :
1681 4315 1708 4341 «
1742 4292 1902 4346 Tan-

238 4394 428 4450 quam
459 4377 722 4450 parvulis
747 4376 808 4434 in
839 4379 1071 4435 Christo
1102 4378 1191 4433 lac
1213 4380 1376 4435 vobis
1399 4384 1603 4451 potum
1628 4380 1760 4434 dedi
1786 4396 1901 4435 non

237 4482 470 4535 escam,
500 4468 763 4523 nondum
792 4467 950 4523 enim
982 4468 1259 4540 poteratis
1290 4469 1341 4540 (l
1368 4470 1490 4523 Cor.
1525 4469 1634 4537 ιιι).
1662 4491 1689 4517 ››
1712 4469 1781 4523 Et
1802 4469 1901 4523 Pe-

2009 3330 2175 3386 reges
2195 3311 2673 3384 videlicet,princi
2682 3328 2785 3384 pes
2806 3328 2872 3366 ac
2894 3314 3214 3383 potestates
3235 3311 3416 3382 hujus
3437 3309 3661 3366 saeculi.

2079 3426 2107 3452 ‹‹
2144 3401 2474 3470 lnundatio,
2511 3424 2539 3451 η
2587 3400 2647 3455 id
2696 3402 2786 3457 est
2832 3398 3199 3456 abundantia
3239 3422 3268 3450 «
3297 3398 3661 3456 camelorum

2008 3492 2229 3564 operiet
2274 3495 2330 3547 te
2366 3513 2391 3539 »ι
2425 3490 2545 3546 sive
2591 3488 2914 3555 exornabit,
2950 3512 2978 3539 «
3022 3488 3374 3545 dromedarii
3402 3487 3662 3544 -Madian

2008 3584 2066 3636 et
2095 3580 2277 3652 Epha.
2302 3580 2518 3636 Omnes
2535 3580 2607 3634 de
2638 3578 2791 3634 Saba
2819 3576 3069 3643 venient,
3096 3583 3305 3631 aurum
3330 3579 3387 3631 et
3408 3576 3548 3631 thus
3568 3576 3664 3631 de-

2009 3669 2278 3736 fcrentes,
2306 3673 2364 3723 et
2394 3668 2628 3723 laudem
2660 3665 2906 3721 Domino
2940 3663 3379 3719 annuntiantes.
3404 3685 3433 3713 ››
3455 3662 3659 3718 Came-

2008 3756 2101 3811 lus
2144 3755 2359 3811 animal
2405 3758 2494 3811 est
2541 3753 2874 3827 gibbosum,
2907 3768 3087 3806 onera
3134 3754 3437 3806 assuetum
3488 3751 3656 3806 ferre.

2009 3846 2259 3916 Ideoque
2286 3860 2388 3916 per
2420 3841 2674 3898 camelos
2720 3858 2837 3896 non
2885 3839 3206 3912 incongrue
3254 3837 3662 3912 intelliguntur

2009 3932 2216 3988 divites
2246 3932 2426 4002 hujus
2455 3930 2675 3998 smculi,
2701 3928 2801 4002 qui
2823 3945 3001 3984 onera
3030 3927 3368 3985 divitiarum
3388 3931 3448 3983 et
3465 3942 3662 4000 pecca-

2008 4026 2202 4077 torum
2235 4024 2488 4092 portant,
2517 4023 2581 4075 ut
2614 4018 2845 4090 possint
2874 4018 3065 4074 dicere
3110 4033 3246 4073 cum
3297 4015 3606 4073 Psalmista
3638 4032 3652 4073 :

2014 4132 2043 4161 ‹‹
2074 4112 2357 4177 Quoniam
2391 4108 2727 4181 iniquitates
2750 4124 2887 4163 meae
2910 4122 3303 4180 supergressa:
3324 4109 3465 4163 sunt
3484 4107 3663 4177 caput

2012 4218 2230 4267 meum,
2262 4199 2419 4255 sicut
2448 4215 2598 4254 onus
2642 4213 2815 4269 grave
2863 4199 3113 4269 gravata:
3156 4198 3297 4251 sunt
3344 4211 3523 4267 super
3568 4208 3662 4250 me

2011 4291 2184 4359 (Psal.
2218 4288 2454 4360 xxxvu).
2491 4310 2518 4338 ››
2550 4288 2630 4343 De
2658 4286 2793 4342 istis
2821 4284 3065 4342 camelis
3095 4284 3205 4340 fuit
3226 4284 3536 4341 Matthaaus
3562 4283 3664 4356 qui

2014 4380 2086 4434 de
2136 4377 2451 4434 teloneario
2502 4377 2690 4432 factus
2737 4378 2828 4432 est
2882 4373 3178 4447 Evangelii
3236 4372 3581 4446 praedicator
3608 4375 3666 4427 et

2013 4468 2282 4539 scriptor,
2315 4471 2373 4522 et
2402 4466 2618 4539 Joseph
2651 4466 2722 4521 ab
2769 4462 3114 4529 Arimathia,
3146 4465 3205 4516 et
3234 4460 3318 4514 illi
3345 4461 3417 4515 de
3447 4458 3664 4531 quibus

240 4560 377 4611 trus
402 4571 417 4609 :
441 4578 471 4604 (ι
497 4555 673 4621 Quasi
707 4557 879 4612 modo
909 4555 1090 4628 geniti
1121 4556 1395 4622 infantes,
1421 4556 1509 4612 lae
1540 4557 1903 4628 cencupisci-
1936 4593 1982 4657 Β
2016 4556 2300 4612 Dominus
2321 4555 2464 4611 dixit
2484 4573 2496 4610 :
2518 4578 2545 4604 ‹‹
2574 4552 2825 4609 Facilius
2846 4554 2935 4605 est
2956 4548 3245 4648 camelltm
3269 4563 3372 4619 per
3400 4547 3663 4657 foram‘en

236 4645 322 4700 tis
353 4644 403 4715 (I
430 4645 577 4699 Petr.
602 4647 689 4713 ιι).
715 4667 743 4693 n
775 4645 964 4701 Tener
993 4645 1208 4701 etenim
1232 4645 1399 4701 cibus
1420 4649 1509 4700 est
1531 4645 1785 4717 cognitio
1806 4646 1908 4701 hu-

239 4733 554 4789 manitatis
584 4733 706 4789 Dei.
738 4733 974 4790 Solidus
1003 4751 1157 4803 vero,
1186 4735 1255 4789 de
1280 4735 1408 4805 ejus
1430 4733 1907 4804 divinitate.Dici-

234 4826 344 4877 tur
370 4838 511 4895 ergo
542 4822 844 4894 primitivaz
894 4822 1162 4879 Ecclesia:
1191 4840 1204 4877 :
1242 4823 1369 4878 Filii
1418 4823 1503 4877 tui
1556 4822 1804 4895 gentiles
1835 4823 1905 4878 de

229 4910 419 4983 longe
447 4911 680 4967 venient
708 4912 781 4968 ad
810 4918 864 4968 te
890 4929 994 4985 per
1032 4913 1210 4966 (idem
1256 4912 1330 4966 ab
1378 4911 1713 4966 idololatria
1744 4928 1905 4966 rece-

236 5000 464 5069 dendo,
489 5005 547 5056 et
568 5000 697 5056 lilia:
724 5005 836 5056 tuae
868 5002 1077 5057 animm
1112 5001 1373 5056 fidelium
1408 4999 1769 5073 simplicium
1792 5000 1899 5069 lac,

235 5088 301 5143 id
332 5093 446 5157 est,
482 5089 811 5162 simplicem
842 5090 1171 5147 doctrinam
1194 5090 1603 5164 sugent.Quod
1629 5090 1675 5145 si
1700 5088 1901 5145 dixeri-

236 5193 401 5246 mus,
434 5182 493 5235 et
519 5177 649 5233 ﬁliae
670 5183 784 5235 tuae
806 5180 877 5235 de
896 5179 1077 5235 latere
1099 5180 1527 5252 surgent,quod
1551 5179 1791 5252 quidam
1816 5195 1904 5235 co-

236 5265 406 5321 dices
436 5265 676 5336 habent,
712 5269 793 5323 ita
839 5268 953 5324 erit
1000 5268 1448 5342 intelligendum
1483 5284 1496 5323 :
1536 5268 1812 5340 Legimus
1844 5269 1902 5322 in

236 5355 557 5428 Evangelio
578 5355 825 5412 Joannis
845 5358 1107 5430 (θηριων)
1124 5359 1278 5429 quod
1294 5382 1319 5407 α
1340 5375 1492 5413 unus
1513 5357 1767 5411 militum
1787 5356 1906 5411 lan-
1934 5417 1953 5427 ο

235 5459 346 5499 cea
368 5442 527 5499 latus
550 5443 765 5501 Christi
789 5447 1037 5517 aperuit,
1064 5469 1092 5495 ››
1117 5447 1433 5518 statimque
1462 5446 1736 5519 proﬂuxit
1767 5463 1903 5502 san-

236 5530 385 5605 guis
398 5532 821 5605 redemptionis
843 5537 901 5589 et
920 5550 1074 5606 aqua
1094 5534 1524 5607 baptismatis,e
1540 5535 1757 5607 quibus
1778 5534 1909 5590 mdi-

236 5620 425 5679 ﬁoata
440 5624 531 5681 est
546 5620 807 5681 Ecclesia
826 5639 839 5680 :
860 5622 1013 5682 sicut
1025 5624 1144 5681 Eva
1166 5628 1354 5681 mater
1370 5623 1635 5680 omnium
1657 5640 1727 5682 ex
1747 5627 1908 5683 costa

575 5750 841 5814 PATROL.
886 5750 1086 5813 CXVI.

2017 4662 2158 4701 acus
2188 4645 2459 4715 transire,
2490 4658 2667 4715 quam
2703 4639 2941 4695 divitem
2963 4638 3181 4693 intrare
3202 4636 3262 4691 in
3290 4651 3537 4709 regnum
3560 4634 3664 4691 Dei

2015 4734 2219 4802 (Matth.
2250 4736 2393 4801 xxx.)
2423 4754 2450 4782 »
2485 4727 2918 4797 Dromedarius,
2952 4725 3042 4783 vel
3069 4726 3305 4782 dromas
3337 4723 3660 4781 dromadis.

2014 4823 2171 4895 quod
2200 4826 2515 4892 utrumque
2543 4818 2700 4887 facit,
2724 4816 2942 4873 animal
2976 4820 3069 4872 est
3090 4814 3287 4871 minus
3309 4813 3662 4883 camelo,sed

2012 4910 2547 4982 velocius.ldeoque
2575 4925 2679 4981 per
2706 4906 3107 4963 dromedarios
3136 4905 3419 4961 debemus
3449 4901 3663 4960 intelli-

2015 5017 2149 5072 gere
2179 4999 2561 5072 gentiles,qui
2584 4996 2860 5054 velociter
2879 4995 2952 5052 ad
2976 4996 3151 5051 ﬁdem
3174 4992 3406 5050 Domini
3428 5008 3667 5048 concur-

2016 5094 2237 5145 rerunt.
2274 5089 2507 5145 Madian
2540 5093 2597 5144 et
2625 5086 2791 5159 Epha
2836 5084 3103 5157 regiones
3151 5088 3292 5140 sunt
3330 5087 3494 5138 trans
3523 5082 3664 5136 Ara-

2014 5177 2196 5243 biam,
2230 5176 2599 5232 abundantes
2642 5171 2881 5229 camelis
2907 5188 2972 5227 ac
3005 5169 3410 5236 dromedariis,
3443 5168 3664 5225 omnis-

2014 5285 2127 5339 que
2186 5264 2479 5340 provincia
2534 5261 2860 5335 appellatur
2917 5260 3090 5329 Saba,
3138 5261 3211 5317 de
3270 5274 3383 5333 que
3441 5257 3553 5314 fuit
3608 5261 3666 5314 et

2014 5356 2217 5428 regina
2266 5355 2438 5418 Saba,
2470 5369 2596 5423 quae
2644 5349 2800 5406 venit
2847 5348 3050 5405 audire
3104 5348 3454 5421 sapientiam
3497 5344 3665 5402 Salo-

2018 5445 2229 5501 monis.
2292 5444 2398 5497 Per
2452 5457 2601 5513 quas
2662 5438 2928 5512 regiones
2985 5438 3448 5513 signiﬁcabatur,
3507 5435 3665 5508 quod

2017 5550 2219 5590 omnes
2267 5534 2469 5605 gentes
2498 5534 2555 5584 et
2601 5528 2866 5602 regiones
2890 5529 2961 5583 ad
2995 5527 3226 5583 Domini
3260 5526 3449 5597 ﬁdem
3496 5528 3667 5582 erant

2014 5626 2292 5683 venturae.
2344 5620 2459 5679 Nec
2513 5621 2681 5678 vacat
2710 5635 2744 5677 a
2772 5616 3070 5695 mysterio,
3124 5615 3279 5691 quod
3337 5629 3552 5676 aurum
3607 5617 3669 5679 et

3267 5742 3345 5807 33
