4106 6190
411 317 566 380 1035

835 313 1240 376 HAYMONIS
1272 308 1811 372 HALBERS'I‘A'I‘.
1841 304 2083 368 EPISC.
2117 303 2293 366 OPP.
2326 302 2530 366 PARS
2563 303 2610 366 Ι.
2645 339 2722 348 —
2749 301 3159 367 COMMENT.
3193 301 3389 366 BIBL.

3656 303 3813 366 1036

405 450 545 506 thus
575 449 854 504 dicuntur
875 447 1100 502 oﬁ‘crrc.
1133 444 1240 500 Per
1267 460 1478 499 aurum
1511 441 1802 514 siquidem
1834 437 2050 494 intelli-
2078 437 2133 504 Α
2163 453 2266 508 per
2293 436 2704 509 imitationem,
2735 453 2914 510 super
2942 435 3225 510 placabile
3269 435 3450 492 altare
3497 450 3719 503 meum,
3755 435 3810 491 id

401 538 563 610 gitur
591 553 800 593 sensus
829 534 984 602 ﬁdei,
1015 552 1118 606 per
1148 533 1285 590 thus
1307 532 1598 588 orationes
1622 530 1876 597 mundae,
1901 527 2054 584 sicut

401 624 727 680 Psalmista'
751 619 1016 678 declarat
1048 639 1060 676 :
1092 645 1120 672 ‹‹
1154 621 1450 694 Dirigatur
1494 619 1678 674 oratio
1727 634 1876 683 mea,
1902 617 2054 671 sicut

402 711 708 766 incensum
741 709 800 764 in
830 713 1146 780 conspectu
1181 713 1301 764 tuo.
1333 731 1358 757 ››
1405 707 1636 762 Madian
1669 707 1933 776 iniquitas
1963 703 2052 758 in-

403 800 788 870 terpretatur;
816 798 981 870 Epha
1011 798 1278 853 resolutus
1309 796 1394 851 vel
1427 795 1746 868 effundens;
1777 795 1948 856 Saba,
1969 809 2055 847 ca-

392 889 615 960 ptivitas
632 885 721 943 vel
737 887 1260 956 eonversioﬂreges
1276 884 1458 957 igitur
1475 882 1832 940 camelorum
1851 887 1908 936 et
1929 882 2057 936 dro-

397 975 814 1044 medariorum,
835 975 893 1032 id
918 980 1009 1032 est
1028 975 1236 1030 divites
1257 974 1436 1045 hujus
1459 972 1655 1030 saeculi
1677 976 1736 1027 et
1765 975 1935 1042 poten
1946 976 2050 1036 tes,

402 1081 724 1139 omnesque
755 1063 1006 1136 gentiles
1037 1065 1136 1136 qui
1167 1063 1440 1118 velociter
1492 1063 1564 1116 ad
1613 1060 1826 1114 Christi
1879 1060 2054 1114 ﬁdem

401 1158 707 1222 venerunt,
740 1154 1014 1210 resolutis
1044 1153 1294 1208 vinculis
1319 1151 1645 1222 iniquitatis
1667 1147 1895 1202 animas
1917 1165 2056 1202 suas

403 1243 737 1298 effuderunt
766 1242 1034 1306 Domino,
1067 1245 1124 1295 et
1155 1257 1358 1294 omnes
1390 1242 1741 1292 revertentes
1771 1237 1842 1291 de
1872 1233 2055 1306 capti-

403 1331 581 1387 vitate
609 1329 828 1386 diaboli
856 1334 915 1383 et
935 1346 1053 1382 sum
1085 1327 1545 1382 conversationis
1570 1343 1789 1381 munus
1810 1324 2056 1379 Domino

405 1419 734 1484 oﬂ'erentes,
767 1416 825 1471 id
856 1420 944 1472 est
974 1433 1076 1488 per
1107 1416 1283 1471 ﬁdem
1307 1432 1516 1488 puram
1548 1432 1676 1486 quae
1703 1431 1807 1486 per
1844 1427 2056 1468 aurum

406 1505 769 1578 designatur,
801 1509 858 1560 et
887 1504 1178 1561 orationes
1209 1505 1463 1558 mundus
1493 1519 1621 1574 quae
1651 1501 2060 1574 intelliguntur

407 1607 512 1666 per
522 1593 679 1661 thus,
692 1593 1063 1648 veneruntad
1077 1591 1344 1647 Ecclesiae
1367 1591 1674 1663 primitisz
1697 1590 2056 1656 societatem,

405 1685 466 1737 et
491 1685 917 1737 exornaverunt
947 1697 1076 1736 eam
1107 1681 1234 1736 suis
1265 1679 1631 1736 oralionibus
1653 1684 1710 1736 et
1730 1679 1856 1736 suis
1874 1679 2058 1734 virtu-

404 1768 588 1825 tibus.
620 1768 737 1825 Nec
768 1785 878 1825 sua
924 1768 1296 1825 solummodo
1346 1769 1534 1824 salute
1585 1773 1726 1824 sunt
1777 1767 2056 1835 contenti,

405 1857 508 1914 sed
539 1856 669 1913 aliis
707 1857 944 1914 laudem
992 1858 1222 1914 Domini
1278 1857 1758 1930 prmdieaverunt,
1792 1857 1903 1912 hoc
1950 1861 2058 1924 est,

406 1945 724 2002 Dominum
755 1947 960 2003 Jesum
991 1947 1291 2002 Christum
1325 1946 1536 2002 Filium
1569 1946 1670 2001 Dei
1719 1945 1904 2000 Patris
1933 1961 2063 2000 esse

315 2087 326 2093 -
407 2034 700 2102 dixerunt,
720 2035 821 2108 qui
851 2040 941 2090 est
965 2034 1096 2090 laus
1117 2040 1174 2091 et
1193 2034 1380 2108 gloria
1400 2035 1671 2107 ipsius,et
1692 2036 2060 2106 majestatem

409 2122 646 2192 Christi,
679 2123 737 2179 id
767 2128 856 2180 est
885 2123 1170 2180 miracula
1199 2127 1256 2179 et
1296 2124 1541 2180 virtutes
1591 2141 1740 2195 quas
1789 2127 2062 2194 operatus

411 2215 523 2280 est,
555 2215 614 2268 et
639 2213 932 2284 quomodo
963 2229 1066 2285 per
1095 2213 1290 2285 ipsum
1317 2213 1516 2268 omnia
1544 2213 1698 2268 Deus
1724 2212 1892 2267 Pater
1910 2211 2063 2266 fece-

415 2300 510 2365 rit,
544 2298 676 2356 aliis
705 2301 1124 2373 patefecerunt.

484 2410 514 2440 «
547 2387 732 2445 Omne
777 2405 956 2462 pecus
988 2389 1173 2444 Cedar
1196 2390 1646 2462 eongregabitur
1693 2389 1820 2454 tibi,
1853 2391 2064 2444 arietes

413 2476 700 2534 Nabaioth
731 2476 1148 2534 ministrabant
1177 2478 1305 2533 tibi.
1333 2501 1360 2526 ››
1392 2481 1688 2544 Quantum
1711 2479 1782 2534 ad
1809 2477 2065 2534 litteram

415 2565 684 2638 pertinet,
709 2582 888 2640 pecus
917 2565 1173 2638 appellat
1202 2584 1336 2622 oves
1357 2572 1413 2622 et
1437 2583 1774 2640 capras,per
1795 2584 1942 2639 quas
1965 2567 2063 2622 de-

414 2653 626 2710 bemus
655 2653 979 2727 intelligere
1009 2654 1307 2726 simplices
1353 2672 1638 2727 quosque.
1673 2656 1859 2711 Cedar
1906 2655 2065 2711 ﬁlius

411 2741 524 2798 fuit
543 2742 892 2810 Ismaelis,et
907 2743 981 2800 ab
997 2742 1094 2800 illo
1117 2744 1274 2816 regio
1297 2743 1456 2800 illius
1477 2761 1690 2800 nomen
1720 2744 2068 2816 sumpsit,ut

410 2830 596 2888 Cedar
607 2831 1037 2900 vocaretur,ubi
1055 2833 1228 2888 modo
1241 2833 1519 2888 Saraceni
1537 2832 2068 2899 habitant,descen-

411 2920 620 2976 dentes
650 2920 722 2976 de
752 2919 912 2976 illius
944 2921 1236 2993 prosapia.
1269 2921 1516 2988 Arietcs,
1541 2921 1752 2993 inquit,
1776 2921 2064 2977 Nabaioth

411 3006 836 3066 ministrabunt
855 3009 1098 3065 tibi.Per
1118 3009 1331 3065 arietes
1351 3009 1452 3083 qui
1476 3010 2066 3082 ducatum,prazstant

413 3095 690 3171 gregibus
715 3095 1126 3170 intelliguntur
1157 3098 1450 3171 principes
1481 3103 1538 3154 et
1567 3099 1745 3154 duces
1777 3097 2061 3171 gentium.

2092 1812 2140 1876 B

2160 529 2250 581 est
2273 543 2331 580 in
2364 525 2476 582 ﬁde
2505 531 2660 582 recta
2690 543 2818 598 quae
2849 525 3038 599 placet
3081 525 3219 592 Deo,
3249 523 3338 580 vel
3371 529 3438 580 ut
3465 524 3675 580 altario
3707 525 3812 580 de-

2160 614 2436 682 serviant,
2469 615 2626 670 sicut
2651 614 2736 669 illi
2767 616 2868 688 qui
2901 613 3160 687 episcopi
3193 613 3451 681 fuerunt,
3477 619 3545 669 ut
3573 630 3608 670 a
3638 612 3816 669 Paulo

2160 702 2394 758 oblatus
2424 708 2514 758 est
2537 704 2708 758 Titus
2738 708 2797 758 et
2825 701 3191 770 Timotheus,
3215 707 3274 758 et
3293 717 3329 756 a
3358 701 3528 758 Petro
3558 701 3815 768 Marcus,

2163 790 2378 863 aliique
2404 795 2690 864 martyres
2720 795 2778 848 et
2808 792 3077 846 doctores
3106 805 3478 846 successores
3498 805 3724 845 eorum.
3749 790 3818 844 Et

2162 879 2428 946 domum,
2461 879 2677 952 inquit,
2713 878 3042 952 majestatis
3071 895 3214 935 meae
3244 877 3672 951 gloriﬁcabo,id
3704 882 3816 950 est,

2163 967 2480 1024 Ecclesiam
2513 984 2706 1024 meam
2739 967 3136 1024 honoriﬁcabo
3167 966 3226 1022 in
3257 965 3499 1022 talibus.
3526 967 3690 1022 Sicut
3717 984 3821 1039 per

2163 1073 2350 1111 unum
2382 1055 2566 1112 altare
2595 1057 2794 1113 omnia
2823 1055 3050 1122 altaria,
3083 1054 3168 1110 ita
3197 1071 3301 1128 per
3341 1071 3522 1110 unam
3572 1055 3817 1111 domum

2164 1161 2368 1198 omnes
2399 1145 2677 1200 ecclesias
2708 1145 2990 1200 debemus
3020 1143 3365 1217 intelligere.

2235 1256 2263 1283 ‹‹
2299 1233 2406 1299 Qui
2439 1238 2578 1289 sunt
2608 1232 2726 1301 isti,
2758 1233 2859 1305 qui
2892 1236 2957 1288 ut
2982 1233 3169 1287 nubes
3198 1230 3416 1299 volant,
3448 1237 3509 1287 et
3537 1232 3704 1304 quasi
3730 1249 3823 1288 co-

2165 1320 2379 1376 lumba:
2409 1323 2481 1376 ad
2515 1323 2802 1378 fenestras
2842 1325 3022 1377 suas?
3055 1343 3084 1371 »
3115 1320 3238 1377 Vox
3286 1320 3582 1393 propheta:
3631 1321 3820 1376 admi-

2166 1409 2353 1465 rantis
2377 1411 2448 1465 de
2479 1409 2800 1482 gentilibus
2848 1408 3246 1477 credentibus,
3280 1413 3338 1464 et
3367 1409 3442 1464 ad
3492 1409 3672 1466 ﬁdem
3718 1409 3820 1467 Dei

2164 1496 2438 1553 velociter
2467 1497 2982 1566 currentibus.Qui
3012 1502 3156 1554 sunt
3183 1496 3281 1554 isti
3329 1497 3578 1570 gentiles
3627 1498 3730 1570 qui
3759 1502 3826 1555 ut

2166 1587 2354 1644 nubes
2384 1587 2600 1656 volant,
2634 1587 2890 1661 pluendo
2918 1585 3133 1654 verbis,
3159 1587 3524 1643 coruscando
3567 1588 3824 1644 miracu-

2165 1674 2262 1742 lis,
2295 1680 2352 1732 et
2379 1677 2452 1732 ad
2484 1675 2744 1733 coelestia
2771 1692 2876 1748 per
2903 1673 3457 1747 contemplationem
3507 1675 3726 1733 mentis
3757 1691 3820 1732 se

2171 1763 2577 1820 sublevando?
2606 1764 2884 1838 Sequitur
2915 1782 2929 1821 :
2962 1765 3034 1820 Et
3062 1762 3234 1837 quasi
3263 1763 3550 1821 columbae
3578 1765 3652 1820 ad
3671 1765 3822 1822 fene-

2171 1857 2324 1910 stras
2356 1871 2496 1910 suas
2512 1853 2540 1908 ‘I
2571 1854 2736 1910 Sicut
2765 1851 3051 1910 columbae
3073 1853 3147 1908 ad
3171 1853 3455 1910 fenestras
3477 1869 3618 1910 suas
3638 1857 3820 1924 stant,

2171 1943 2325 1998 utin
2356 1960 2466 1998 sua
2492 1941 2769 1999 cubicula
2797 1943 3060 1998 intrent:
3096 1942 3180 1998 ita
3220 1941 3320 1998 isti
3368 1958 3472 2014 per
3521 1943 3700 1998 ﬁdem
3731 1959 3826 1998 ve-

2170 2031 2418 2099 nientes,
2451 2036 2717 2088 sanctam
2754 2031 3120 2087 intraverunt
3163 2029 3503 2086 Ecclesiam.
3527 2029 3632 2087 Vel
3675 2030 3829 2088 sicut

2171 2120 2454 2176 columbae
2483 2121 2556 2176 ad
2580 2121 2866 2176 fenestras
2895 2124 3054 2176 stant
3083 2119 3292 2188 sancti,
3318 2119 3458 2191 quia
3495 2119 3827 2192 gaudentes

2172 2209 2570 2282 simplicitate,
2587 2209 2849 2282 quinque
2872 2208 3135 2282 corporis
3154 2225 3366 2265 sensus
3386 2208 3500 2264 sibi
3523 2196 3824 2276 muniunt,

2172 2302 2239 2354 ut
2267 2299 2337 2354 ad
2371 2314 2470 2354 eos
2501 2314 2660 2354 mors
2689 2297 2910 2354 intrare
2954 2314 3070 2354 non
3121 2297 3328 2370 possit,
3360 2297 3734 2353 attendentes
3765 2297 3826 2352 il-

2172 2387 2274 2442 lud
2309 2403 2322 2442 :
2358 2410 2385 2437 «
2420 2388 2616 2442 Estote
2647 2386 2967 2459 prudentes
2996 2385 3150 2442 sicut
3180 2389 3504 2458 serpentes,
3524 2390 3586 2442 et
3604 2385 3829 2458 simpli-

2173 2491 2270 2531 ces
2300 2475 2456 2531 sicut
2485 2473 2770 2530 columbae
2796 2474 3020 2544 (Matth.
3052 2477 3133 2543 ι).
3169 2497 3198 2524 ››

2247 2587 2276 2617 ιι
2307 2565 2396 2620 Me
2425 2565 2582 2620 enim
2615 2563 2822 2620 insulae
2845 2568 3202 2636 exspectant,
3232 2585 3262 2615 »
3296 2564 3355 2620 id
3384 2568 3476 2620 est
3502 2569 3712 2637 gentes
3743 2563 3826 2620 di-

2171 2669 2370 2722 versae,
2403 2653 2728 2709 secundum
2757 2651 2904 2708 illud
2933 2651 3115 2709 Jacob
3146 2651 3298 2725 (Gen.
3330 2655 3486 2722 χιιι)
3519 2669 3534 2708 :
3569 2652 3698 2709 Non
3729 2653 3828 2709 de-

2172 2742 2329 2798 ﬁciet
2379 2741 2652 2815 princeps
2695 2757 2765 2796 ex
2813 2741 2988 2809 Juda,
3020 2745 3156 2809 etc.,
3198 2757 3408 2813 usque,
3439 2745 3498 2798 et
3545 2740 3675 2814 ipse
3721 2741 3830 2798 erit

2173 2829 2524 2903 exspectatio
2552 2830 2839 2902 gentium.
2872 2853 2900 2880 «
2933 2830 3003 2885 Et
3027 2847 3204 2886 naves
3235 2829 3436 2899 maris,
3469 2852 3500 2879 »
3531 2829 3596 2886 id
3625 2831 3834 2886 estEc-

2173 2919 2362 2976 clesize
2393 2919 2576 2991 hujus
2603 2918 2812 2974 mundi
2843 2942 2871 2970 «
2905 2917 2966 2974 in
2989 2918 3300 2992 principio,
3325 2941 3355 2970 »
3378 2918 3671 2976 subaudis
3693 2919 3830 2976 ﬁdei

2173 3025 2316 3076 suis,
2349 3031 2377 3058 ‹‹
2412 3024 2506 3064 me
2563 3011 2924 3080 exspectant,
2964 3011 3031 3064 ut
3076 3008 3364 3065 adducam
3423 3007 3583 3065 ﬁlios
3631 3013 3770 3066 tuos
3801 3029 3830 3058 »ι

2174 3096 2422 3171 gentiles
2453 3119 2483 3148 «
2515 3097 2588 3153 de
2614 3095 2806 3170 longe,
2843 3118 2871 3147 »
2901 3113 2936 3153 ο
2959 3096 3220 3154 Ecclesia
3247 3096 3568 3170 primitiva,
3603 3097 3717 3153 hoc
3746 3102 3834 3154 est

413 3185 702 3242 Nabaioth
734 3203 890 3242 unus
915 3185 1025 3242 fuit
1053 3187 1308 3242 ﬁliorum
1343 3186 1623 3244 lsmaelis.
1647 3188 2066 3259 Interpretatur
2095 3179 2139 3246 C
2177 3187 2248 3242 de
2274 3185 2622 3243 idololatria.
2646 3208 2674 3237 «
2699 3186 3022 3258 Argentum
3053 3201 3280 3258 eorum,
3300 3208 3329 3234 »
3349 3185 3408 3241 id
3431 3191 3522 3242 est
3540 3185 3834 3242 confessio

417 3277 614 3330 autem
643 3273 830 3331 Cedar
857 3275 1094 3332 tenebrae
1122 3274 1212 3332 vel
1242 3293 1474 3343 meror,-
1507 3275 1792 3331 Nabaioth
1830 3275 2065 3348 prophe-

417 3363 516 3419 tia.
545 3361 661 3435 Ipsi
691 3363 792 3435 qui
823 3363 1094 3436 superius
1124 3363 1398 3434 appellati
1443 3369 1582 3418 sunt
1611 3364 1816 3419 cameli
1847 3368 1904 3420 et
1931 3365 2064 3420 dro-

417 3450 684 3520 medarii,
717 3451 831 3525 ipsi
863 3456 1030 3508 erant
1077 3467 1256 3523 pecus
1301 3451 1504 3517 Cedar,
1537 3451 1595 3505 id
1627 3455 1734 3517 est,
1763 3451 1869 3506 ﬁlii
1904 3457 2066 3508 tene-

411 3539 652 3598 brarum
673 3545 732 3598 et
754 3541 1041 3608 maeroris,
1069 3538 1286 3612 quibus
1307 3537 1622 3610 Apostolus
1646 3538 1786 3594 dicit
1811 3555 1825 3595 :
1852 3563 1880 3590 «
1907 3540 2068 3596 Fuis-

414 3629 494 3686 tis
513 3629 830 3703 aliquando
863 3629 1134 3694 tenebrw,
1169 3644 1324 3682 nunc
1358 3632 1556 3683 autem
1586 3627 1685 3683 lux
1715 3626 1776 3682 in
1821 3628 2067 3684 Domino

415 3717 638 3790 (Ephes.
686 3718 764 3791 v).
795 3739 824 3768 »
878 3717 992 3772 Et:
1027 3739 1055 3766 ‹‹
1108 3717 1292 3782 Quem
1351 3716 1609 3772 fructum
1657 3715 1952 3773 habuistis
2007 3717 2066 3772 in

413 3806 554 3871 illis.
587 3806 649 3863 in
681 3805 901 3878 quibus
931 3820 1087 3860 nunc
1130 3803 1518 3860 erubescitis?
1551 3827 1580 3854 ››
1611 3807 1785 3874 (Rom.
1818 3807 1920 3876 γι.)
1952 3806 2070 3878 Ipsi

415 3895 598 3952 etiam
631 3893 982 3952 exstiterunt
1009 3891 1219 3948 arietes
1247 3892 1557 3961 Nabaioth,
1579 3893 1638 3949 id
1669 3899 1759 3950 est
1788 3895 2072 3967 prmdica-

422 3988 580 4040 tores
610 3987 668 4040 et
696 3980 801 4038 ﬁlii
833 3979 1272 4053 prophetarum,
1305 3981 1443 4054 quia
1473 3998 1540 4038 ea
1569 3982 1896 4038 docuerunt
1942 4001 2070 4056 qua:

417 4071 512 4130 lex
539 4073 597 4128 et
623 4069 916 4144 prophetas
959 4073 1095 4126 ante
1140 4070 1532 4142 praedixerunt
1573 4070 1644 4126 de
1674 4070 1924 4126 Christo.
1955 4071 2073 4144 Ipsi

419 4158 904 4214 ministraverunt
932 4156 1220 4227 Ecclesiae,
1238 4157 1383 4230 quia
1407 4175 1476 4214 ex
1497 4159 1642 4231 ipsis
1659 4159 1908 4216 ordinati
1933 4163 2076 4216 sunt

421 4243 702 4316 episcopi,
745 4245 1089 4318 presbyteri,
1141 4245 1356 4318 aliique
1405 4247 1660 4303 ministri
1709 4247 1977 4304 Ecclesia:
2019 4253 2076 4305 et

425 4331 714 4402 doctores,
748 4332 848 4406 qui
897 4331 985 4388 vel
1031 4337 1172 4388 tunc
1220 4335 1780 4391 administraverunt
1828 4337 2076 4392 Domino

425 4421 665 4496 quando
694 4439 908 4495 corpus
939 4426 997 4478 et
1025 4421 1374 4495 sanguinem
1407 4422 1566 4478 illius
1597 4425 1871 4480 ﬁdelibus
1897 4425 2078 4481 tradi-

2173 3275 2330 3345 ﬁdei,
2378 3274 2467 3332 vel
2520 3274 2827 3347 sapientia,
2859 3273 2982 3331 sive
3030 3273 3438 3348 intelligentia,
3473 3297 3502 3324 «
3533 3279 3596 3330 et
3624 3291 3835 3331 aurum

2171 3381 2376 3422 eorum
2406 3380 2542 3419 eum
2571 3363 2679 3432 eis,
2714 3385 2744 3414 «
2774 3362 2883 3419 hoc
2912 3367 3020 3431 est,
3054 3379 3264 3420 sensus
3295 3363 3465 3432 ﬁdei;
3501 3363 3665 3420 unde
3697 3362 3835 3420 dici-

2174 3457 2273 3508 tur
2303 3469 2316 3508 :
2353 3476 2382 3502 ‹‹
2414 3452 2598 3508 Corde
2629 3450 2887 3508 creditur
2917 3451 2990 3507 ad
3016 3449 3332 3524 justitiam,
3357 3467 3458 3508 ore
3480 3456 3686 3508 autem
3709 3467 3837 3508 con-

2174 3539 2350 3597 fessio
2384 3541 2450 3596 ﬁt
2480 3541 2553 3596 ad
2585 3539 2836 3596 salutem
2867 3540 3040 3613 (Rom.
3072 3540 3151 3614 ι).
3183 3563 3214 3591 ι»

2250 3651 2278 3680 ι(
2307 3627 2540 3684 Nomini
2588 3629 2691 3685 Dei
2740 3628 2849 3696 tui,
2879 3633 2938 3685 et
2982 3633 3188 3686 sancto
3236 3628 3434 3697 Israel,
3471 3651 3501 3679 ››
3542 3629 3833 3687 subaudis

2174 3717 2532 3790 veniet,quia
2559 3717 2912 3790 gloriﬁcabit
2935 3721 2992 3773 te
3021 3733 3126 3790 per
3152 3716 3344 3775 illos.«
3362 3718 3432 3774 Et
3451 3718 3833 3774 ediﬁcabuut

2178 3805 2284 3862 ﬁlii
2318 3805 2778 3880 peregrinorum,
2811 3823 3014 3863 muros
3043 3809 3199 3878 tuos,
3229 3810 3288 3863 et
3314 3822 3480 3880 reges
3502 3822 3716 3863 eorum
3738 3806 3836 3863 mi-

2179 3895 2518 3952 nistrabunt
2543 3894 2673 3952 tibi.
2707 3917 2736 3944 ››
2771 3895 2887 3950 lloc
2917 3897 2974 3950 et
3001 3893 3387 3952 historialiter
3414 3899 3473 3952 et
3501 3893 3832 3968 spirituali-

2179 3988 2268 4040 ter
2289 3983 2472 4057 accipi
2502 3986 2712 4056 potest.
2749 3981 2925 4039 Filios
2955 3983 3417 4057 peregrinorum,
3441 3988 3740 4056 quantum
3763 3982 3832 4040 ad

2181 4073 2436 4129 litteram
2465 4071 2738 4146 pertinet,
2771 4071 3028 4144 appellat
3058 4071 3210 4128 ﬁlios
3239 4072 3528 4146 gentium,
3561 4078 3626 4130 et
3675 4089 3834 4146 reges

2179 4159 2449 4217 videlicet
2493 4165 2552 4216 et
2599 4158 2894 4233 principes
2951 4176 3019 4216 ac
3071 4163 3356 4232 potentes,
3391 4159 3496 4233 qui
3553 4160 3834 4218 ecclesias

2183 4249 2396 4306 Christi
2446 4248 2878 4304 mdiﬁcaverunt
2934 4264 3038 4322 per
3097 4249 3436 4306 universum
3497 4249 3731 4317 orbem,
3778 4252 3838 4306 ut

2183 4337 2596 4394 Constantinus
2627 4336 2936 4393 duodecim
2962 4336 3240 4394 ecclesias
3289 4338 3485 4395 Romae
3536 4338 3837 4396 fabricavit

2184 4426 2244 4482 in
2297 4426 2513 4482 honore
2563 4425 2876 4482 duodecim
2932 4425 3352 4499 apostolorum,
3395 4425 3620 4500 aliique
3673 4425 3836 4483 multi

429 4511 663 4581 derunt,
695 4511 781 4568 vel
811 4512 1048 4584 quando
1079 4513 1320 4568 verbum
1353 4511 1629 4568 doctrina:
1671 4513 1800 4584 ejus
1845 4513 2077 4587 impen-
2109 4543 2154 4607 Β
2187 4513 2473 4588 plurimas
2503 4511 2914 4582 fundaverunt,
2938 4513 3140 4588 eisque
3166 4533 3295 4588 quaa
3320 4515 3661 4572 necessaria
3677 4517 3836 4572 erant

428 4601 662 4658 derunt.
689 4623 718 4652 «
751 4600 1126 4657 Oﬁ‘erentur»
1160 4600 1272 4672 ipsi
1307 4601 1517 4657 arietes
1541 4623 1569 4652 «
1591 4619 1768 4674 super
1795 4601 2078 4675 placabile

424 4687 613 4755 altare
662 4705 880 4757 meum,
913 4693 971 4744 et
1019 4689 1262 4744 domum
1315 4690 1642 4760 majestatis
1673 4707 1814 4746 mea:
1859 4690 2078 4763 gloriﬁ-

428 4777 592 4833 cabo.
627 4799 657 4826 »
694 4777 890 4833 Altare
945 4776 1004 4832 in
1060 4777 1170 4832 hoc
1225 4777 1350 4832 loco
1399 4778 1711 4850 dupliciter
1761 4797 2078 4852 possumus

428 4864 713 4939 accipere,
742 4865 830 4920 vel
863 4866 1037 4920 ﬁdem
1069 4865 1128 4919 in
1161 4883 1274 4937 quo
1325 4867 1656 4923 oiferuntur
1702 4869 1855 4924 bona
1901 4887 2078 4942 opera

426 4955 563 5012 Deo.
589 4953 691 5010 Vel
726 4971 825 5027 per
863 4970 1049 5008 unum
1100 4953 1302 5018 altare,
1338 4955 1537 5010 omnia
1583 4957 1790 5013 altaria
1831 4959 1890 5012 in
1940 4959 2076 5014 uni-

425 5060 592 5101 verso
623 5043 782 5112 orbe,
813 5043 874 5098 in
915 5041 1130 5115 quibus
1179 5041 1421 5097 oﬁ‘ertur
1467 5059 1680 5116 corpus
1727 5050 1786 5101 et
1833 5047 2076 5120 sanguis

425 5131 609 5189 illius.
640 5131 806 5188 Sicut
833 5129 989 5187 enim
1028 5147 1146 5186 una
1187 5131 1334 5186 ﬁdes
1365 5130 1426 5186 in
1453 5135 1656 5187 sancta
1685 5133 1961 5201 Ecclesia,
1993 5136 2077 5192 ita

425 5237 614 5278 unum
644 5219 847 5277 altare.
881 5219 1046 5275 Sicut
1075 5219 1258 5274 Isaias
1287 5213 1653 5275 de‘monstrat
1682 5221 1882 5294 dicens
1906 5239 1919 5276 :
1951 5223 2074 5279 Erit

425 5311 488 5366 in
515 5309 723 5368 diebus
753 5308 870 5366 illis
899 5308 1080 5364 altare
1109 5308 1340 5364 Domini
1372 5308 1431 5363 in
1477 5311 1632 5364 terra
1682 5309 1930 5383 Egypti,
1963 5311 2071 5368 hoc

425 5402 517 5455 est
544 5399 606 5455 in
639 5399 880 5465 mundo,
914 5397 1016 5469 qui
1063 5395 1414 5470 intelligitur
1461 5413 1563 5470 per
1608 5401 1936 5472 Egyptum,
1969 5401 2070 5473 qui

297 5483 310 5492 “
425 5485 842 5557 interpretatur
896 5485 1127 5543 tenebrae
1173 5487 1261 5542 vel
1320 5501 1537 5542 mceror.
1589 5486 1936 5559 Oﬂ‘erentur,
1981 5490 2071 5545 in-

419 5570 582 5660 quit,
611 5573 839 5646 arietes,
870 5575 930 5633 id
959 5579 1049 5635 est
1077 5574 1363 5646 doctores,
1396 5577 1454 5633 et
1497 5573 1602 5631 ﬁlii
1651 5577 2070 5653 prophetarum

2187 4602 2710 4660 mimistraverunt.
2744 4601 3140 4674 Spiritualiter
3167 4620 3300 4660 vero
3328 4602 3483 4660 ﬁlios
3513 4603 3839 4677 peregrino-

2187 4709 2318 4748 rum
2349 4695 2406 4747 et
2435 4707 2600 4764 reges
2631 4708 2834 4747 eorum
2865 4690 3121 4764 appellat
3158 4696 3444 4764 martyres
3473 4698 3534 4748 et
3562 4693 3834 4765 praedicao

2186 4765 2656 4853 toresogentium,
2691 4797 2946 4852 quorum
2977 4780 3093 4836 ﬁde
3121 4785 3179 4836 et
3211 4780 3536 4836 virtutibus
3585 4780 3836 4836 Ecclesia

2185 4873 2388 4926 saneta
2419 4869 2663 4924 fundata
2691 4873 2802 4924 est.
2825 4892 2852 4918 «
2873 4868 2935 4925 In
2958 4869 3361 4942 indignatione
3381 4870 3542 4926 enim
3565 4887 3698 4926 mea
3717 4885 3836 4942 per

2185 4957 2343 5014 cussi
2375 4961 2450 5024 te,
2485 4956 2630 5013 etin
2680 4956 3152 5015 reconciliatione
3199 4974 3332 5015 mea
3377 4959 3660 5014 misertus
3705 4971 3830 5014 sum

2183 5045 2290 5102 tui.
2317 5068 2344 5095 »
2367 5046 2453 5100 Ad
2473 5045 2793 5102 Ecclesiam
2814 5045 3265 5120 loquitur.Saape
3286 5047 3442 5103 Deus
3462 5048 3828 5120 omnipotens

2183 5133 2438 5206 percutit
2467 5131 2682 5190 electos
2710 5139 2945 5203 suos,ut
2972 5135 3224 5208 corrigat
3254 5153 3376 5192 eos.
3408 5135 3708 5192 Percussit
3733 5135 3828 5190 Ju-

2181 5223 2336 5279 dteos
2367 5221 2602 5294 quando
2632 5222 2800 5278 duxit
2835 5223 2967 5278 illos
2999 5223 3059 5278 in
3091 5223 3512 5297 captivitatem,
3547 5221 3828 5298 percussit

2180 5309 2500 5369 Ecclesiam
2531 5327 2635 5383 per
2663 5317 2942 5384 tyrannos
2989 5310 3172 5384 huius
3219 5311 3439 5379 saeculi,
3472 5317 3540 5368 ut
3567 5312 3826 5386 probant

2180 5400 2343 5456 illam
2373 5407 2428 5456 et
2458 5400 2817 5456 emendaret.
2851 5401 2963 5456 Sed
2996 5407 3200 5474 postea
3231 5401 3512 5458 misertus
3564 5406 3658 5458 est
3684 5401 3822 5474 ejus,

2117 5554 2124 5560 ,
2181 5506 2284 5564 per
2299 5487 2829 5546 reconciliationem
2847 5505 2974 5562 qua:
2991 5489 3143 5546 facta
3159 5495 3250 5547 est
3264 5490 3555 5565 sanguine
3572 5490 3700 5548 Filii
3719 5486 3820 5546 sui.

2253 5603 2281 5632 ι(
2313 5579 2386 5639 Et
2429 5577 2786 5655 aperientur,
2823 5600 2852 5630 »
2883 5577 2943 5638 id
2977 5583 3086 5652 est,
3120 5581 3407 5656 patebunt
3437 5603 3467 5633 «
3499 5583 3679 5656 porto:
3718 5581 3818 5636 tua
