4106 6190
309 345 487 405 ’1037

1426 346 1839 407 COMMENT.
1884 347 1962 408 ΙΝ
2007 348 2299 412 ISAIAM.
2354 354 2496 415 LIB.
2545 354 2650 417 Ill.

3576 371 3730 433 1038

315 476 561 548 jugiter,
596 475 690 572 die
720 479 779 531 et
826 479 993 572 nocte
1013 476 1151 532 ‘non
1203 477 1569 543 claudentur,
1605 484 1668 534 ut
1699 480 1977 536 efferatur
2005 484 2058 549 Α
2089 500 2217 555 qum
2235 486 2306 540 ab
2329 486 2473 558 ipsis
2494 492 2582 544 est
2603 490 3016 549 fundataJdeo
3039 498 3233 552 autem
3257 499 3504 571 apostoli
3525 505 3582 556 et
3598 518 3735 572 pre-

322 566 394 620 ad
426 568 480 619 te
514 564 791 620 fortitudo
822 565 1106 636 gentium,
1141 569 1199 621 et
1230 584 1394 639 reges
1424 584 1626 622 earum
1669 570 1972 625 adducan-

324 659 420 708 tur
444 676 472 703 »
521 653 808 708 subaudis
866 653 970 708 tibi
1031 670 1134 725 per
1177 655 1372 710 ﬁdem.
1414 658 1549 721 Qua)
1601 661 1742 712 sunt
1794 662 1972 729 portae

320 741 590 795 Ecclesiae
623 758 749 812 quae
782 757 1016 813 semper
1041 743 1280 813 patent?
1304 743 1575 814 Episcopi
1608 750 1664 799 et
1705 746 1974 800 sacerdo-

322 836 431 893 tes,
448 846 696 901 quorum
722 828 1048 885 ministerio
1072 831 1504 885 introducimur
1534 832 1687 886 intra
1708 838 1972 887 sanctam

318 919 663 975 Ecclesiam.
696 917 804 985 Qui
841 918 970 973 ideo
1003 918 1280 974 dicuntur
1329 936 1563 992 semper
1585 925 1803 993 patere,
1836 921 1977 992 quia

319 1008 508 1081 parati
540 1012 680 1063 sunt
711 1009 783 1063 ad
815 1007 1205 1078 suscipientes
1236 1009 1538 1064 credentes
1587 1009 1645 1064 in
1693 1009 1974 1064 Ecclesia.

317 1098 422 1153 Die
442 1114 510 1153 ac
542 1095 852 1163 nocte,hoc
880 1100 990 1160 est,
1022 1101 1078 1151 et
1099 1096 1158 1151 in
1188 1097 1575 1168 prosperitate
1603 1102 1660 1152 et
1692 1098 1750 1152 in
1782 1099 1977 1153 adver-

317 1187 514 1242 sitate.
558 1186 627 1240 Et
674 1201 854 1257 quare
904 1184 1050 1239 hoc?
1088 1184 1156 1239 Ut
1206 1187 1483 1240 aﬁ‘eratur
1529 1186 1601 1241 ad
1654 1186 1971 1242 Ecclesiam

316 1274 599 1331 fortitudo
643 1273 931 1345 gentium,
965 1272 1258 1344 principes
1283 1273 1551 1328 videlicet
1582 1291 1647 1329 ac
1689 1279 1973 1345 potentes,

312 1365 401 1420 vel
447 1367 733 1434 martyres
777 1363 954 1417 fortes
1012 1360 1071 1415 in
1127 1363 1259 1427 ﬁde,
1313 1366 1371 1416 et
1432 1378 1597 1435 reges
1656 1379 1882 1429 earum,
1914 1367 1980 1416 ut

311 1451 734 1510 Constantinus
760 1451 891 1518 fuit,
921 1450 1010 1505 vel
1051 1450 1239 1506 sancti
1290 1451 1389 1522 qui
1430 1452 1777 1523 semetipsos
1830 1452 1976 1506 bene

313 1545 550 1615 regunt,
583 1540 957 1596 adducantur
984 1539 1058 1595 ad
1093 1539 1266 1593 ﬁdem
1299 1540 1447 1610 ejus.

385 1653 413 1681 «
440 1630 594 1685 Deus
613 1627 792 1695 enim,
810 1649 838 1677 »
862 1627 1152 1683 subaudis
1169 1627 1502 1683 Judaeorum
1515 1669 1528 1693 ,
1547 1650 1574 1675 ‹‹
1593 1632 1649 1683 et
1670 1644 1977 1700 regnum,»

313 1721 425 1776 hoc
456 1722 564 1787 est,
598 1717 759 1789 regia
808 1720 1072 1789 potestas
1102 1738 1129 1765 α
1166 1732 1294 1788 quae
1345 1733 1459 1771 non
1501 1716 1764 1771 servierit
1806 1716 1911 1771 tibi
1947 1738 1975 1766 »

312 1809 593 1874 servitute
621 1809 826 1861 sancta
857 1821 962 1877 per
986 1805 1164 1861 ﬁdem
1196 1808 1253 1860 et
1285 1805 1751 1877 operationem,o
1781 1804 1977 1860 Eccle-

310 1899 402 1955 sia
431 1895 747 1969 primitiva,
767 1917 794 1945 «
816 1893 1028 1967 peribit
1051 1916 1077 1943 »
1105 1894 1164 1949 in
1197 1894 1290 1949 die
1314 1893 1524 1964 judicii
1553 1893 1820 1949 cumillis
1845 1893 1969 1965 qui-

310 1988 425 2042 bus
475 1985 702 2040 dicetur
731 2001 745 2038 ε
782 2007 811 2033 ‹‹
845 1984 950 2049 Ite,
983 1982 1303 2049 maledicti,
1336 1982 1397 2037 in
1446 1982 1642 2055 ignem
1685 1987 1976 2037 aeternum

308 2075 516 2144 (Matth.
548 2077 700 2140 xxv).
720 2096 747 2121 »
771 2096 798 2122 ‹‹
828 2073 897 2127 Et
925 2076 1150 2145 gentes,
1176 2093 1204 2121 »
1233 2070 1517 2126 subaudis
1545 2088 1676 2142 qua:
1708 2089 1821 2125 non
1847 2088 1970 2125 ser-

306 2165 520 2222 vierint
540 2162 668 2229 tibi,
684 2184 713 2212 ‹‹
738 2160 1052 2216 solitudine
1072 2162 1479 2225 vastabantur,
1499 2182 1526 2209 »
1562 2160 1618 2214 id
1642 2148 1973 2232 est,pagani

310 2256 372 2311 in
400 2251 744 2309 inﬁdelitate
767 2254 1176 2321 permanentes
1200 2250 1543 2304 deserentur
1562 2266 1596 2303 a
1616 2249 1756 2315 Deo,
1772 2254 1830 2303 et
1850 2253 1974 2304 vas‘

314 2344 598 2399 tabuntur
628 2357 663 2395 a
691 2338 921 2394 diabolo
950 2338 1154 2401 traditi
1187 2337 1546 2393 cruciatibus
1579 2336 1879 2409 gehennae.

384 2454 413 2480 α
448 2429 646 2485 Gloria
668 2428 873 2483 Libani
904 2429 975 2482 ad
1008 2432 1064 2482 te
1092 2427 1304 2495 veniet,
1320 2427 1479 2481 abies
1511 2431 1567 2480 et
1597 2426 1789 2481 buxus
1811 2431 1868 2482 et
1884 2426 1969 2498 pi-

312 2538 429 2576 nus
445 2518 621 2574 simul
645 2517 717 2572 ad
736 2517 1067 2572 ornandum
1088 2515 1281 2571 locum
1306 2513 1787 2569 sanctiﬁcationis
1804 2531 1968 2579 mete,

310 2615 367 2666 et
388 2608 582 2664 locum
602 2607 817 2678 pedum
832 2620 1098 2660 meorum
1116 2602 1472 2676 gloriﬁcabo.
1487 2625 1513 2651 ››
1531 2603 1788 2657 Libanus
1801 2619 1971 2657 mons

314 2702 406 2753 est
428 2695 715 2752 Phcenicis
748 2698 806 2749 et
837 2692 1173 2757 Palaestinae,
1200 2692 1258 2745 in
1296 2691 1547 2745 conﬁnio
1578 2695 1743 2745 terra:
1774 2706 1970 2761 repro-

316 2784 642 2851 missionis,
659 2800 728 2839 ex
748 2799 863 2854 quo
885 2779 1242 2837 ministravit
1257 2780 1450 2835 lliram
1471 2779 1767 2851 quondam
1792 2777 1969 2833 David

316 2875 389 2931 ad
415 2873 698 2947 palatium
721 2888 919 2939 suum,
939 2874 996 2926 et
1016 2869 1312 2926 Salomoni
1338 2868 1409 2923 ad
1431 2866 1714 2939 templum
1737 2867 1968 2922 Domini

312 2962 797 3028 construendum,
831 2959 990 3031 ligna
1009 2956 1255 3030 pulchra
1284 2963 1340 3011 et
1367 2954 1970 3028 imputribilia.Cujus

312 3052 503 3125 gloria
531 3055 620 3107 est
648 3048 893 3104 altitudo
924 3048 1293 3113 arhorum,et
1322 3044 1629 3099 diversitas
1658 3061 1724 3099 ac
1763 3042 1970 3098 multi-

311 3141 457 3196 tudo
478 3138 821 3195 bestiarum.
838 3137 945 3192 Per
957 3136 1246 3191 Libanum
1263 3150 1400 3205 ergo
1418 3132 1765 3205 intelligitur
1786 3133 1896 3187 isto
1910 3131 1967 3186 in

2082 572 2370 629 dicatores
2393 577 2567 646 pedes
2578 578 2807 633 Domini
2825 581 3267 655 dicuntur,quia
3284 587 3356 640 ah
3370 588 3453 642 eis
3467 593 3736 659 portatus

2080 666 2168 716 est
2188 679 2291 733 per
2309 664 2647 721 universum
2670 669 2889 735 orbem,
2898 671 2922 741 j
2932 675 3067 727 uxta
3087 673 3243 744 quod
3266 691 3368 745 per
3385 676 3732 747 prophetam

2081 748 2220 805 olim
2252 752 2473 808 dixerat
2501 771 2513 809 :
2548 779 2573 803 ‹‹
2606 757 2947 815 lnhabitaho
2989 759 3049 814 in
3093 760 3232 825 illis,
3260 766 3317 816 et
3346 761 3727 821 inambulabo

2085 839 2157 905 (II
2184 840 2303 894 Cor.
2336 845 2436 909 v1).
2475 865 2501 889 »
2552 843 2715 897 Unde
2763 846 2938 901 etiam
2998 847 3150 903 alius
3203 849 3488 921 propheta
3546 851 3728 906 dicit:

2086 927 2241 981 Beati
2276 931 2450 999 pedes
2481 948 2705 1002 pacem,
2728 932 2785 987 id
2818 939 2925 1001 est,
2959 936 3257 992 Christum
3283 942 3580 1009 portantes
3603 942 3732 1010 (lsa.

2086 1013 2201 1085 nu).
2236 1014 2337 1069 Vel
2371 1016 2539 1073 aliter
2571 1036 2583 1073 :
2622 1020 2800 1075 Pedes
2831 1022 3061 1077 Domini
3094 1024 3373 1081 dicuntur
3402 1028 3737 1099 praedicato-

2085 1118 2195 1167 res,
2223 1103 2360 1174 quia
2390 1105 2563 1160 sicuti
2598 1112 2785 1163 totum
2819 1126 3030 1182 corpus
3061 1116 3235 1183 pedes
3266 1119 3520 1186 portant,
3542 1116 3625 1172 ita
3648 1115 3733 1171 illi

2084 1190 2403 1246 Ecclesiam
2437 1193 2561 1248 suis
2591 1195 2875 1252 doctrinis
2906 1198 3322 1273 miraculisque
3361 1207 3419 1258 et
3453 1203 3735 1277 exemplis

2085 1277 3085 1356 sustinent.Locum(inquit)pcdum
3101 1304 3363 1344 meorum
3376 1291 3730 1361 gloriﬁcabo,

2087 1366 2141 1419 id
2175 1372 2262 1421 est
2292 1369 2608 1424 Ecclesiam
2632 1388 2806 1442 quam
2832 1374 3224 1429 fundaverunt
3241 1378 3486 1448 apostoli
3504 1396 3735 1435 eorum-

2086 1471 2199 1526 que
2228 1472 2615 1527 successores,
2633 1461 3009 1516 multitudine
3031 1464 3396 1520 credentium
3424 1468 3735 1524 exornabo.

2159 1563 2187 1591 ‹‹
2221 1544 2290 1597 Et
2316 1544 2548 1599 venient
2579 1547 2651 1601 ad
2687 1551 2759 1614 te,
2790 1570 2817 1595 »
2841 1549 3128 1606 subaudis
3157 1567 3262 1622 per
3284 1553 3530 1620 ﬁdem,‘o
3550 1554 3743 1611 Eccle-

2087 1629 2194 1696 sia,
2218 1653 2246 1681 «
2269 1632 2487 1698 curvi,»
2503 1633 2562 1689 id
2585 1640 2691 1699 est,
2716 1635 2979 1691 inclinati
3008 1642 3065 1694 et
3084 1638 3341 1696 humiles
3369 1662 3398 1691 α
3420 1641 3738 1712 ﬁliorum,»

2087 1720 2372 1776 subaudis
2401 1729 2842 1793 persecutorum
2864 1748 2893 1775 ‹‹
2913 1725 3013 1797 qui
3035 1726 3498 1785 humiliaverunt
3518 1734 3574 1785 te
3596 1752 3624 1781 »
3654 1731 3739 1787 in-

2086 1808 2423 1864 terﬁciendo
2440 1815 2672 1868 sanctos
2693 1816 2825 1868 tnes
2845 1806 3271 1887 praedicatores,
3289 1839 3317 1867 «
3334 1820 3391 1872 et
3407 1817 3738 1875 adorabunt

2083 1896 2327 1969 vestigia
2341 1899 2554 1969 pedum
2582 1904 2819 1956 tuorum
2832 1919 3036 1959 omnes
3050 1903 3153 1975 qui
3164 1904 3547 1963 detrahebant
3565 1906 3733 1974 tibi,»

2082 1983 2139 2039 id
2163 1987 2711 2053 est,venerabuntur
2731 1988 2899 2062 signa
2919 1995 2976 2046 et
2995 2007 3170 2064 opera
3190 1992 3585 2064 apostolorum
3608 1998 3738 2051 tuo-

2084 2089 2236 2137 rum,
2262 2075 2382 2145 qui,
2407 2074 2559 2129 sicut
2611 2078 2883 2150 superius
2931 2078 3205 2145 diximus,
3240 2082 3415 2152 pedes
3464 2082 3732 2139 Ecclesia:

2082 2162 2337 2218 fuerunt.
2396 2163 2577 2220 Valde
2629 2165 3087 2222 humiliaverunt
3140 2169 3326 2224 Judaei
3388 2169 3729 2239 Ecclesiam,

2081 2252 2318 2321 quando
2343 2252 2775 2309 decollaverunt
2795 2255 3079 2310 Jacobum
3104 2256 3341 2323 fratrem
3362 2258 3735 2332 Domini,qui

2081 2343 2206 2393 erat
2221 2339 2304 2394 eis
2330 2340 2402 2394 ab
2424 2341 2705 2413 apostolis
2725 2343 3037 2415 episcopus
3066 2343 3395 2413 ordinatus,
3418 2349 3477 2401 et
3496 2348 3733 2419 quando

2081 2425 2488 2498 lapidaverunt
2516 2430 2902 2502 Stephanum.
2938 2432 3049 2487 Sed
3099 2437 3302 2504 postea
3349 2450 3454 2506 per
3500 2434 3732 2491 Domini

2080 2516 2330 2585 gratiam
2361 2517 2657 2573 venientes
2690 2519 2761 2572 ad
2793 2520 2967 2574 ﬁdem
3001 2520 3130 2589 ejus
3161 2520 3454 2577 humiliati
3486 2527 3644 2591 sunt,
3679 2528 3737 2580 et

2078 2604 2511 2658 venerabuntur
2530 2606 2700 2677 signa
2721 2610 2778 2661 et
2800 2607 3083 2662 miracula
3100 2609 3591 2679 apostolorum,ut
3607 2612 3736 2667 bea-

2080 2694 2177 2745 tus
2202 2691 2413 2747 Paulus
2436 2693 2589 2757 fecit,
2613 2694 2712 2765 qui
2738 2695 2964 2749 fortiter
2984 2695 3314 2751 humiliavit
3333 2714 3462 2752 eam
3485 2714 3731 2754 consen-

2080 2778 2232 2833 tiens
2262 2779 2488 2834 civibus
2514 2782 2662 2848 suis,
2694 2787 2752 2838 ct
2782 2782 2864 2837 illi
2895 2784 2966 2848 de
2997 2784 3214 2855 quibus
3251 2784 3489 2857 scripsit
3518 2787 3728 2852 Lucas,

2079 2867 2235 2938 quod
2259 2866 2445 2922 multa
2464 2870 2637 2925 turba
2656 2872 3023 2927 sacerdotum
3047 2873 3354 2930 obediebat
3376 2874 3529 2930 ﬁdei.
3555 2875 3729 2931 Simi-

2078 2954 2213 3010 liter
2224 2956 2472 3027 gentiles
2487 2958 2653 3014 valde
2673 2958 3130 3015 humiliaverunt
3145 2961 3728 3036 Ecclesiam,quando

2078 3044 2455 3101 succiderunt
2487 3047 2718 3103 Petrum
2760 3048 3048 3105 excelsam
3078 3050 3343 3119 cedrum,
3373 3052 3476 3108 sed
3523 3055 3730 3125 postea

2078 3132 2369 3188 humiliati
2391 3134 2863 3206 gloriﬁcaverunt
2878 3137 3193 3194 Dominum
3215 3139 3275 3194 in
3298 3140 3573 3212 operibus
3596 3157 3731 3214 apo-

312 3229 442 3285 loco
466 3228 815 3295 mundus,et
839 3243 942 3298 per
962 3223 1209 3298 gloriam
1232 3222 1391 3277 illius
1414 3222 1628 3278 montis
1643 3221 1889 3276 altitudo
1911 3224 1968 3275 et
1997 3213 2040 3280 C
2080 3220 2362 3276 stolarum
2395 3224 2543 3295 ejus.
2578 3224 2858 3296 Sequitur
2889 3242 2901 3281 :
2937 3248 2965 3276 ‹‹
2998 3227 3069 3281 Et
3098 3228 3391 3283 vocabunt
3437 3213 3730 3286 civitatem

310 3317 653 3376 sublimitas
682 3315 857 3372 istius
874 3313 1077 3369 mundi
1103 3329 1117 3367 :
1144 3328 1270 3384 quae
1294 3311 1547 3366 maxime
1571 3310 1629 3365 in
1655 3310 1889 3383 regibus
1911 3313 1969 3364 et

311 3407 683 3480 principibus
698 3404 987 3470 consistit,
1010 3402 1107 3474 qui
1128 3402 1196 3456 ad
1224 3399 1540 3456 Ecclesiam
1562 3416 1665 3472 per
1680 3399 1815 3454 ﬁdei
1837 3415 1967 3453 con-

311 3495 629 3551 fessionem
661 3495 964 3550 venerunt.
983 3491 1090 3546 Per
1118 3490 1534 3560 abietem,quze
1567 3488 1727 3543 mira:
1749 3486 1971 3559 magni-

312 3584 541 3641 tudinis
570 3600 636 3639 ac
666 3579 1030 3655 proceritatis
1058 3579 1230 3635 arbor
1259 3582 1369 3645 est,
1399 3577 1812 3649 intelliguntur
1831 3574 1972 3631 divi-.-

313 3681 401 3732 tes
431 3675 520 3732 vel
552 3671 906 3747 philosophi,
934 3671 1035 3744 qui
1068 3669 1169 3725 alti
1201 3674 1368 3725 erant
1388 3668 1447 3723 in
1480 3667 1766 3740 sapientia
1795 3684 1967 3721 mun-

315 3767 491 3833 dana,
510 3769 577 3820 ut
608 3756 1971 3835 fuitCyprianus,Hilarius,Ambrosius,Augus-

315 3852 741 3920 tinus,excelsaa
752 3851 991 3906 arbores
1003 3848 1301 3921 quondam
1324 3846 1383 3900 in
1410 3844 1621 3900 saeculo
1632 3845 1967 3909 existentes,

314 3944 415 4000 sed
448 3942 522 3998 ad
561 3940 878 3997 Ecclesiam
925 3936 1243 4003 venientes,
1277 3951 1406 3991 eam
1443 3933 1568 3989 suis
1600 3932 1883 3988 doctrinis
1915 3935 1973 3987 et

315 4030 632 4087 virtutibus
649 4029 1022 4085 ornaverunt.
1040 4025 1146 4081 Per
1165 4024 1369 4097 pinum
1386 4039 1517 4077 vero
1540 4027 1597 4077 et
1620 4020 1970 4093 buxum,qui

314 4119 610 4175 viriditate
630 4117 908 4191 gaudent,
940 4113 1353 4187 intelliguntur
1382 4110 1467 4166 illi
1517 4110 1616 4183 qui
1657 4115 1971 4183 postquam

316 4206 589 4265 Ecclesiae
611 4209 750 4261 sunt
770 4201 1229 4274 sociati,virides
1250 4200 1310 4255 in
1343 4201 1455 4255 ﬁde
1490 4198 1835 4254 exstiterint.
1870 4196 1967 4252 Di-

315 4296 566 4354 versitas
595 4294 751 4350 enim
780 4294 1056 4349 arborum
1086 4289 1346 4345 diversos
1375 4288 1610 4344 ordines
1657 4287 1971 4358 signiﬁcat,

316 4402 387 4441 ex
413 4383 634 4458 quibus
664 4382 940 4438 omnibus
987 4384 1193 4437 sancta
1238 4378 1520 4433 adornata
1567 4379 1657 4430 est
1693 4374 1969 4431 Ecclesia.

314 4474 619 4530 Venerunt
640 4471 830 4544 siquid
840 4487 931 4527 em
944 4488 1012 4526 ex
1032 4468 1270 4561 regibus
1287 4467 1357 4522 ad
1378 4482 1505 4561 eam
1519 4468 1575 4519 et
1586 4463 1971 4561 principibus,

314 4564 607 4619 venerunt
660 4578 729 4617 ex
782 4559 1083 4624 divitibus,
1115 4552 1403 4612 venerunt
1460 4569 1529 4608 ex
1572 4552 1971 4646 philosophis,
2004 4581 2052 4646 Β

317 4651 717 4722 omnibusque
749 4648 880 4705 aliis
911 4646 1238 4712 ordinibus,
1259 4661 1363 4716 per
1401 4640 1735 4715 quoslocus
1766 4641 1976 4697 sancti-

317 4738 614 4796 ficationis
642 4739 772 4810 ejus
802 4738 1122 4792 adornatus
1152 4738 1260 4800 est,
1283 4732 1342 4787 id
1379 4736 1488 4797 est,
1512 4730 1768 4786 Ecclesia
1797 4747 1974 4801 quam

316 4828 443 4901 ipse
459 4826 848 4884 sanctiﬁcavit
860 4823 1145 4897 sanguine
1165 4820 1584 4892 redemptionis
1604 4823 1662 4873 et
1682 4819 1974 4891 baptismo

292 4913 905 4972 ‘ablutionis.Dicitur
943 4928 1080 4985 ergo
1122 4908 1390 4965 Ecclesia:
1425 4907 1751 4980 primitivae,
1783 4907 1977 4962 Gloria

320 5004 553 5071 Libani,
578 5004 636 5059 id
667 5008 756 5059 est
785 5018 950 5075 reges
978 5004 1035 5056 et
1065 4997 1359 5071 principes
1390 4997 1569 5067 hujus
1598 4996 1803 5051 mundi
1828 4996 1898 5051 ad
1922 5000 1976 5050 te

316 5093 559 5151 venient
586 5109 689 5165 per
716 5088 1093 5156 ﬁdem,abies
1124 5087 1411 5153 videlicet,
1438 5086 1493 5140 id
1526 5090 1634 5151 est,
1667 5084 1875 5141 divites
1923 5088 1979 5140 et

320 5180 865 5255 pbilosopbi,pinus
881 5182 940 5233 et
959 5175 1284 5241 buxus,hoc
1297 5179 1385 5229 est
1407 5174 1490 5228 illi
1513 5173 1612 5246 qui
1626 5173 1977 5229 viriditatem

322 5270 460 5325 ﬁdei
491 5269 733 5337 habent,
756 5271 812 5323 et
842 5266 1138 5322 ornabunt
1168 5268 1223 5319 te
1254 5263 1379 5328 suis
1411 5263 1691 5318 doctrinis
1720 5268 1778 5317 et
1797 5264 1979 5317 virtu-

320 5359 508 5414 tibus.
543 5358 825 5430 Quodque
856 5353 1144 5427 sequitur,
1161 5356 1218 5408 et
1247 5351 1440 5406 locum
1465 5352 1680 5422 pedum
1715 5368 1979 5405 meorum

321 5445 876 5521 gloriﬁcabo,iidem
909 5444 1295 5505 designantur
1326 5457 1429 5513 per
1449 5439 1623 5511 pedes
1655 5444 1711 5494 et
1742 5456 1977 5494 rursum

322 5553 429 5611 per
460 5534 713 5591 abietem
730 5538 788 5589 ct
805 5529 1301 5604 huxum,apostoli
1321 5527 1590 5583 videlicet
1611 5530 1668 5580 ct
1698 5527 1979 5597 praedica-

321 5631 484 5686 tores
506 5627 564 5684 et
584 5639 866 5701 sequaces
889 5636 1114 5694 eorum,
1130 5635 1383 5695 quorum
1404 5616 1569 5675 locus
1590 5620 1679 5675 est
1698 5615 1975 5689 Ecclesia,

2076 3310 2307 3365 Domini
2339 3311 2477 3366 Sion
2506 3312 2691 3368 sancti
2726 3313 2922 3369 Israel.
2946 3336 2973 3362 ››
2994 3315 3079 3369 Ad
3102 3314 3421 3371 Ecclesiam
3443 3314 3728 3389 loquitur.

2076 3399 2289 3455 Civitas
2319 3417 2353 3455 a
2380 3402 2794 3458 communione
2815 3402 3031 3459 dicitur
3051 3404 3288 3473 civium,
3308 3409 3367 3461 et
3397 3410 3602 3462 sancta
3633 3407 3734 3463 Ec-

2077 3489 2254 3545 clesia
2274 3490 2477 3545 civitas
2493 3490 2840 3563 appellatur,
2856 3491 2996 3564 quia
3027 3510 3146 3547 una
3165 3497 3254 3547 est
3273 3493 3551 3550 omnibus
3580 3493 3641 3549 in
3662 3510 3733 3551 ea

2076 3578 2482 3634 habitantibus
2515 3580 2678 3645 ﬁdes,
2706 3597 2890 3635 unum
2913 3581 3228 3652 baptisma,
3250 3597 3369 3635 una
3397 3580 3652 3637 charitas
3672 3586 3732 3638 et

2079 3685 2198 3722 una
2217 3667 2545 3722 concordia.
2571 3667 2731 3723 Unde
2753 3672 2808 3723 et
2830 3669 3016 3723 Lucas
3038 3667 3180 3722 dicit
3202 3667 3260 3722 in
3285 3666 3521 3724 Actibus
3552 3685 3727 3740 apos-

2077 3756 2329 3810 tolorum
2364 3771 2377 3809 :
2413 3778 2439 3804 ‹‹
2462 3754 2854 3809 Multitudinis
2877 3760 3075 3810 autem
3101 3756 3464 3811 credentium
3487 3762 3611 3812 erat
3630 3774 3732 3815 cor

2078 3860 2262 3898 unum
2294 3847 2351 3897 et
2380 3841 2577 3897 anima
2609 3859 2725 3897 una
2745 3843 2876 3914 (Act.
2893 3843 2991 3910 1v).
3022 3864 3049 3892 ››
3070 3843 3141 3898 Et
3170 3843 3283 3898 ista
3305 3847 3392 3899 est
3416 3844 3731 3914 civitas,de

2078 3949 2196 4004 qua
2214 3931 2354 3986 dicit
2378 3932 2656 3987 Dominus
2680 3931 2737 3985 in
2760 3930 3071 4003 Evangelio
3096 3948 3108 3986 :
3130 3932 3254 3987 Non
3294 3936 3485 4004 potest
3525 3933 3730 3991 civitas

2079 4020 2359 4076 abscondi
2390 4037 2567 4093 super
2596 4024 2854 4076 montem
2887 4020 3078 4091 posita
3096 4020 3298 4093 (Matth,
3321 4021 3398 4093 v),
3423 4021 3482 4077 id
3514 4026 3605 4078 est
3631 4023 3732 4079 Ec-

2079 4109 2257 4165 clesia
2278 4108 2338 4163 in
2369 4108 2600 4165 Christo
2623 4109 2885 4165 fundata.
2902 4109 3130 4164 Dicitur
3150 4126 3287 4182 ergo
3308 4109 3578 4166 Ecclesia:
3605 4126 3618 4165 :
3644 4108 3730 4166 illi

2081 4199 2181 4271 qui
2211 4198 2506 4270 (inquam)
2527 4197 2912 4253 detrahebant
2926 4197 3223 4265 tibi,curvi
3245 4203 3305 4254 et
3325 4196 3582 4255 humiles
3597 4215 3732 4272 pos-

2080 4293 2175 4343 tea
2202 4286 2823 4354 venientes,vocabunt
2843 4290 2900 4341 te
2931 4286 3225 4342 civitatem
3249 4286 3482 4342 Domini
3504 4286 3733 4354 Sion,id

2082 4381 2172 4432 est
2202 4375 2644 4447 speculatriccm
2676 4375 2862 4430 sancti
2898 4373 3095 4430 Israel.
3129 4374 3344 4430 Omnes
3395 4374 3494 4447 qui
3546 4375 3733 4430 renati

2082 4468 2222 4520 sunt
2249 4482 2318 4520 ex
2346 4481 2503 4535 aqua
2532 4469 2588 4518 et
2616 4463 2836 4535 Spiritu
2867 4462 3075 4528 sancti,
3107 4463 3167 4516 in
3198 4461 3357 4529 Sion,
3391 4462 3499 4517 hoc
3546 4466 3636 4518 est
3670 4462 3733 4518 in

2084 4552 2574 4623 contemplatione
2621 4555 2680 4607 et
2729 4550 3124 4623 speculatione
3155 4549 3389 4619 mentis,
3414 4550 3735 4607 consistere

2084 4641 2318 4695 debent.

2154 4751 2181 4777 ‹‹
2217 4728 2322 4782 Pro
2353 4743 2419 4782 eo
2449 4728 2607 4799 quod
2648 4725 2811 4781 fuisti
2864 4723 3136 4780 derelicta
3179 4729 3236 4780 et
3264 4725 3397 4781 odio
3425 4724 3645 4793 habita,
3677 4730 3736 4781 et

2085 4834 2199 4871 non
2223 4820 2344 4871 erat
2364 4817 2462 4887 qui
2488 4834 2589 4887 per
2610 4820 2663 4870 te
2682 4815 2976 4881 transiret,
2993 4831 3205 4886 ponam
3229 4819 3286 4870 te
3309 4814 3367 4869 in
3396 4813 3732 4887 superbiam

2084 4905 2454 4970 szeculorum,
2475 4910 2530 4958 et
2552 4904 2834 4975 gaudium
2859 4902 2919 4957 in
2941 4903 3315 4975 generatione
3329 4907 3386 4959 et
3406 4901 3733 4975 generatio-

2084 5012 2239 5049 nem.
2267 5017 2294 5043 »
2314 4992 2569 5047 Ecclesia
2584 4990 2859 5047 derelicta
2879 4991 2998 5046 sive
3019 4992 3249 5047 deserta
3277 4990 3387 5046 fuit
3424 4991 3483 5046 iu
3514 4990 3735 5047 Judaeis

2087 5081 2422 5138 inﬁdelibus
2452 5087 2510 5136 et
2540 5081 2815 5153 gentibus
2846 5078 3190 5151 idololatria,
3205 5083 3263 5135 et
3283 5079 3415 5135 odio
3437 5078 3638 5134 habita
3661 5078 3733 5135 ab

2086 5175 2335 5243 utroque
2364 5167 2798 5242 populo.Judaei
2822 5167 3039 5222 idcirco
3058 5166 3222 5222 illam
3253 5167 3385 5223 odio
3416 5166 3735 5234 habebant,

2090 5261 2228 5333 quia
2250 5261 2421 5315 ﬁdem
2444 5256 2658 5313 Christi
2680 5255 2913 5311 tenebat
2927 5259 2984 5309 et
3013 5254 3366 5328 prmdicabat
3396 5254 3735 5323 tenendam,

2091 5367 2266 5422 quem
2282 5348 2394 5420 ipsi
2416 5345 2842 5402 contemnendo
2865 5343 3291 5400 cruciﬁxerant.
3308 5345 3522 5401 Gentes
3543 5346 3740 5400 autem

2088 5438 2216 5494 ideo
2239 5453 2472 5493 exesam
2497 5435 2656 5491 illam
2679 5432 3140 5505 habebant,quia
3160 5433 3317 5489 idola
3341 5432 3573 5488 dicebat
3592 5430 3743 5487 nihil

2088 5544 2237 5595 esse,
2252 5544 2380 5599 quae
2402 5525 2514 5597 ipsi
2537 5523 2825 5592 colebant,
2840 5526 2896 5578 et
2918 5538 3121 5577 eorum
3140 5521 3497 5577 vanissimas
3516 5536 3743 5579 errores

2087 5632 2192 5692 pro
2221 5613 2403 5673 nihilo
2424 5611 2692 5672 ducebat.
2707 5612 2778 5669 Et
2793 5608 3027 5690 quando
3048 5608 3334 5670 Dominus
3352 5607 3511 5670 venit
3535 5624 3638 5686 per
3657 5608 3746 5670 In-
