4046 6188
409 353 562 413 1039

765 345 1172 408 HAYMONIS
1216 341 1763 404 HALBERSTAT.
1812 339 2057 400 EPlSC.
2104 335 2280 398 OPP.
2325 335 2536 396 PARS
2581 335 2628 394 I.
2663 368 2742 376 —
2783 329 3194 392 COMMENT.
3237 329 3437 390 BIBL.

3647 323 3797 391 1οη

403 481 756 540 carnationis
786 477 1152 551 mysterium,
1187 493 1373 549 neque
1405 477 1465 530 in
1493 473 1712 531 Judaeis
1759 487 1948 544 neque
1984 469 2046 526 in
2074 472 2131 538 Α
2160 467 2315 524 rimi.
2350 490 2378 518 ‹‹
2410 467 2481 522 Et
2495 483 2711 540 ponam
2729 463 3124 522 visitationem
3145 467 3308 520 tuam
3338 466 3640 536 pacem,et
3656 479 3800 535 prc-

397 573 674 646 gentibus
704 573 831 625 erat
861 567 1146 640 propheta
1173 572 1275 623 aut
1305 561 1732 638 apostolus,qui
1755 563 2024 633 pertrans

398 662 510 717 iret
534 679 638 732 per
665 676 766 716 eos
793 663 850 714 et
877 657 1158 713 auxilium
1191 653 1622 729 praeheretJIoc
1657 654 1848 706 autem
1887 647 2042 720 quod

399 749 560 817 dicit,
594 766 809 822 ponam
833 751 890 802 te
920 747 977 802 in
1008 745 1338 818 superbiam
1372 741 1739 806 saaculorum,
1769 735 2045 810 superbia

396 839 514 895 isto
543 837 604 894 in
633 837 758 894 loco
788 838 849 892 in
880 837 1096 892 bonam
1117 839 1340 908 partem
1363 832 1664 904 accipitur,
1683 828 1790 883 hoc
1820 830 1910 881 est
1939 841 2042 897 pro

402 927 589 1002 gloria
608 932 666 984 et
685 926 1051 984 celsitudine.
1067 924 1443 998 [Equivocum
1465 919 1619 978 enim
1641 933 1852 972 nomen
1874 917 2047 981 est,et

404 1017 720 1090 aliquando
751 1017 809 1073 in
840 1017 1054 1074 malam
1088 1019 1310 1088 partem
1349 1012 1618 1086 ponitur:
1643 1006 1796 1063 unde
1816 1005 1887 1059 de
1916 1003 2046 1058 dia-

403 1107 537 1164 bolo
563 1109 794 1177 dicitur,
828 1108 980 1180 quod
1013 1105 1137 1178 ipse
1168 1108 1256 1159 est
1301 1118 1398 1156 rex
1441 1115 1616 1169 super
1643 1111 1845 1150 omnes
1895 1091 2045 1147 ﬁlios

405 1198 720 1271 superbiae;
753 1201 811 1252 et
841 1195 1150 1266 aliquando
1177 1193 1233 1244 in
1259 1191 1561 1258 bonam,ut
1583 1184 1823 1240 hic.Pro
1845 1200 1910 1238 eo
1931 1183 2044 1253 (in-

406 1286 556 1359 quit)
568 1287 722 1359 quod
735 1283 894 1339 fuisti
913 1277 1250 1336 derelictain
1271 1275 1487 1332 Judzeis
1501 1273 1902 1329 inlidelibuset
1913 1287 2048 1344 gen-

406 1376 565 1430 tibus
587 1369 930 1433 idololatria,
949 1372 1006 1422 et
1029 1384 1137 1422 non
1166 1370 1290 1420 erat
1310 1365 1612 1438 apostolus
1633 1368 1735 1419 aut
1765 1361 2047 1435 propheta

403 1461 504 1530 qui
537 1455 915 1530 pertransiret
953 1456 1261 1527 praebendo
1301 1455 1839 1526 auxilium,ponam
1879 1455 1937 1506 te
1985 1450 2044 1504 in

400 1545 735 1618 superbiam
767 1543 1257 1613 saeculorum,hoe
1283 1549 1372 1600 est
1400 1544 1460 1600 in
1493 1542 2046 1599 culminevirtutum

399 1633 666 1690 omnium
695 1637 1024 1705 temporum
1044 1638 1100 1690 et
1119 1633 1178 1689 in
1198 1633 1386 1707 gloria
1404 1638 1651 1690 internae.
1668 1634 1736 1688 Et
1757 1647 1970 1703 ponam
1993 1633 2048 1686 te

402 1721 818 1796 gaudium,hoc
835 1727 925 1778 est
945 1727 1011 1778 ut
1041 1740 1274 1796 semper
1293 1723 1572 1796 gaudeas,
1586 1723 1647 1776 in
1677 1719 2048 1793 generatione

383 1812 755 1882 .Judazorum,
788 1815 845 1866 et
874 1813 1244 1884 generatione
1293 1813 1576 1885 gentium,
1609 1810 1697 1866 vel
1746 1809 1804 1864 in
1851 1808 2050 1864 omnia

402 1902 600 1956 futura
617 1904 901 1973 tempora.
927 1902 1044 1957 lloc
1075 1901 1250 1957 etiam
1273 1903 1428 1974 quod
1456 1901 1620 1965 dicit,
1652 1917 1768 1954 non
1800 1901 1925 1954 erat
1945 1895 2046 1969 qui

379 2005 505 2062 ~per
531 1992 586 2043 te
618 1990 917 2062 transiret,
932 1990 1013 2046 ita
1033 1995 1228 2064 potest
1246 1988 1516 2062 intelligi.
1535 1989 1660 2044 Non
1681 1991 1805 2044 erat
1824 1985 1924 2058 qui
1947 2002 2050 2058 per

401 2084 458 2134 te
485 2077 782 2148 transiret,
808 2079 1110 2153 apostolus
1140 2084 1240 2135 aut
1270 2079 1573 2152 propheta,
1598 2081 1655 2134 et
1685 2076 2050 2132 benediceret

399 2164 503 2220 tibi
540 2182 554 2221 :
587 2167 660 2222 de
690 2167 908 2240 quibus
938 2167 1155 2223 dicitur
1185 2167 1244 2221 in
1277 2166 1504 2239 psalmo
1539 2182 1553 2220 :
1587 2189 1615 2216 «
1645 2165 1714 2220 Et
1746 2180 1861 2218 non
1890 2162 2047 2218 dixe-

397 2257 534 2308 runt
562 2254 663 2326 qui
692 2256 1089 2326 przeteribant,
1123 2255 1450 2310 benedictio
1481 2252 1712 2309 Domini
1745 2268 1922 2323 super
1949 2267 2048 2306 vos

397 2341 567 2414 (Psal.
599 2343 888 2414 cxxvm).»
910 2343 1282 2398 Consuetudo
1314 2343 1605 2412 siquidem
1630 2346 1754 2396 erat
1776 2340 1935 2396 illius
1956 2355 2052 2411 po-

397 2431 544 2505 puli,
577 2435 643 2486 ut
670 2434 1086 2504 praetereuntes
1117 2447 1220 2502 per
1246 2430 1401 2484 viam
1431 2429 1843 2485 benedicerent
1881 2429 2053 2499 juxta

400 2525 728 2595 operantes,
762 2520 916 2576 sicut
947 2519 1198 2592 legimus
1231 2519 1378 2574 Booz
1409 2519 1613 2574 fecisse
1643 2519 1877 2590 quando
1908 2517 2054 2572 dixit

402 2609 766 2667 messoribus
801 2627 814 2666 :
847 2632 873 2659 ‹‹
909 2609 1194 2664 Dominus
1215 2607 1515 2663 vobiscum
1547 2608 1726 2678 (Ruth.
1763 2606 1845 2680 ιι),
1878 2629 1906 2657 ››

475 2721 504 2749 ‹‹
531 2699 603 2754 Et
622 2715 798 2772 suges
819 2697 907 2754 lac
927 2699 1276 2771 gentium,et
1293 2696 1554 2752 mamilla
1574 2712 1778 2768 regum
1799 2695 2052 2752 laetabe-

389 2787 506 2844 -ris.
533 2809 561 2838 »
589 2788 774 2860 Suges
805 2787 1064 2858 (inquit),
1085 2804 1118 2842 0
1148 2785 1499 2854 Ecciesia,id
1530 2790 1620 2840 est
1650 2783 1932 2856 percipies
1962 2783 2054 2840 lac

404 2876 688 2948 gentium,
711 2875 822 2931 hoc
843 2879 931 2930 est
951 2875 1280 2948 simplicem
1302 2873 1626 2930 doctrinam
1649 2875 1707 2928 et
1725 2871 2052 2944 simplicem

407 2965 582 3020 fidem
597 2964 898 3020 doctorum
914 2964 1202 3036 gentium,
1216 2967 1274 3019 et
1287 2961 1550 3018 mamilla
1571 2978 1772 3035 regum
1793 2961 2054 3017 laetabe—

405 3053 572 3122 ris,id
595 3056 686 3108 eat
707 3052 992 3108 doctrinis
1030 3051 1428 3125 apostolorum
1467 3051 1832 3124 aliorumque
1859 3051 2052 3106 docto-

403 3159 536 3198 rum
576 3139 928 3214 epulaberis.
969 3143 1042 3196 De
1074 3141 1290 3213 quibus
1325 3141 1562 3214 regibus
1601 3144 1658 3195 et
1690 3139 2056 3212 principibus

401 3212 663 3288 dicitun:
701 3251 730 3280 «
761 3212 1108 3285 Constitucs
1130 3247 1229 3285 eos
1260 3212 1552 3302 principes
1595 3245 1772 3300 super
1817 3245 2052 3284 omnem
2077 3212 2124 3281 C

399 3325 614 3378 terram
643 3319 812 3392 (Psal.
845 3322 1064 3388 xmv).»
1096 3318 1385 3391 Sugentes
1416 3317 1511 3373 hic
1543 3315 2048 3390 signiﬁcantillos,

398 3410 496 3484 qui
521 3411 592 3466 de
612 3408 942 3482 gentilitate
963 3407 1119 3480 pleni
1143 3407 1432 3480 sapientia
1453 3411 1734 3463 venerunt
1755 3407 2047 3479 adzﬁdem,

397 3503 456 3556 et
483 3499 806 3555 docuerunt
829 3497 1047 3553 multos
1069 3497 1274 3552 dantes
1305 3495 1435 3551 aliis
1476 3495 1804 3567 simplicem
1835 3495 2048 3551 doctri-

387 3590 629 3656 -nam,et
658 3585 790 3643 aliis
825 3585 1079 3643 solidum
1111 3585 1332 3640 cibum.
1359 3583 1636 3656 Sequitur
1669 3600 1681 3639 :
1716 3585 1786 3639 Et
1821 3583 1991 3652 scies,
2015 3601 2049 3640 ο

398 3675 675 3745 Ecclesia,
692 3691 826 3730 cum
861 3675 1039 3731 fueris
1069 3674 1358 3729 instructa
1407 3672 1690 3728 doctrinis
1739 3671 2048 3746 magistro-

399 3758 590 3833 rum,£<
612 3763 752 3836 quia
766 3781 872 3836 ego
885 3763 1170 3819 Dominus
1197 3762 1429 3818 salvans
1452 3767 1507 3817 te
1528 3785 1555 3811 »
1577 3779 1611 3817 a
1631 3766 1816 3818 morte
1837 3766 2051 3818 aeterna

399 3875 440 3909 «.
461 3855 520 3908 et
546 3853 880 3924 redemptor
894 3856 1035 3908 tuus
1065 3852 1233 3907 fortis
1262 3852 1502 3920 Jacob,»
1523 3850 1582 3906 id
1612 3855 1718 3918 est,
1739 3850 1838 3922 qui
1861 3867 2048 3922 quon-

399 3943 535 3999 dam
551 3942 660 3998 feci
675 3941 854 3998 Jacob
876 3941 1086 3996 fortem
1118 3945 1184 3996 ut
1215 3945 1413 4014 posset
1445 3939 1650 3994 luctari
1669 3956 1802 3994 cum
1821 3939 2047 4012 angelo,

399 4035 456 4088 et
485 4034 542 4086 te
571 4029 790 4086 redemi
821 4029 1108 4102 sanguine
1140 4047 1269 4084 meo
1303 4046 1318 4084 :
1347 4027 1435 4084 vel
1487 4027 1686 4097 etiam,
1714 4027 1862 4084 scies
1910 4028 2052 4100 quia

399 4135 504 4194 ego
534 4135 667 4175 sum
698 4119 1052 4190 Redemptor
1077 4121 1241 4185 tuus,
1271 4117 1370 4189 qui
1406 4116 1804 4172 fortitudinem
1855 4117 2050 4174 tribuo

398 4206 942 4280 supplantatoribus
973 4205 1246 4260 vitiorum
1257 4210 1351 4275 ,ut
1382 4221 1614 4276 semper
1636 4205 1902 4261 resistere
1923 4223 2050 4278 pos-

397 4296 520 4352 sint
551 4294 784 4350 insidiis
805 4293 1160 4349 daemonum.

389 4411 396 4417 -
469 4407 498 4435 ‹‹
531 4384 640 4440 Pro
671 4399 787 4438 aera
815 4382 1052 4438 afleram
1075 4386 1379 4453 aurum,et
1396 4381 1673 4455 prolferro
1697 4382 1935 4438 afferam
1965 4401 2052 4440 ar-

395 4476 660 4545 gentum,
683 4476 740 4528 et
770 4489 875 4544 pro
907 4471 1082 4544 lignis
1112 4489 1208 4540 aes,
1243 4475 1300 4526 et
1321 4489 1424 4544 pro
1455 4469 1750 4542 lapidibus
1771 4471 2049 4528 ferrum.»

395 4561 503 4617 Per
531 4561 691 4636 ligna
721 4565 779 4618 et
811 4561 1036 4634 lapides
1067 4560 1438 4632 accipiuntur
1459 4557 1592 4614 duri
1613 4559 1784 4615 corde
1806 4564 1862 4616 et
1883 4561 2046 4616 stulti

395 4652 570 4722 atque
583 4649 868 4708 insensati
880 4649 1054 4717 ,idola
1071 4667 1175 4722 pro
1189 4650 1304 4704 Dco
1315 4648 1597 4704 colentes:
1617 4647 1715 4720 qui
1747 4649 2048 4706 credentes

393 4739 653 4793 conversi
683 4743 824 4793 sunt
853 4739 912 4790 in
945 4737 1202 4808 aliquam
1231 4737 1541 4792 utilitatem
1575 4736 1864 4806 Ecclesiae,
1891 4739 2044 4810 quod

392 4824 758 4897 significatur
777 4842 880 4896 per
898 4825 1117 4880 ferrum
1139 4830 1195 4880 ct
1219 4843 1296 4881 aes
1321 4843 1334 4880 :
1359 4831 1415 4880 et
1431 4843 1668 4880 rursum
1687 4830 2048 4882 monstratur

392 4913 652 4985 idipsum
681 4913 740 4968 in
772 4931 914 4968 auro
945 4919 1001 4968 et
1031 4918 1292 4986 argento,
1328 4915 1483 4968 unde
1513 4914 1626 4986 ipsi
1653 4915 1943 4970 accedunt
1971 4917 2044 4971 ad

393 5000 714 5074 perfectum
749 5002 882 5057 ﬁdei
908 5019 1148 5057 sensum
1171 5005 1228 5057 et
1247 5001 1672 5056 confessionem
1696 5003 2044 5073 puram.Vel

386 5088 564 5145 etiam
596 5105 700 5160 per
719 5109 796 5146 tes
828 5094 884 5146 et
914 5091 1133 5145 ferrum
1166 5088 1450 5143 debemus
1470 5086 1794 5158 intelligere
1816 5105 1916 5144 eos
1939 5089 2044 5161 qui

389 5176 638 5247 alicujus
660 5184 827 5234 erant
848 5178 1120 5234 utilitatis
1144 5177 1202 5232 in
1221 5175 1497 5249 gentibus
1521 5191 1534 5229 :
1561 5175 1661 5229 sed
1684 5174 1777 5229 his
1797 5177 2039 5234 mutatis

390 5263 626 5321 diversae
651 5271 788 5321 sunt
807 5267 1007 5339 gratiae
1029 5267 1168 5339 quia
1190 5265 1286 5320 alii
1321 5265 1378 5318 in
1409 5263 1820 5336 praedicatione
1841 5267 2036 5321 sonori

389 5349 524 5410 facti
556 5356 697 5406 sunt
729 5359 792 5408 ut
821 5370 919 5423 aes,
954 5353 1050 5409 alii
1083 5357 1348 5409 doelorcs
1383 5369 1396 5406 :
1432 5352 1587 5424 quod
1619 5351 1888 5424 signatur
1936 5370 2038 5424 per

389 5455 592 5498 aurum
616 5443 674 5495 et
694 5447 1026 5514 argentum,
1045 5447 1110 5496 ut
1135 5441 1276 5495 illud
1302 5441 1612 5495 thesaurus
1631 5440 2033 5498 desiderabilis

383 5527 696 5600 requiescit
725 5528 785 5583 in
834 5547 932 5584 ore
983 5529 1283 5600 sapientis.
1315 5526 1424 5580 Alii
1471 5527 1646 5582 fortes
1689 5526 1746 5580 in
1797 5529 1930 5596 fide,
1966 5534 2032 5586 ut

385 5617 1133 5691 martyrcsefficerenturmt
1143 5613 1710 5687 Cyprianus,aliique
1722 5615 1958 5689 quamp]
1971 5635 2031 5674 υ-

2151 556 2375 629 positos
2405 560 2539 612 tuos
2553 554 2910 628 justitiam.»
2931 552 3056 610 Vox
3074 551 3176 609 Dei
3198 552 3272 608 ad
3293 551 3642 608 Ecclesiam.
3663 551 3804 608 Visi-

2151 646 2434 702 tationem
2459 645 2554 701 hic
2577 644 2776 716 posuit
2803 659 2910 716 pro
2927 641 3245 698 visitatore.
3259 641 3399 698 Tale
3420 641 3580 714 quod
3597 641 3806 716 legitur

2151 735 2214 790 in
2245 733 2507 807 Epistola
2536 733 2696 790 Pauli
2727 730 2977 806 apostoli
3007 732 3080 788 de
3108 730 3296 788 Judaei
3321 747 3337 786 :
3362 730 3637 786 Dediteis
3657 730 3804 788 Deus

2151 823 2551 897 operationem
2581 821 2914 896 iniquitatis
2943 837 3048 893 pro
3077 824 3378 893 operatore
3407 821 3585 889 (Rom.
3616 821 3680 892 ι).
3710 820 3804 876 Se-

2153 911 2462 986 ptuaginta
2491 915 2689 968 auten
2722 911 2930 967 dicunt
2960 927 2974 966 :
3010 909 3226 966 Ponam
3259 908 3495 982 (inquit)
3514 907 3804 982 principes

2153 1005 2288 1058 tuos
2319 1001 2379 1057 in
2411 1017 2638 1074 pacem,
2659 1004 2717 1057 et
2745 999 3052 1073 episcopos
3073 1003 3207 1056 tuos
3237 997 3299 1055 in
3321 997 3808 1070 justitiam.Visi-

2152 1093 2399 1146 tatorem
2413 1089 2574 1163 pacis
2585 1088 2673 1146 vel
2690 1089 2887 1162 ipsum
2899 1088 3216 1144 Dominum
3229 1087 3514 1142 debemus
3526 1086 3806 1160 accipere,

2154 1177 2257 1251 qui
2287 1183 2376 1235 est
2395 1194 2509 1251 pax
2523 1181 2745 1248 nostra,
2759 1177 2847 1234 vel
2870 1175 3170 1250 apostolos
3179 1180 3238 1232 et
3255 1181 3525 1250 pastores
3541 1175 3805 1233 Ecclesia

2153 1267 2303 1339 ejus.
2335 1267 2444 1334 Qui
2473 1267 2601 1322 ideo
2629 1284 2742 1340 pax
2770 1271 2828 1322 et
2847 1265 3088 1338 justitia
3115 1265 3410 1334 dicuntur,
3444 1265 3590 1338 quia
3607 1279 3806 1338 pacem

2152 1355 2536 1428 praedicantes
2558 1360 2617 1411 et
2639 1355 2936 1428 justitiam
2955 1355 3253 1423 docentes,
3266 1353 3602 1426 justiﬁcant
3623 1355 3809 1426 subje-

2155 1449 2280 1501 ctos
2301 1462 2441 1501 suos
2471 1450 2530 1501 et
2559 1445 2872 1517 paciﬁcant
2925 1460 3025 1501 eos
3075 1444 3192 1500 Deo
3223 1443 3446 1516 (Ephes.
3479 1447 3558 1514 ν).
3593 1444 3806 1502 Ponam

2154 1534 2549 1591 visitationem
2582 1538 2746 1590 tuam
2779 1550 3004 1606 pacem,
3034 1532 3096 1590 id
3125 1537 3238 1604 est,
3273 1533 3486 1590 faciam
3507 1531 3810 1606 episcopos

2154 1627 2214 1680 et
2242 1628 2508 1697 pastores
2539 1629 2675 1680 tuos
2706 1623 3004 1696 pacificos,
3036 1623 3384 1696 praepositos
3411 1627 3551 1680 tuos
3571 1623 3807 1696 justas:

2155 1715 2223 1766 ut
2249 1715 2403 1767 recte
2433 1712 2681 1768 doceant
2707 1715 2765 1768 te
2795 1709 2985 1767 colere
3013 1711 3344 1767 Creatorem
3373 1711 3813 1783 tuum,etjnstc

2077 1845 2126 1912 Β
2149 1801 2420 1872 judicent
2447 1818 2563 1857 non
2595 1801 2964 1857 attendentes
2994 1816 3308 1874 personam
3340 1799 3400 1855 in
3419 1799 3674 1872 judicio.

2227 1915 2255 1942 «
2284 1892 2410 1947 Non
2435 1892 2707 1948 audietur
2754 1891 2910 1948 ultra
2952 1891 3239 1964 iniquitas
3273 1913 3301 1941 »
3331 1891 3454 1948 sive
3504 1897 3812 1964 peccatum

2157 2004 2186 2032 «
2218 1981 2277 2036 in
2307 1984 2464 2037 terra
2493 1985 2614 2050 tua,
2631 2003 2661 2032 »
2695 1981 2804 2038 hoc
2833 1981 3004 2037 estin
3027 1986 3182 2038 terra
3208 1980 3553 2038 Viventium.
3583 2003 3608 2034 ι
3633 1981 3816 2038 Vasti-

2157 2073 2248 2125 tas
2297 2074 2354 2126 et
2400 2069 2692 2140 contritio,
2728 2070 3014 2127 subaudis
3067 2087 3183 2126 non
3233 2071 3344 2127 erit
3371 2093 3402 2121 ‹‹
3433 2069 3493 2126 in
3545 2070 3814 2128 terminis

2157 2158 2298 2227 tuis,
2309 2182 2330 2209 ι
2339 2165 2650 2233 postquam
2665 2161 2970 2217 transieris
2982 2161 3055 2217 ad
3071 2163 3348 2216 aeternam
3365 2160 3814 2230 beatitudinem,

2161 2265 2274 2304 non
2298 2249 2568 2305 audietur
2589 2249 2743 2305 ultra
2762 2249 3046 2322 iniquitas
3075 2248 3195 2305 sive
3231 2252 3540 2322 peccatum
3561 2249 3626 2304 in
3659 2247 3812 2306 terra

2157 2337 2587 2394 viventium.De
2607 2355 2724 2411 qua
2735 2338 2879 2394 dicit
2893 2337 3211 2396 Psalmista
3232 2353 3246 2393 :
3271 2361 3300 2388 ι(
3314 2337 3499 2394 Credo
3510 2337 3712 2395 videre
3724 2339 3819 2396 bo-

2160 2443 2237 2482 na
2267 2425 2502 2481 Domini
2533 2426 2591 2482 in
2623 2431 2780 2484 terra
2805 2427 3128 2483 viventium
3162 2425 3332 2500 (Ρεαι.
3357 2428 3536 2497 xm).
3561 2448 3594 2477 ››
3625 2426 3816 2484 Vasti-

2161 2514 2346 2582 tas,id
2377 2519 2489 2582 est,
2513 2514 2751 2571 afﬂictis
2771 2518 2830 2572 et
2845 2515 3120 2572 contritio
3142 2514 3264 2572 sive
3281 2515 3542 2582 miseria,
3563 2532 3686 2572 non
3711 2515 3819 2572 erit

2159 2603 2220 2658 in
2247 2603 2516 2659 terminis
2541 2603 2681 2673 tuis,
2707 2605 2766 2660 id
2782 2607 2892 2674 est,
2905 2603 2966 2660 in
2981 2608 3140 2661 terra
3153 2604 3475 2660 viventium
3501 2621 3515 2663 :
3537 2605 3683 2678 quia
3702 2621 3820 2662 me-

2161 2709 2295 2748 cum
2313 2691 2585 2766 regnabis
2602 2693 2661 2748 in
2678 2693 3040 2750 beatitudine
3052 2692 3430 2766 sempiterna.
3444 2717 3475 2744 ‹‹
3489 2694 3563 2750 Et
3573 2711 3820 2769 occupa-

2161 2781 2267 2850 bit,
2291 2803 2318 2830 »
2339 2781 2397 2836 id
2428 2786 2537 2850 est,
2561 2785 2736 2856 teget,
2758 2781 2848 2839 vel
2880 2782 3130 2856 replebit
3149 2805 3178 2834 ‹‹
3202 2799 3406 2840 muros
3422 2787 3560 2840 tuos
3593 2783 3760 2842 salus
3786 2805 3818 2834 ιο

2161 2870 2281 2927 sive
2296 2870 2672 2944 salvator,qui
2691 2872 2752 2928 in
2773 2872 3054 2930 Hebraico
3074 2871 3289 2946 legitur
3305 2872 3482 2930 Jesus
3497 2896 3529 2925 «
3541 2877 3602 2930 et
3617 2877 3818 2947 portas

2160 2963 2294 3016 tuas
2324 2959 2603 3016 laudatio.
2639 2983 2668 3010 »
2699 2961 2851 3017 Muri
2895 2960 3188 3030 Ecclesiae,
3221 2963 3410 3018 sancti
3459 2962 3718 3036 apostoli
3761 2967 3820 3020 et

2162 3049 2570 3122 prmdicatores
2599 3054 2775 3124 atque
2803 3050 3090 3119 doctores,
3105 3050 3507 3124 quimuniunt
3526 3067 3663 3108 eam
3693 3053 3819 3109 suis

2163 3138 2398 3210 scriptis
2428 3143 2484 3195 et
2513 3139 2639 3196 suis
2664 3139 2947 3196 doctrinis
2977 3144 3181 3196 contra
3211 3139 3516 3198 haereticos
3545 3145 3609 3198 et
3636 3155 3818 3216 paga-

2163 3233 2352 3294 nos,et
2366 3233 2571 3285 contra
2599 3229 2904 3288 incursum
2934 3230 3291 3287 daemonum.
3308 3230 3426 3304 Ipsi
3449 3235 3595 3288 sunt
3616 3237 3813 3306 portis,

2158 3317 2298 3389 quia
2325 3333 2430 3389 per
2447 3333 2650 3374 eorum
2671 3317 3067 3376 ministerium
3091 3319 3526 3377 introducimur
3539 3319 3604 3377 in
3623 3320 3818 3378 Eccle-

2159 3407 2330 3474 siam,
2357 3409 2415 3463 et
2443 3423 2546 3480 per
2573 3407 2833 3481 corporis
2863 3407 3094 3464 Domini
3130 3409 3568 3482 perceptionem
3605 3410 3681 3468 de
3709 3410 3814 3468 hac

2158 3494 2371 3550 iterum
2402 3495 2834 3552 introducimur
2863 3496 2924 3552 in
2955 3496 3210 3569 patriam
3232 3496 3552 3555 caelestem.

2228 3605 2256 3632 «
2281 3583 2408 3638 Non
2429 3583 2542 3640 erit
2560 3583 2666 3640 tibi
2685 3583 2940 3656 amplius
2961 3583 3048 3640 sol
3071 3585 3144 3641 ad
3166 3583 3489 3642 lucendum
3511 3602 3619 3659 per
3637 3585 3812 3656 diem,

2157 3687 2265 3728 nec
2289 3671 2566 3746 splendor
2584 3673 2736 3730 lunae
2765 3673 3127 3730 illuminabit
3145 3677 3222 3731 te.
3241 3675 3356 3732 Sed
3377 3674 3493 3731 erit
3510 3673 3620 3732 tibi
3632 3675 3818 3732 Domi-

2157 3779 2272 3818 nus
2302 3761 2362 3818 in
2384 3761 2572 3818 lucem
2596 3763 3034 3835 sempiternam,
3050 3767 3108 3820 et
3141 3763 3298 3820 Deus
3321 3767 3462 3820 tuus
3485 3763 3545 3819 in
3568 3763 3812 3838 gloriam

2157 3854 2342 3906 tuam.
2365 3873 2394 3902 »
2425 3851 2556 3907 Hzec
2585 3867 2712 3924 quae
2741 3851 2838 3907 hic
2867 3851 3164 3920 dicuntur,
3181 3851 3255 3908 ad
3289 3851 3445 3908 diem
3459 3853 3678 3925 judicii
3697 3869 3814 3928 per-

2156 3937 2364 3996 tinent.
2399 3938 2715 4013 Postquam
2745 3939 2980 4014 (inquit)
3008 3941 3391 4009 transieris,o
3429 3941 3714 4010 Ecclesia,
3745 3941 3812 3999 ad

2157 4033 2432 4085 aeternam
2465 4029 3046 4099 beatitudinem,non
3077 4028 3305 4086 lucebit
3328 4029 3436 4086 tibi
3471 4031 3559 4088 sol
3593 4032 3707 4089 iste
3733 4029 3813 4086 vi-

2159 4119 2368 4188 sibilis,
2403 4136 2509 4176 nec
2539 4118 2817 4193 splendor
2843 4119 2996 4176 lunae
3027 4118 3394 4178 illuminabit
3429 4125 3490 4179 te
3523 4139 3538 4179 :
3575 4123 3716 4196 quia
3753 4125 3814 4176 tu

2158 4207 2414 4282 fulgebis
2433 4212 2499 4264 ut
2511 4225 2685 4266 verus
2703 4207 2789 4265 sol
2803 4207 3430 4277 Christus,secundum
3445 4209 3601 4266 illud
3620 4227 3680 4266 τι(
3695 4205 3815 4266 Ful-

2051 4317 2058 4323 ·
2158 4298 2380 4372 gebunt
2417 4297 2566 4369 justi
2612 4297 2766 4354 sicut
2801 4297 2888 4354 sol
2941 4297 3003 4354 in
3053 4315 3234 4373 regno
3264 4299 3454 4373 patris
3483 4299 3580 4355 sui
3611 4297 3809 4372 (sm.

2158 4404 2280 4442 xm.
2305 4409 2332 4436 »
2355 4387 2467 4442 Sed
2488 4387 2598 4442 erit
2617 4385 2722 4442 tibi
2741 4387 3030 4443 Dominus
3045 4387 3108 4442 in
3139 4386 3331 4444 lucem
3373 4388 3808 4461 sempiternam,

2159 4474 2217 4530 id
2250 4478 2569 4542 est,sancta
2583 4473 2844 4532 Trinitas
2875 4480 2934 4532 et
2964 4475 3220 4544 indivisa
3233 4476 3435 4534 unitas
3457 4471 3813 4534 illuminabit

2081 4583 2126 4651 Ι)
2159 4568 2234 4633 te,
2267 4569 2325 4620 et
2353 4563 2506 4621 Deus
2538 4567 2678 4619 tuus
2708 4564 2820 4620 erit
2846 4564 2954 4620 tibi
2978 4565 3041 4620 in
3073 4563 3279 4639 gloria.

2228 4676 2256 4702 «
2289 4653 2414 4709 Non
2445 4652 2669 4708 occidet
2697 4651 2853 4708 ultra
2880 4652 2968 4709 sol
2999 4657 3140 4710 tuus
3167 4658 3226 4710 et
3247 4653 3391 4710 luna
3419 4658 3525 4710 tua
3555 4671 3671 4711 non
3701 4652 3808 4709 mi-

2156 4746 2368 4797 nuetur
2389 4741 2558 4814 :quia
2570 4740 2858 4798 Dominus
2877 4741 2986 4798 erit
3004 4741 3064 4797 in
3087 4743 3282 4798 lucem
3305 4744 3806 4815 sempiternam,et

2153 4830 2605 4903 complcbuntur
2625 4830 2750 4887 dies
2766 4829 2963 4886 luctus
2985 4831 3095 4886 tui.
3112 4854 3141 4881 υ
3163 4829 3358 4888 Solem
3381 4831 3478 4887 hic
3495 4829 3803 4905 spirituali-

2153 4924 2242 4974 ter
2271 4919 2554 4975 debemus
2575 4918 2835 4992 accipere
2858 4918 3180 4986 Christum,
3195 4919 3297 4993 qui
3319 4923 3410 4976 est
3437 4921 3528 4977 sol
3540 4918 3799 4992 justitia,

2153 5011 2210 5064 et
2229 5006 2546 5080 perlunam
2559 5006 2984 5074 Ecclesiam,de
2994 5025 3114 5080 qua
3131 5007 3670 5066 diciturinCantico
3681 5021 3800 5064 can-

2149 5095 2434 5152 ticorum:
2459 5119 2486 5147 ‹‹
2512 5095 2762 5152 Pulchra
2793 5100 2860 5152 ut
2890 5095 3053 5166 luna,
3073 5096 3258 5154 electa
3279 5102 3346 5153 ut
3377 5097 3528 5154 sol.»
3555 5093 3798 5154 Ecclesia

2148 5187 2343 5238 autem
2375 5183 2589 5240 idcirco
2611 5183 2764 5240 Iunis
2786 5187 3336 5260 comparatur,quia
3347 5187 3505 5243 sicut
3521 5187 3661 5243 luna
3675 5200 3793 5242 mu-

2145 5276 2376 5327 tuatum
2399 5271 2598 5328 lumen
2620 5290 2655 5328 a
2674 5272 2798 5330 sole
2825 5274 3123 5348 accipit,et
3140 5277 3212 5332 ab
3234 5276 3337 5332 illo
3359 5293 3596 5334 omnem
3613 5275 3791 5350 splen-

2143 5361 2343 5416 dorem
2366 5361 2544 5417 habet
2568 5378 2581 5416 :
2604 5361 2687 5418 ita
2727 5361 2988 5420 Ecclesia
3028 5381 3062 5420 a
3092 5363 3327 5422 Christo
3357 5383 3496 5423 vero
3525 5365 3643 5422 sole
3669 5362 3792 5419 illu-

2143 5447 2514 5505 minaturzet
2542 5450 2830 5523 quidquid
2875 5451 3015 5508 boni
3063 5452 3264 5524 habet,
3303 5455 3377 5511 ab
3407 5454 3510 5510 illo
3541 5443 3785 5527 percipit.

2141 5535 2390 5608 Ideoque
2403 5536 2544 5592 dicit
2562 5537 2946 5596 lunatuanon
2963 5540 3437 5616 minuetur,quia
3452 5543 3512 5599 in
3535 5535 3782 5616 presenti

2138 5623 2348 5681 saeculo
2377 5624 2691 5700 aliquando
2722 5626 3018 5686 minuitur
3047 5629 3332 5704 Ecclesia,
3366 5631 3677 5708 aliquando
3699 5641 3784 5684 au-
