4046 6188
373 317 528 381 1043

738 313 1138 378 HAYMONIS
1181 279 1723 378 HALBEllSTA'l‘.
1769 313 2018 376 EPISC.
2063 312 2234 374 OPP.
2284 313 2483 375 PARS
2526 313 2578 374 Ι.
2623 344 2701 356 -
2743 308 3158 373 COMMENT.
3203 308 3401 371 BIBL.

3613 309 3775 371 1044

443 471 471 499 ‹‹
505 446 578 503 Ut
604 445 978 516 praedicarem
1008 463 1230 504 annum
1276 447 1621 520 placabilem
1653 446 1921 514 Domino,
1956 449 2014 502 et
2038 445 2096 512 Α
2124 443 2302 501 fortes
2321 445 2392 500 ad
2414 444 2710 517 justitiam
2745 441 3094 510 faciendam,
3117 444 3176 498 et
3195 441 3564 497 vocabuntur
3592 442 3770 498 etiam

371 537 524 592 diem
573 532 816 592 ultionis
863 537 979 593 Deo
1040 541 1285 592 nostro:
1324 541 1389 590 ut
1432 536 1765 592 consolarer
1810 553 2014 590 omnes

369 623 659 696 lugentes,
690 629 749 680 et
796 641 1070 698 ponerem
1127 625 1466 698 lugentibus
1511 626 1670 692 Sion,
1713 629 1771 680 et
1814 625 2014 680 darem

370 713 458 770 eis
487 729 761 769 coronam
797 733 900 786 pro
930 714 1143 770 cinere.
1177 715 1380 770 Oleum
1438 715 1636 787 gaudii
1687 731 1790 786 pro
1829 713 2014 778 luctu,

375 801 619 877 pallium
650 802 844 860 laudis
873 820 978 875 pro
1009 803 1218 876 spiritu
1250 803 1532 860 maeroris.
1574 826 1600 852 ››
1632 805 1864 858 Annum
1895 799 2014 873 pla-

375 891 623 949 cabilem
649 891 894 948 Domino
916 892 1246 965 specialiter
1265 893 1548 948 debemus
1579 891 1838 964 accipere
1870 895 2015 946 tem-

377 1000 489 1056 pus
518 980 950 1054 praadicationis
979 981 1218 1050 Christi,
1261 983 1415 1054 quod
1452 979 1732 1053 placabile
1765 980 1876 1034 fuit
1907 983 2017 1033 Deo

377 1069 554 1140 Patri,
615 1069 754 1143 quia
809 1070 1030 1126 multos
1085 1070 1348 1126 salvavit.
1399 1069 1760 1126 Generaliter
1821 1071 2018 1122 autem

377 1177 552 1218 omne
580 1164 818 1233 tempus
848 1177 882 1216 a
919 1159 1152 1215 Domini
1207 1159 1506 1215 nativitate
1545 1175 1733 1230 usque
1761 1159 1833 1212 ad
1863 1157 2019 1212 diem

367 1249 600 1322 judicii,
633 1249 790 1322 quod
847 1247 1121 1305 similiter
1175 1252 1476 1319 acceptum
1533 1252 1625 1302 est
1672 1247 1788 1302 Deo
1818 1245 2018 1301 Patri:

376 1337 517 1407 quia
545 1335 862 1393 multitudo
895 1335 1156 1392 fidelium
1186 1336 1596 1408 praedicatione
1624 1334 2020 1408 apostolorum

376 1442 697 1498 eorumque
712 1424 1052 1498 sequacium
1075 1423 1298 1481 salvata
1317 1428 1407 1480 est
1427 1442 1530 1498 per
1549 1425 1811 1490 ﬁdem,et
1829 1423 2022 1479 salva-

379 1517 558 1573 bitur.
581 1515 663 1572 De
685 1531 800 1587 quo
820 1517 1082 1586 tempore
1101 1512 1243 1569 dicit
1260 1513 1574 1586 Apostolus
1600 1530 1613 1568 :
1649 1535 1676 1562 ι(
1702 1513 1846 1568 Ecce
1867 1527 2024 1566 nunc

376 1609 613 1678 tempus
643 1601 1017 1676 acceptabile,
1042 1617 1173 1658 ecce
1203 1603 1329 1658 dies
1357 1602 1568 1658 salutis
1598 1603 1673 1670 (Il
1703 1601 1824 1658 Cor.
1855 1599 1956 1672 γι).
1994 1621 2022 1648 ››

377 1694 448 1756 Et
475 1711 592 1750 non
635 1692 827 1750 solum
882 1691 1217 1765 praadicavit
1260 1707 1482 1746 annum
1530 1690 1876 1763 placabilem
1907 1689 2023 1744 Do-

378 1783 539 1841 mino
597 1781 754 1838 Patri
812 1798 882 1838 ex
936 1780 1030 1837 his
1087 1781 1186 1854 qui
1242 1780 1638 1848 crediderunt,
1685 1779 1787 1834 sed
1845 1777 2023 1834 etiam

378 1873 537 1930 diem
591 1869 835 1927 ultionis
884 1870 1004 1926 sive
1047 1868 1446 1926 damnationis
1502 1869 1861 1933 Judzeorum,
1894 1885 2023 1940 quae

375 1960 536 2018 venit
559 1977 664 2032 per
693 1960 987 2016 Romanos
1022 1963 1154 2031 post
1183 1958 1584 2014 ascensionem
1633 1957 1782 2028 ejus,
1816 1957 2022 2028 praedi-

378 2049 531 2107 cavit
549 2047 778 2105 dicens:
821 2047 1117 2104 «Venient
1151 2046 1275 2103 dies
1297 2047 1355 2102 in
1376 2050 1454 2112 te,
1488 2051 1546 2102 et
1571 2045 2025 2102 circumdabunt

379 2143 437 2196 te
466 2135 689 2193 inimici
720 2135 806 2192 tui
843 2135 1012 2192 vallo.
1040 2158 1068 2186 ››
1097 2137 1168 2191 Et
1213 2153 1348 2191 cum
1379 2133 1641 2192 videritis
1670 2135 1742 2189 ab
1768 2133 2023 2189 exercitu

379 2225 732 2284 circumdari
756 2224 1174 2292 Hierusalem,«
1190 2225 1395 2281 scitote
1415 2223 1556 2296 quia
1576 2241 1753 2296 prope
1766 2227 1855 2279 est
1865 2223 2028 2278 deso-

377 2315 518 2374 latio
548 2316 678 2386 ejus
707 2314 858 2388 (Luc.
889 2331 1006 2380 xxx,
1037 2314 1174 2385 xxx).
1210 2336 1239 2364 »
1271 2314 1341 2369 Et
1367 2313 1478 2368 hoc
1528 2312 1853 2379 sciendum,
1887 2310 2027 2383 quia

379 2403 843 2478 superius,sicut
871 2419 940 2458 ex
973 2419 1222 2474 persona
1252 2400 1638 2457 humanitatis
1664 2400 1895 2456 locutus
1915 2404 2026 2466 est,

383 2493 652 2550 dicenszc
669 2491 922 2564 Spiritus
943 2491 1175 2547 Domini
1197 2507 1374 2562 super
1395 2507 1516 2556 me;
1535 2511 1562 2538 ››
1585 2488 1667 2544 ita
1687 2495 1744 2543 et
1764 2489 1858 2544 hic
1890 2506 2023 2544 cum

383 2581 544 2649 dicit,
565 2585 632 2637 ut
659 2580 1036 2654 praedicarem
1069 2578 1225 2634 diem
1257 2577 1500 2634 ultionis
1529 2578 1646 2633 Deo
1675 2582 1872 2633 nostro
1904 2577 2025 2650 pla-

381 2668 630 2726 cabilem
661 2685 675 2724 :
709 2668 849 2741 quia
877 2667 1163 2724 Dominus
1213 2667 1368 2722 Deus
1398 2665 1557 2722 illius
1583 2671 1673 2722 est
1701 2667 2025 2722 secundum

381 2755 834 2813 humanitatem.
868 2753 1177 2810 Placabilis
1207 2757 1403 2810 autem
1433 2753 1545 2809 fuit
1574 2753 1689 2808 Deo
1721 2753 1872 2808 Patri
1904 2753 2028 2809 dies

379 2843 1112 2914 ultionisJudaaorummon
1127 2843 1281 2914 quod
1299 2841 1813 2914 gauderetmalitia
1823 2859 2025 2898 eorum

381 2933 502 2990 sive
549 2931 911 2988 desolatione
941 2947 956 2986 :
990 2931 1091 2987 sed
1140 2948 1302 2986 more
1359 2935 1556 2986 nostro
1613 2929 1892 3002 loquitur,
1925 2930 2024 3001 qui

379 3021 710 3095 gaudemus
767 3021 1002 3092 quando
1031 3036 1138 3076 nos
1169 3019 1511 3075 ulciscimur
1537 3020 1608 3074 de
1635 3018 1894 3074 inimicis
1923 3035 2025 3074 no-

383 3109 542 3168 stris.
573 3109 660 3165 Ad
690 3109 802 3165 hoc
837 3108 1014 3164 etiam
1069 3107 1232 3163 misit
1287 3125 1381 3164 me
1410 3112 1476 3162 ut
1504 3107 1852 3172 consolarer,
1885 3107 2024 3163 sub-

2125 533 2402 604 plantatio
2424 533 2652 588 Domini
2679 549 2692 586 :
2721 531 2820 603 qui
2853 531 2925 586 ab
2953 530 3082 602 ipso
3113 533 3253 586 sunt
3281 529 3510 586 fundati
3541 531 3602 586 in
3636 532 3772 599 fide,

2123 622 2183 676 in
2219 622 2490 688 Ecclesia,
2523 621 2595 677 ad
2626 619 3074 693 gloriﬁcandum
3107 620 3434 675 Creatorem
3461 637 3664 676 suum.

2202 735 2222 761 α
2251 713 2320 766 Et
2340 711 2711 766 {edificabunt
2730 711 2962 766 deserta
2982 727 3016 764 a
3035 707 3268 776 saeculo,
3301 713 3360 763 et
3390 709 3594 765 ruinas
3625 711 3777 765 anti-

2127 818 2275 872 quas
2319 799 2561 871 erigent,
2595 805 2653 855 et
2700 798 3118 854 instaurabunt
3169 797 3432 854 civitates
3488 799 3775 864 desertas,

2127 889 2466 962 dissipatas,
2499 888 2560 943 in
2591 888 2964 961 generatione
3023 891 3082 942 et
3139 887 3600 960 generationem.
3636 911 3666 936 »
3698 888 3780 945 De

2129 978 2408 1051 apostolis
2439 995 2595 1032 nunc
2625 994 2817 1032 sermo
2849 975 3386 1048 agitur.Postquam
3419 975 3604 1049 igitur
3621 977 3780 1049 plan-

2127 1068 2230 1122 tati
2281 1066 2498 1121 fuerint
2527 1065 2773 1137 apostoli
2807 1083 2841 1120 a
2871 1064 3136 1132 Domino,
3166 1063 3226 1120 in
3258 1065 3373 1120 fide
3403 1065 3462 1120 in
3495 1064 3774 1132 Ecclesia,

2129 1161 2187 1212 et
2214 1155 2666 1229 gloriﬁcaverint
2693 1171 2829 1210 eum
2859 1153 2919 1209 in
2963 1153 3088 1210 suis
3136 1154 3369 1226 opibus,
3403 1154 3781 1212 mdilicabunt

2131 1263 2238 1300 sua
2270 1245 2677 1316 praedicatione
2707 1248 2766 1299 et
2795 1241 3086 1316 baptismo
3135 1243 3366 1298 deserta
3393 1260 3428 1299 a
3455 1242 3576 1300 Deo
3605 1246 3780 1301 corda

2129 1334 2394 1406 gentium
2417 1351 2450 1388 a
2466 1322 2696 1400 eaaculo,
2722 1331 2780 1386 id
2803 1331 3171 1387 estabinitio.
3197 1331 3478 1388 Etruinas
3502 1332 3781 1406 antiquas

2130 1423 2374 1495 erigent,
2399 1423 2508 1478 hoc
2537 1426 2627 1477 est
2655 1422 2811 1494 quod
2841 1420 3052 1476 cecidit
3079 1419 3138 1474 in
3170 1421 3484 1494 synagogis
3513 1438 3620 1494 per
3647 1421 3778 1478 inli-

2132 1511 2449 1577 delitatem,
2479 1511 2896 1568 restaurabunt
2923 1509 2984 1565 in
3013 1508 3130 1565 illis
3160 1508 3260 1582 qui
3309 1510 3688 1567 crediderunt
3713 1529 3780 1568 ex

2131 1601 2370 1658 Judaeis.
2389 1602 2460 1656 Et
2487 1600 2643 1672 quod
2676 1598 2886 1656 cecidit
2905 1599 2978 1655 ab
2999 1597 3234 1654 exordio
3265 1598 3474 1654 mundi
3501 1599 3563 1654 in
3593 1601 3777 1674 genti-

2133 1691 2246 1746 bus
2284 1707 2388 1762 per
2435 1688 2849 1752 idololatriam,
2881 1687 3300 1744 restaurabunt
3325 1691 3385 1744 et
3409 1689 3643 1762 erigent
3671 1690 3778 1763 ipsi

2053 1811 2101 1876 B
2134 1794 2237 1850 per
2291 1777 2586 1834 culturam
2645 1776 3064 1849 omnipotentis
3108 1775 3231 1876 Dei:
3263 1775 3334 1876 Et
3361 1777 3780 1835 instaurabant

2131 1867 2394 1922 civitates
2427 1867 2684 1922 desertas
2700 1867 2882 1933 aDeo,
2902 1866 2959 1920 id
2990 1869 3080 1920 est
3107 1865 3385 1922 ecclesias
3415 1866 3778 1924 diversarum

2132 1956 2416 2030 gentium,
2447 1955 2539 2011 vel
2571 1955 2828 2028 quinque
2878 1954 3140 2028 corporis
3189 1971 3398 2012 sensus
3429 1957 3531 2028 qui
3561 1956 3777 2012 intelli-

2131 2050 2354 2118 guntur
2384 2062 2485 2116 per
2514 2044 2776 2101 civitates
2823 2061 2951 2116 qua:
2981 2043 3276 2116 dissipatae
3307 2045 3561 2108 fuerant.
3591 2045 3652 2100 in
3685 2063 3780 2119 ge-

2133 2132 2431 2190 neratione
2459 2133 2819 2200 Judzeorum,
2851 2138 2910 2189 et
2938 2133 3373 2206 generationem
3404 2134 3781 2207 gentium,in-

2133 2221 2413 2278 ﬁdelitate
2441 2227 2498 2278 et
2529 2221 2876 2278 idololatria.

2207 2333 2235 2360 «
2268 2312 2336 2366 Et
2365 2311 2608 2366 stabunt
2647 2309 2844 2378 alieni,
2873 2315 2933 2366 et
2960 2315 3203 2384 pascant
3231 2327 3439 2384 pecora
3467 2316 3686 2370 vestra.
3717 2313 3782 2368 Et

2135 2397 2238 2453 filii
2257 2399 2692 2471 peregrinorum
2717 2398 2982 2472 agricola:
2994 2399 3333 2456 etvinitores
3343 2399 3520 2456 vestri
3531 2406 3730 2457 erunt.
3751 2423 3778 2453 ››

2131 2487 2318 2543 Alieni
2350 2488 2720 2560 appellantur
2747 2487 2994 2562 gentiles
3023 2491 3080 2544 et
3107 2488 3568 2562 peregrini,quia
3592 2491 3784 2562 cogni-

2135 2575 2293 2633 tione
2322 2577 2421 2632 Dei
2453 2575 2625 2632 alieni
2655 2580 2843 2642 erant,
2873 2577 3044 2648 longe
3074 2577 3411 2633 recedentes
3440 2579 3514 2634 ab
3548 2578 3651 2634 illo
3683 2595 3783 2650 per

2133 2665 2660 2721 idololatriam.Sed
2679 2669 2990 2737 postquam
3009 2665 3706 2732 crediderunt,steterunt
3725 2668 3779 2722 in

2134 2754 2248 2809 fide
2278 2758 2334 2808 et
2360 2753 2526 2809 bonis
2557 2753 2834 2826 operibus
2865 2752 3025 2808 recti.
3054 2753 3230 2808 Juxta
3269 2755 3422 2826 quod
3467 2756 3781 2827 Apostolus

2134 2841 2437 2914 praecipit:
2472 2866 2500 2892 «
2535 2843 2692 2898 State
2743 2842 2801 2897 in
2857 2843 2971 2897 fide
3000 2842 3048 2911 (Ι
3073 2841 3194 2898 Cor.
3227 2845 3361 2910 xvr).
3396 2864 3424 2893 »
3458 2843 3532 2899 Et
3565 2860 3580 2900 :
3611 2868 3642 2892 u
3676 2844 3780 2910 Qui

2135 2936 2252 2987 stat
2307 2931 2498 2986 videat
2544 2948 2616 2986 ne
2666 2932 2838 2986 cadat
2884 2931 2932 3000 (1
2957 2929 3078 2986 Cor.
3107 2929 3186 3002 χ).
3221 2952 3250 2981 η
3300 2930 3514 2986 Pecora
3545 2949 3778 3006 quoque

2134 3019 2530 3090 apostolorum
2563 3023 2704 3076 sunt
2731 3019 3028 3092 simplices
3053 3023 3112 3073 et
3139 3020 3533 3088 mansueti,de
3564 3023 3780 3094 quibus

2135 3107 2420 3163 Dominus
2449 3108 2592 3164 dicit
2623 3109 2790 3164 Petro
2818 3113 2876 3170 et
2904 3108 2964 3163 in
2998 3107 3096 3164 illo
3127 3107 3402 3164 omnibus
3445 3111 3732 3182 apostolis
3761 3127 3776 3166 :

380 3198 552 3254 audis
581 3197 642 3251 in
667 3197 938 3268 praesenti
995 3195 1084 3251 vel
1141 3196 1318 3252 etiam
1357 3195 1416 3250 in
1449 3196 1668 3267 futuro,
1701 3213 1904 3252 omnes
1934 3194 2022 3249 lu-
2055 3177 2098 3244 C
2135 3218 2164 3246 «
2202 3195 2377 3252 Pasce
2405 3211 2540 3250 oves
2573 3212 2734 3250 meas
2763 3196 2942 3266 (Joan.
2975 3195 3115 3268 χχι),
3146 3213 3175 3247 ›ι
3207 3195 3326 3252 sive
3357 3177 3544 3269 agnos
3592 3215 3775 3254 meos.

379 3287 582 3355 gentes
605 3287 792 3338 suaet
809 3282 1059 3338 aliorum
1098 3287 1354 3355 peccata.
1388 3283 1468 3339 De
1501 3285 1717 3355 quibus
1749 3284 1805 3339 in
1839 3284 2021 3338 Evan-

380 3369 532 3442 gelio
553 3367 799 3423 dicitur:
824 3368 1027 3424 «Beati
1057 3369 1158 3440 qui
1185 3368 1406 3441 lugent,
1430 3370 1708 3441 quoniam
1740 3371 1852 3442 ipsi
1885 3389 2020 3428 con-

376 3455 728 3514 solabuntur
753 3456 978 3523 (Matth.
1001 3459 1080 3524 v).
1104 3477 1131 3505 »
1154 3457 1223 3512 Et
1250 3473 1548 3527 ponerem,
1581 3458 1790 3528 inquit,
1827 3458 2022 3529 lugen-

373 3545 534 3603 tibus
556 3544 1008 3612 Sion,subaudis
1035 3561 1310 3600 coronam
1333 3544 1391 3600 in
1417 3544 1719 3617 capite,vel
1735 3546 2018 3620 gaudium

372 3639 600 3693 aeternae
630 3632 928 3690 felicitatis
975 3633 1342 3690 infunderem
1391 3633 1449 3688 in
1480 3651 1681 3690 eorum
1720 3635 2016 3691 cordibus.

373 3725 665 3797 Lugentes
697 3723 836 3780 Sion
867 3721 1122 3794 appellat
1149 3721 1462 3794 apostolos,
1483 3723 1581 3795 qui
1607 3723 1885 3795 lugebant
1913 3741 2015 3796 pro

371 3812 560 3870 salute
591 3811 730 3868 Sion
781 3810 900 3868 sive
945 3810 1306 3876 Judaeorum,
1342 3815 1407 3866 ut
1432 3811 1636 3866 beatus
1668 3811 1882 3868 Paulus
1913 3812 2013 3884 qui

369 3899 600 3957 dicebat
629 3917 644 3956 :
676 3923 703 3951 «
739 3899 1006 3956 Tristitia
1051 3897 1196 3953 mihi
1244 3902 1333 3954 est
1375 3899 1583 3971 ingens
1611 3904 1669 3954 et
1695 3900 2014 3958 continuus

367 3987 534 4044 dolor
579 4005 682 4060 pro
731 3987 1012 4044 fratribus
1043 3986 1190 4042 meis
1220 3987 1392 4054 (Rom.
1425 3991 1522 4055 1x).
1563 4009 1590 4036 υ
1623 3988 1692 4042 Et
1724 4005 1736 4043 :
1771 4011 1798 4038 «
1830 3989 2009 4060 Opta-

366 4076 503 4132 bam
524 4092 630 4148 ego
653 4076 969 4132 anathema
988 4091 1116 4130 esse
1137 4091 1242 4146 pro
1264 4075 1544 4130 fratribus
1575 4075 1742 4132 meis.
1766 4099 1793 4125 ››
1826 4077 2009 4147 (Ibat)

365 4163 436 4218 Et
465 4164 538 4218 ad
569 4163 679 4218 hoc
709 4162 885 4218 etiam
919 4162 1081 4218 misit
1112 4179 1224 4229 me,
1261 4167 1324 4218 ut
1352 4163 1552 4218 darem
1583 4163 1688 4231 eis,
1722 4165 2008 4222 subaudis

367 4249 469 4320 qui
522 4249 804 4320 lugebant
847 4249 1088 4316 Judaeis,
1123 4267 1397 4306 coronam
1429 4267 1530 4322 pro
1561 4251 1772 4320 cinere,
1808 4254 1865 4309 id
1895 4259 2004 4322 est,

364 4335 894 4394 remunerationem
925 4335 1216 4394 cmlestem
1239 4355 1342 4410 pro
1365 4339 2004 4410 poenitentiaetlabore,

363 4443 539 4499 quem
571 4430 1022 4498 assumpserunt
1067 4444 1172 4500 pro
1219 4427 1498 4484 fratribus
1526 4429 1672 4484 suis.
1706 4431 1774 4484 Et
1803 4431 2002 4486 darem

2133 3287 2288 3350 Quos
2344 3282 2752 3356 praedicatores
2807 3283 3072 3356 gentium
3125 3289 3184 3339 et
3230 3289 3518 3357 martyres
3547 3289 3642 3353 (ut
3673 3287 3778 3342 fuit

2132 3372 2465 3445 Gregorius,
2523 3371 2888 3438 Ambrosius,
2941 3371 3213 3439 llilarius,
3244 3373 3642 3445 Augustinus,
3674 3375 3776 3448 Cy-

2131 3461 2393 3534 prianus,
2427 3459 2642 3532 aliique
2701 3459 3146 3532 quamplurimi)
3174 3462 3348 3518 verbo
3407 3461 3670 3535 simplici
3722 3470 3778 3520 et

2130 3549 2396 3604 doctrina
2422 3547 2712 3620 spirituali
2745 3553 3049 3620 paverunt.
3075 3549 3190 3621 Ipsi
3219 3555 3510 3622 martyres
3539 3555 3599 3606 et
3629 3568 3776 3623 pre-

2128 3637 2413 3692 dicatores
2471 3636 2574 3691 lilii
2631 3637 3095 3709 peregrinorum,
3123 3637 3182 3693 id
3214 3643 3304 3694 est
3334 3637 3439 3693 ﬁlii
3483 3639 3772 3711 gentium,

2126 3727 2363 3781 fuerunt
2384 3725 2647 3798 agricola:
2679 3731 2736 3781 et
2765 3725 3018 3782 cultores
3043 3727 3312 3784 Ecclesiae
3332 3730 3390 3783 et
3419 3729 3775 3785 caementarii

2123 3820 2182 3870 et
2209 3813 2483 3869 vinitores
2537 3818 2594 3869 et
2623 3815 2894 3870 custodes
2930 3831 2944 3870 :
2981 3814 3119 3887 quia
3175 3816 3288 3888 ipsi
3339 3816 3777 3872 aadilicaverunt

2123 3901 2464 3972 Ecclesiam,
2497 3909 2553 3958 et
2581 3903 2693 3974 ipsi
2725 3902 3105 3960 excolucrunt
3151 3905 3330 3960 corda
3382 3905 3769 3961 credentium.

2123 3991 2373 4064 lllosque
2391 4007 2538 4062 quos
2559 4007 2940 4061 praecessores
2959 4007 3163 4048 eorum
3185 3991 3435 4064 apostoli
3456 3993 3519 4048 in
3542 3993 3770 4049 vineam

2122 4079 2344 4134 Domini
2359 4079 3527 4152 introduxelant(dequadicitpropheta:
3551 4101 3574 4130 ι
3593 4081 3770 4138 Vinea

2119 4167 2284 4223 Domi
2295 4167 2351 4222 ni
2364 4167 2607 4223 sabaoth
2630 4168 2843 4224 domus
2857 4167 3029 4224 Israel
3044 4173 3134 4224 est
3146 4169 3198 4240 ››)
3212 4169 3324 4242 ipsi
3339 4171 3765 4226 custodierunt.

2119 4256 2367 4311 Econtra
2415 4254 2553 4310 mali
2603 4256 2956 4310 cmmentarii
2987 4261 3045 4312 et
3073 4256 3214 4312 mali
3244 4257 3530 4314 vinitores
3560 4265 3622 4315 et
3647 4259 3764 4315 cul-

2115 4349 2270 4400 tores
2288 4346 2523 4400 l'uerunt
2539 4342 2740 4399 scriba:
2757 4349 2814 4398 et
2831 4345 2996 4400 Phari
3005 4345 3124 4414 seei,
3138 4346 3212 4402 de
3234 4345 3451 4419 quibus
3482 4347 3766 4404 Dominus

2115 4433 2233 4487 illis
2253 4433 2626 4488 audientibus
2647 4432 2706 4486 in
2735 4435 2850 4487 line
2870 4433 3160 4506 parabolae
3184 4434 3389 4490 dicit:«
3406 4435 3598 4492 Malos
3619 4437 3763 4492 male

361 4513 555 4570 oleum
577 4513 776 4604 gaudii
805 4532 910 4588 pro
936 4515 1119 4587 luctu,
1154 4515 1212 4572 id
1248 4519 1354 4584 est,
1389 4534 1492 4589 pro
1515 4517 1755 4574 tristitia
1773 4523 1832 4574 et
1862 4537 2002 4574 mue-
2029 4538 2080 4604 Β
2116 4522 2336 4594 perdet.
2361 4544 2388 4573 ››
2414 4522 2502 4588 Et,
2529 4544 2554 4571 α
2584 4523 2894 4594 Propterea
2931 4522 3230 4578 auferetur
3257 4541 3292 4578 a
3321 4523 3489 4579 vobis
3521 4541 3758 4597 regnum

361 4619 490 4660 rore
507 4602 790 4676 gaudium
813 4608 871 4660 et
889 4604 1250 4660 laetitiam.Et
1270 4609 1335 4660 ut
1363 4606 1563 4661 darem
1595 4606 1839 4678 pallium
1870 4607 2001 4664 lau-

359 4690 452 4747 dis
471 4708 574 4764 pro
596 4691 808 4763 spiritu
834 4693 1120 4760 mazroris,
1142 4691 1200 4748 id
1224 4698 1332 4761 est,
1351 4693 1762 4751 vestimentum
1784 4697 2000 4767 jucun-

357 4777 559 4835 ditatis
587 4795 692 4851 pro
723 4777 956 4850 lugubri
987 4779 1352 4836 vestimento.
1371 4783 1536 4838 Tunc
1567 4784 1814 4856 apostoli
1839 4802 2000 4840 coro-

357 4883 494 4924 nam
525 4871 874 4939 acceperunt
915 4883 1019 4938 pro
1068 4867 1280 4936 cinere,
1314 4872 1372 4924 et
1398 4869 1642 4941 pallium
1674 4871 1866 4928 laudis
1897 4891 2000 4945 pro

353 4954 590 5029 lugubri
621 4954 1231 5027 vestimento,quando
1261 4956 1532 5012 viderunt
1561 4960 1998 5017 multitudinem

351 5043 692 5101 Judaeorum
743 5049 803 5100 et
857 5043 1297 5100 multitudinem
1353 5047 1617 5118 gentium
1675 5049 1869 5106 venire
1925 5051 1998 5106 ad

352 5134 550 5200 fidem,
585 5133 877 5206 praecincti
907 5133 1122 5206 gaudio
1153 5138 1212 5190 et
1241 5133 1648 5190 exsultatione.
1681 5160 1709 5186 ‹‹
1727 5139 1795 5192 Et
1824 5155 1996 5194 voca-

351 5221 648 5279 bunturin
667 5226 723 5278 te
754 5221 932 5278 fortes
955 5221 1221 5293 justitiie,
1248 5245 1276 5272 »
1298 5222 1355 5278 id
1378 5227 1486 5291 est,
1520 5226 1698 5280 fortes
1718 5226 1789 5280 ad
1813 5226 1994 5296 justi-

348 5308 519 5366 tiam:
545 5336 572 5362 ‹‹
590 5310 874 5382 plantatio
894 5311 1126 5367 Domini
1149 5312 1221 5368 ad
1243 5311 1712 5384 glorificandum.
1739 5335 1767 5364 ››
1801 5316 1994 5372 Eccle-

349 5395 496 5451 siam
527 5399 848 5470 alloquitur
878 5417 1069 5456 sermo
1101 5401 1496 5474 propheticus.
1535 5403 1847 5475 Postquam
1879 5407 1992 5474 (in-

348 5483 580 5552 quiens)
603 5487 893 5558 acceperis
914 5489 1197 5560 gaudium
1219 5506 1323 5561 pro
1351 5489 1612 5562 tristitia,
1627 5493 1995 5550 vocabuntur

346 5567 407 5625 in
440 5573 496 5624 te
527 5572 776 5639 apostoli
806 5580 862 5628 et
893 5583 1179 5648 martyres
1227 5577 1443 5649 aliique
1493 5581 1729 5650 perfecti
1765 5581 1821 5636 in
1856 5583 1986 5649 litle,

2113 4609 2234 4678 Dei,
2268 4615 2326 4666 et
2357 4609 2592 4665 dabitur
2620 4610 2779 4684 genti
2811 4609 3043 4667 facienti
3103 4611 3334 4668 fructus
3377 4612 3509 4684 ejus
3559 4613 3755 4681 (lauit.

2111 4699 2248 4772 xxx).
2285 4721 2312 4748 ››

2182 4811 2212 4838 ‹‹
2244 4787 2360 4843 Vos
2391 4792 2585 4844 autem
2621 4789 2953 4844 sacerdotes
2988 4789 3218 4845 Domini
3245 4789 3622 4857 vocabimini,
3652 4787 3754 4844 mi-

2110 4876 2277 4932 nistri
2317 4876 2417 4932 Dei
2445 4876 2631 4933 nostri
2653 4877 2881 4932 dicetur
2908 4876 3093 4934 vobis.
3121 4900 3150 4927 »
3184 4879 3299 4934 lloc
3329 4877 3647 4950 dupliciter
3671 4879 3755 4933 in-

2109 4965 2287 5038 telligi
2305 4970 2590 5037 potest,ut
2613 4966 2818 5022 beatus
2841 4965 3229 5038 Hieronymus
3249 4965 3760 5032 dicit,videlicetut

2107 5051 2180 5106 ad
2217 5051 2626 5123 praedicatores
2644 5069 2713 5108 ex
2732 5053 3012 5125 gentibus
3048 5053 3357 5120 referatur,
3392 5053 3493 5125 qui
3527 5055 3758 5110 fuerunt

2109 5139 2208 5194 lilii
2244 5139 2706 5211 peregrinorum,
2740 5142 2828 5198 vel
2862 5143 2935 5196 ad
2968 5141 3263 5212 apostolos
3311 5143 3384 5198 de
3432 5142 3650 5214 quibus
3677 5143 3755 5197 di-

2105 5227 2275 5296 citur,
2303 5252 2332 5278 «
2362 5228 2621 5300 reliquiae
2661 5229 2832 5285 salvae
2857 5232 2996 5285 ﬁent
3016 5231 3189 5301 (Rom.
3213 5231 3291 5300 1x)
3317 5247 3330 5286 :
3361 5253 3388 5280 ››
3418 5237 3485 5286 ut
3515 5231 3624 5304 ipsi
3655 5248 3749 5302 ap-

2104 5318 2395 5390 pellentur
2421 5318 2752 5373 sacerdotes
2782 5317 3013 5373 Domini
3044 5318 3146 5390 qui
3181 5319 3424 5390 majoris
3454 5319 3750 5393 dignitatis

2102 5407 2448 5472 erant,sicut
2475 5407 2548 5461 de
2581 5405 2716 5460 ﬁliis
2745 5407 2922 5462 David
2957 5407 3192 5474 dicitur,
3218 5409 3376 5479 quod
3407 5432 3436 5457 ‹‹
3467 5413 3633 5464 erant
3659 5424 3747 5462 sa-

2101 5497 2363 5551 cerdotes
2411 5495 2469 5550 in
2521 5495 2694 5550 domo
2754 5495 2984 5551 Domini
3042 5497 3114 5566 (Il
3163 5497 3285 5568 Reg.
3322 5499 3471 5569 vui).
3507 5519 3536 5546 ››
3569 5499 3638 5552 Et
3663 5499 3749 5552 est

2101 5601 2310 5639 sensus
2340 5583 2427 5639 vel
2457 5585 2599 5639 ordo
2637 5601 2646 5638 :
2683 5583 2828 5639 Cum
2886 5584 2990 5640 filii
3050 5585 3495 5658 peregrinorum
3540 5585 3744 5642 fuerint
