4106 6190
287 342 443 407 1045

1374 344 1781 409 COMMENT.
1827 344 1908 409 lN
1948 343 2243 409 ISAIAM.
2274 347 2419 409 LIB.
2466 344 2571 410 ΙΙΙ.

3524 355 3548 418 l
3559 348 3679 421 046

278 477 579 548 vinitores,
625 474 977 535 eamentarii
1025 480 1083 535 et
1130 474 1533 552 agricultores,
1573 478 1926 537 voeabimini
1954 479 2010 547 Α
2036 474 2210 537 modo
2240 483 2609 554 cognoscent.
2643 477 2798 554 quod
2833 497 2867 537 a
2892 475 3139 538 Domino
3171 487 3311 540 sunt
3358 485 3682 545 seminati?

280 585 386 625 vos
415 566 1026 641 apostoli,sacerdotes
1055 570 1113 623 et
1140 566 1405 641 magistri
1436 568 1807 641 eorum,quia
1826 568 1932 624 mi-

284 656 455 713 nistri
484 654 718 712 Domini
747 655 975 712 eritis.«
1000 655 1426 712 Fortitudinem
1457 656 1719 730 gentium
1743 674 1932 715 come-

283 745 455 812 detis,
487 748 545 801 et
590 743 651 800 in
691 743 878 818 gloria
905 760 1106 801 eorum
1161 744 1528 817 superlietis.
1568 768 1596 795 »
1631 746 1928 802 Fortitudo

281 834 547 909 gentium
587 834 827 890 fuerunt
874 838 1184 907 martyres,
1217 834 1335 906 qui-
1368 835 1593 891 fortiter
1638 838 1931 891 tormenta

280 926 724 998 persecutorum
774 940 879 996 pro
930 923 1146 979 Christi
1194 923 1433 979 nomine
1478 924 1926 980 sustinuerunt:

279 1015 353 1070 de
383 1029 633 1087 quorum
662 1012 907 1068 victoria
936 1015 994 1067 et
1022 1012 1322 1085 triumpho
1352 1012 1590 1085 epulati,
1610 1013 1667 1068 id
1700 1016 1790 1069 est
1815 1012 1930 1069 val-

279 1105 352 1159 de
383 1102 559 1158 laetati
590 1104 729 1158 sunt
759 1100 1024 1157 videntes
1054 1117 1154 1157 eos
1202 1100 1453 1156 transire
1495 1102 1567 1157 ad
1619 1118 1788 1157 suam
1837 1120 1928 1158 so-

279 1191 574 1258 cietatem,
606 1193 663 1245 et
694 1190 755 1246 in
784 1205 1039 1261 quorum
1071 1188 1257 1262 gloria
1286 1188 1399 1260 ipsi
1431 1189 1926 1261 superbierunt,id

280 1284 375 1338 est
403 1278 839 1336 exsultaverunt
865 1277 955 1334 vel
985 1275 1218 1349 gloriati
1248 1281 1407 1333 sunt.
1439 1278 1724 1350 Superbia
1752 1277 1931 1350 siqui-

281 1371 417 1426 dem
448 1368 563 1424 isto
593 1367 653 1423 in
678 1365 807 1422 loco
838 1382 944 1438 pro
974 1364 1162 1437 gloria
1190 1365 1446 1437 ponitur,
1481 1366 1634 1422 sicut
1661 1369 1719 1422 et
1756 1366 1928 1439 paulo

279 1455 556 1530 superius
586 1455 686 1511 ubi
716 1455 942 1511 dictum
974 1457 1064 1511 est
1096 1470 1109 1510 :
1146 1454 1365 1510 Ponam
1395 1459 1454 1510 te
1482 1454 1542 1510 in
1587 1456 1926 1528 superbiam

280 1546 405 1603 sive
434 1545 496 1601 in
526 1543 774 1618 gloriam
807 1542 1179 1600 saeculorum.

351 1658 382 1685 ‹‹
414 1634 523 1690 Pro
554 1631 895 1690 confusione
922 1635 1113 1688 vestra
1143 1631 1364 1705 duplici
1395 1636 1453 1688 et
1482 1634 1693 1690 rubore
1723 1633 1926 1689 lauda-

277 1725 429 1781 bunt
456 1725 684 1796 partem
714 1726 944 1777 tuam.»
970 1719 1231 1792 Apostoli
1261 1720 1929 1793 dupliciterverecunda—

277 1814 424 1869 bant
438 1814 496 1869 et
508 1809 952 1875 erubescebant,
975 1810 1046 1865 de
1062 1808 1405 1865 inﬁdelitate
1420 1808 1926 1866 videlicetJudaao-

276 1918 411 1958 rum
428 1897 835 1956 etidololatria
862 1896 1266 1971 gentium.Sed
1283 1898 1438 1953 unde
1454 1897 1551 1953 ille
1567 1900 1929 1955 erubuerunt

275 1994 337 2047 et
364 1987 771 2045 confusionem
801 1986 1232 2053 sustinuerunt,
1251 1986 1406 2041 unde
1436 1986 1535 2042 isti
1567 1991 1626 2043 et
1655 1987 1840 2043 Judaei
1872 1992 1932 2043 et

275 2077 526 2153 gentiles
556 2073 817 2132 conversi
849 2075 921 2130 ad
941 2073 1457 2130 ﬁdemlaudabunt
1471 2079 1695 2147 partem
1713 2093 1780 2131 su
1789 2093 1884 2131 am
1909 2093 1923 2131 :

275 2167 596 2225 Dominum
622 2162 914 2232 videlicet,
937 2162 1198 2219 dicentes
1220 2179 1354 2218 cum
1378 2162 1690 2219 Psalmista
1708 2180 1721 2219 :
1739 2187 1769 2214 «
1789 2165 1928 2222 Pars

274 2273 410 2312 mea
438 2253 723 2310 Dominus
753 2256 870 2308 est:
888 2274 917 2301 »
950 2252 1103 2324 quod
1132 2267 1303 2308 nemo
1331 2251 1616 2308 veraciter
1634 2257 1826 2326 potest
1847 2254 1929 2308 di-

274 2360 429 2410 cere,
461 2341 576 2399 nisi
621 2340 723 2414 qui
772 2340 949 2397 aliam
980 2345 1206 2413 partem
1250 2358 1368 2396 non
1397 2341 1592 2398 habet.
1625 2366 1653 2393 «
1691 2343 1929 2416 Propter

274 2433 409 2499 hoc,
442 2453 471 2483 ››
506 2429 814 2496 subaudis,
842 2429 984 2502 quia
1012 2445 1114 2485 vos
1145 2428 1439 2502 duplicem
1487 2446 1665 2502 super
1694 2448 1792 2487 eos
1822 2432 1925 2488 ha-

2038 570 2100 625 In
2134 570 2418 639 doctrina,
2438 570 2497 625 in
2527 571 2813 638 castitate,
2848 570 2907 625 in
2928 575 3265 645 contemptu
3298 576 3504 631 mundi
3536 580 3595 633 et
3624 566 3685 634 in

2035 658 2249 715 virtute
2281 659 2721 716 miraculorum.

2109 772 2135 798 «
2163 748 2717 823 Gaudensgaudebo
2734 750 2792 805 in
2808 751 3139 819 Domino,et
3160 752 3685 813 exsultabitanima

2037 854 2169 893 mea
2196 837 2254 892 in
2286 838 2401 894 Deo
2434 856 2583 894 meo.
2617 861 2644 889 »
2699 840 2759 895 In
2812 857 3062 912 persona
3107 841 3377 898 Ecclesiae
3424 841 3687 917 loquitur

2038 925 2382 997 prophetam
2405 928 2997 1001 Gaudens,»inquit,«
3017 931 3283 1002 gaudebo
3300 931 3359 987 in
3377 931 3683 1002 Domino,»

2038 1030 2155 1068 non
2185 1016 2246 1068 in
2278 1013 2494 1071 divitiis
2525 1019 2583 1070 et
2610 1016 2791 1071 lucris
2820 1018 3282 1091 terrenis,neque
3303 1021 3362 1075 in
3380 1021 3685 1079 nobilitate

2037 1100 2268 1173 generis
2298 1105 2364 1156 ut
2392 1102 2603 1170 Judaei,
2634 1105 2731 1175 qui
2766 1104 3171 1176 gloriabantur
3200 1110 3354 1181 quod
3386 1114 3582 1166 essent
3612 1112 3683 1168 de

2037 1205 2247 1261 genere
2278 1189 2764 1262 patriarcharum,
2800 1210 2986 1264 neque
3024 1195 3083 1248 in
3133 1196 3455 1254 honoribus
3501 1198 3683 1271 hujus

2038 1277 2235 1334 saeculi
2268 1278 2664 1350 gaudebo,sed
2697 1281 2757 1334 in
2792 1281 3227 1353 Domino,juxta
3255 1287 3411 1356 quod
3440 1288 3683 1359 Apostoé

2039 1366 2131 1422 lus
2164 1367 2443 1440 praecipit,
2461 1367 2689 1423 dicens:
2712 1371 3013 1426 «Gaudete
3044 1372 3103 1425 in
3126 1372 3370 1428 Domino
3388 1364 3683 1447 semper.»

2036 1456 2107 1510 Et
2136 1473 2252 1510 non
2284 1455 2477 1510 solum
2507 1457 2794 1528 gaudebo,
2829 1459 2932 1514 sed
2964 1460 3278 1517 exsultabit
3306 1462 3505 1518 anima
3534 1481 3683 1533 mea,

2038 1560 2153 1598 non
2185 1543 2243 1597 in
2277 1548 2585 1599 resonante
2617 1544 3039 1613 cachinno,sed
3072 1549 3131 1603 in
3164 1550 3280 1606 Deo
3314 1567 3508 1608 meo.«
3543 1554 3690 1620 Quia

2036 1632 2229 1687 induit
2258 1649 2350 1688 me
2378 1631 2743 1688 vestimentis
2765 1633 3056 1705 salutis,et
3077 1636 3685 1710 indumentojustitiae

2035 1720 2421 1776 circumdedit
2451 1737 2562 1775 me.
2593 1742 2621 1769 »
2657 1720 2866 1777 Reddit
2894 1739 3102 1779 causas
3133 1741 3313 1796 quare
3342 1727 3596 1798 gaudere
3625 1733 3685 1785 et

2034 1808 2327 1864 exsultare
2348 1809 2623 1864 debeatin
2639 1810 3283 1885 Domino.ldeo,inquit,
3299 1836 3327 1863 ‹‹
3342 1814 3608 1886 gaudebo
3620 1816 3678 1872 in

2036 1896 2341 1964 Domino,»
2374 1896 2514 1968 quia
2542 1897 2732 1952 induit
2762 1915 2855 1953 me
2882 1900 3248 1957 vestimentis
3277 1901 3569 1972 salutis,id
3592 1908 3683 1961 est

2033 1986 2351 2042 virtutibus
2382 1984 2469 2039 vel
2503 1984 2630 2057 ipso
2658 1986 2909 2053 Christo,
2943 1987 3095 2043 sicut
3136 1990 3450 2061 Apostolus
3487 1992 3630 2049 dicit
3662 2011 3675 2051 :

2037 2098 2066 2125 ‹‹
2100 2078 2395 2146 Quotquot
2447 2074 2503 2128 in
2554 2074 2783 2130 Christo
2833 2076 3112 2148 baptizati
3163 2078 3327 2148 estis,
3378 2080 3678 2139 Christum

2035 2163 2313 2218 induistis
2340 2163 2535 2235 (Calai.
2570 2163 2674 2234 In).
2708 2178 2736 2213 δ)
2771 2164 2861 2228 Et,
2895 2187 2923 2214 «
2958 2164 3187 2222 lnduite
3226 2184 3440 2224 novum
3488 2170 3678 2227 homi-

2036 2269 2168 2307 nem
2200 2252 2416 2324 (Ephes.
2450 2254 2549 2320 ιν).
2587 2274 2614 2301 ››
2645 2252 2726 2307 De
2756 2252 2865 2308 hoc
2895 2257 3088 2309 autem
3122 2257 3278 2325 quod
3310 2256 3471 2324 dicit,
3504 2262 3562 2314 et
3590 2259 3681 2314 in-

2035 2340 2315 2395 dumento
2336 2338 2579 2411 justitiaa
2611 2340 3000 2396 circumdedit
3022 2342 3457 2408 me,Psalmista
3476 2345 3682 2402 decan-

2035 2432 2144 2493 tat,
2176 2427 2377 2483 dicens
2409 2443 2422 2481 :
2465 2450 2495 2477 «
2528 2428 2869 2483 Sacerdotes
2916 2428 3024 2494 tui,
3061 2428 3326 2501 Domine,
3361 2430 3686 2490 induantur

275 2518 491 2578 buistis
521 2516 925 2575 confusionem
956 2520 1014 2573 et
1043 2517 1338 2584 ruborem,
1362 2522 1419 2573 et
1444 2517 1529 2572 illi
1558 2520 1819 2575 conversi
1852 2522 1924 2575 ad
2026 2516 2321 2588 justitiam
2374 2516 2544 2587 (Psal.
2576 2519 2786 2581 cxxxr).
2823 2538 2849 2564 ››
2899 2516 3326 2574 Vcstimentum
3358 2520 3515 2577 enim
3566 2522 3685 2580 sive

275 2607 595 2665 Dominum
628 2604 728 2680 qui
758 2609 848 2662 est
877 2622 1013 2679 pars
1043 2605 1843 2663 electorum.«Laudaverunt
1863 2608 1923 2663 in

274 2700 436 2753 terra
462 2713 635 2762 sua,»
667 2695 779 2751 hoc
810 2699 918 2761 est,
941 2694 1001 2749 in
1030 2698 1186 2749 terra
1211 2692 1528 2749 viventium
1562 2699 1620 2750 et
1644 2712 1922 2753 mansue-

271 2788 470 2842 torum
501 2806 531 2834 «
564 2782 824 2857 duplicia
855 2804 883 2833 »
913 2781 1154 2855 praemia
1182 2804 1210 2832 «
1240 2780 1645 2854 possidebunt,
1663 2805 1691 2832 »
1720 2784 1780 2839 id
1810 2789 1919 2854 est,

272 2874 333 2929 in
367 2888 609 2945 corpore
636 2876 695 2928 et
721 2871 783 2927 in
814 2871 1032 2939 anima,
1048 2887 1184 2927 cum
1216 2870 1541 2943 receperint
1570 2871 1921 2929 immortali-

271 2965 459 3019 tatem
490 2965 549 3016 et
577 2960 1071 3032 incorruptionem
1100 2959 1160 3014 1n
1191 2964 1513 3032 eorpore,et
1540 2960 1924 3017 incommuta-

273 3050 565 3108 bilitatem
594 3048 655 3104 in
686 3048 904 3117 anima,
920 3071 949 3099 «
971 3052 1029 3104 et
1056 3047 1256 3104 laetitia
1276 3048 1632 3121 sempiterna
1642 3049 1865 3106 eriteis.
1889 3071 1918 3101 »

344 3161 375 3189 ‹‹
406 3138 558 3205 Quia
583 3153 690 3211 ego
720 3136 1005 3193 Dominus
1021 3135 1923 3209 diligensjudieium,iwsubaudis

2033 2606 2443 2660 indumentum
2477 2603 2793 2658 electorum
2820 2608 2959 2687 sunt
2986 2606 3347 2674 virtutes,vel
3372 2609 3497 2680 ipse
3516 2610 3680 2665 Chri-

2031 2698 2207 2750 stus:
2260 2692 2414 2748 sicut
2460 2696 2518 2747 et
2564 2691 2978 2747 indumentum
3026 2694 3241 2750 Christi
3293 2700 3433 2751 sunt
3474 2714 3680 2755 omnes

2031 2780 2218 2838 electi.
2248 2778 2473 2846 «Quasi
2504 2796 2784 2851 sponsum
2816 2780 3151 2837 decoratum
3180 2800 3449 2855 corona,»
3467 2787 3682 2842 suban-

2032 2870 2144 2937 dis,
2200 2868 2491 2924 decoravit
2539 2885 2651 2936 me,
2707 2890 2735 2918 ‹‹
2767 2873 2823 2924 et
2868 2870 3039 2941 quasi
3076 2874 3364 2943 sponsam
3409 2878 3675 2932 ornatam

2031 2957 2350 3015 monilibus
2380 2956 2524 3013 suis.
2560 2979 2587 3005 »
2625 2959 2743 3012 Duo
2774 2958 3011 3029 agmina
3060 2960 3419 3017 credentium
3461 2967 3675 3020 sanctis

2029 3046 2296 3102 Ecclesia:
2324 3046 2420 3101 hic
2450 3047 2863 3102 ostenduntur.
2895 3047 3286 3105 Perfectorum
3325 3040 3548 3107 Scilicet
3575 3068 3677 3125 ag-

2030 3152 2164 3192 men
2195 3135 2527 3191 ostenditur
2557 3151 2659 3206 per
2687 3152 2991 3207 sponsum,
3023 3137 3094 3192 de
3125 3137 3340 3209 quibus
3369 3138 3510 3195 dicit
3532 3131 3681 3213 ApoQ

269 3226 606 3294 veritatis,«
637 3230 696 3281 et
721 3224 853 3282 odio
883 3225 1106 3281 habens
1136 3224 1403 3297 rapinam
1420 3225 1481 3280 in
1506 3225 1865 3282 holocausto.
1894 3250 1921 3276 ››
1954 3216 1996 3283 C
2033 3224 2220 3280 stolus
2251 3240 2264 3278 ε
2301 3247 2328 3273 ‹‹
2363 3223 2725 3296 Sapientiam
2755 3223 3052 3296 loquimur
3092 3225 3248 3283 inter
3292 3230 3599 3300 perfectos.
3633 3230 3683 3304 (Ι

274 3315 497 3372 Divites
528 3314 718 3371 solent
746 3314 952 3370 offerre
982 3314 1099 3369 Deo
1130 3329 1349 3369 munus
1378 3314 1450 3369 de
1479 3313 1684 3386 rapina
1714 3332 1926 3387 paupe-

275 3421 433 3472 rum,
463 3404 564 3460 sed
596 3401 679 3460 sic
706 3401 896 3474 placet
943 3402 995 3457 ei
1044 3417 1246 3457 eorum
1293 3400 1511 3457 oblatio
1558 3405 1624 3457 ut
1670 3404 1924 3474 pretium

278 3491 479 3552 scorti.
511 3495 571 3547 et
599 3490 953 3547 sacrificium
987 3489 1169 3557 canis,
1200 3489 1288 3545 vel
1340 3489 1495 3544 sicut
1539 3490 1728 3562 placet
1774 3490 1925 3563 patri

278 3582 376 3655 qui
409 3579 682 3635 immolat
700 3578 887 3634 tilium
916 3578 977 3633 in
1000 3582 1315 3650 conspectu
1338 3578 1564 3649 ejus.Et
1578 3583 1668 3635 est
1683 3596 1922 3636 sensus:

277 3670 417 3741 Hoc,
450 3667 664 3739 inquit,
694 3667 996 3740 praestabit
1023 3665 1309 3722 Dominus
1347 3666 1449 3737 qui
1498 3668 1688 3739 magis
1736 3667 1928 3740 diligit

268 3759 571 3830 justorum
622 3756 962 3828 pauperiem
1011 3758 1068 3810 et
1107 3754 1318 3825 judicii
1366 3755 1695 3822 veritatem,
1744 3773 1923 3827 quam

276 3847 528 3903 divitum
561 3859 810 3900 munera
839 3859 967 3914 quae
998 3844 1070 3899 de
1100 3844 1306 3915 rapina
1336 3846 1477 3898 sunt
1505 3846 1563 3897 et
1592 3842 1921 3915 iniquitate.

275 3958 304 3985 «
329 3935 404 3991 Et
433 3934 583 3990 dabo
613 3949 762 4006 opus
792 3948 1015 3999 eorum,
1050 3953 1080 3980 »
1112 3930 1396 3987 subaudis
1425 3930 1526 4001 qui
1556 3930 1927 3987 crediderunt

274 4046 303 4075 ‹‹
340 4024 404 4079 in
435 4022 696 4089 veritate,
733 4043 763 4070 »
788 4024 856 4076 ut
885 4035 1103 4092 agnum
1136 4019 1446 4075 eomedant
1488 4018 1549 4073 in
1578 4018 1837 4085 veritate,
1869 4023 1929 4074 et

271 4110 786 4168 circumcisionem
822 4108 1015 4164 cordis
1044 4107 1354 4180 accipiant,
1376 4112 1433 4163 et
1459 4111 1677 4163 terram
1706 4107 1928 4163 deside-

270 4204 410 4256 rent
435 4202 733 4265 aaternam,
766 4202 825 4254 et
852 4201 921 4253 ut
949 4196 1148 4253 omnia
1175 4212 1303 4268 quae
1333 4195 1552 4252 Judaals
1600 4196 1758 4251 dicta
1787 4200 1928 4252 sunt

269 4289 334 4345 in
368 4288 583 4361 ﬁgura,
615 4285 729 4359 ipsi
770 4286 1112 4359 possideant
1155 4284 1216 4340 in
1262 4284 1522 4340 veritate.
1555 4308 1582 4335 ‹‹
1616 4286 1687 4341 Et
1736 4285 1926 4340 foedus

269 4380 630 4450 perpetuum
661 4374 869 4431 feriam
900 4374 1044 4443 eis,»
1062 4373 1121 4429 id
1151 4376 1241 4429 est
1257 4372 1633 4445 Evangelium
1651 4373 1801 4429 dabo
1818 4373 1924 4441 eis,

271 4465 373 4523 cui
408 4480 526 4519 non
558 4464 831 4520 succedet
859 4462 975 4517 alia
1004 4461 1116 4534 lex,
1140 4461 1295 4518 sicut
1318 4460 1431 4533 legi
1463 4461 1667 4535 Moysi.
1701 4462 1782 4517 De
1811 4478 1926 4533 quo

2034 3314 2156 3370 Cor.
2189 3312 2273 3384 ιι).
2310 3334 2338 3361 ››
2370 3312 2845 3384 Imperfectorum
2894 3330 3028 3369 vero
3076 3330 3287 3387 agmen
3338 3316 3683 3388 designatur

2032 3419 2136 3475 per
2156 3418 2433 3473 sponsam
2441 3402 2535 3472 ,de
2557 3401 2775 3473 quibus
2794 3401 2938 3457 dicit
2958 3404 3299 3475 Apostolus:
3317 3429 3345 3456 «
3367 3406 3490 3462 Non
3511 3407 3682 3479 judi-

2033 3490 2154 3546 cavi
2189 3507 2283 3545 me
2314 3489 2535 3561 aliquid
2585 3490 2735 3545 scire
2779 3490 2929 3545 inter
2950 3508 3074 3558 vos,
3106 3491 3217 3547 nisi
3249 3494 3452 3549 Jesum
3484 3494 3680 3550 Chris-

2034 3582 2246 3645 tum,et
2269 3579 2425 3633 hunc
2449 3578 2789 3633 cruciﬁxum
2813 3582 2867 3647 (l
2898 3579 3018 3633 Cor.
3038 3583 3144 3647 in).
3176 3602 3205 3628 ι)
3244 3603 3272 3629 ‹‹
3298 3583 3367 3635 Et
3396 3586 3678 3653 tanquam

2033 3666 2291 3738 parvulis
2336 3666 2393 3719 in
2439 3664 2692 3735 Christo,
2745 3664 2834 3718 lac
2880 3664 3044 3719 vobis
3104 3670 3307 3736 potum
3355 3667 3509 3736 dedi,
3562 3685 3679 3724 non

2033 3771 2290 3810 escam.»
2323 3751 2590 3808 Christus
2620 3768 2757 3823 ergo
2789 3769 3043 3822 sponsus
3073 3752 3198 3824 ipse
3244 3754 3384 3811 facit
3430 3773 3680 3829 sponsos

2033 3845 2090 3897 et
2119 3857 2388 3913 sponsas,
2420 3843 2477 3893 et
2507 3844 2702 3895 tamen
2736 3857 2854 3894 una
2884 3843 2974 3895 est
3003 3858 3220 3912 sponsa
3265 3843 3522 3902 Ecclesia
3551 3862 3679 3918 quas

2033 3930 2340 3986 decoratur
2369 3946 2602 3998 corona,
2624 3928 2681 3981 id
2713 3931 2802 3983 est
2831 3928 3207 3985 multitudine
3233 3933 3593 3990 credentium
3612 3952 3682 3991 ex

2031 4018 2306 4076 omnibus
2346 4017 2551 4072 mundi
2597 4017 2866 4088 partibus
2915 4017 2973 4071 in
3019 4018 3149 4089 ejus
3197 4019 3535 4077 societatem
3582 4040 3680 4079 ve-

2034 4107 2343 4163 nientium.
2380 4107 2448 4160 Et
2485 4108 2729 4161 ornatur
2778 4105 3118 4173 monilibus,
3169 4108 3228 4162 id
3279 4113 3367 4165 est
3414 4112 3681 4167 omnium

2033 4198 2318 4251 virtutum
2350 4193 2709 4249 ornamentis
2742 4211 2869 4265 quae
2888 4194 3273 4267 designantur
3288 4214 3391 4270 per
3417 4190 3680 4270 monilia,

2033 4284 2302 4341 videlicet
2330 4283 2621 4351 castitate,
2656 4282 3009 4352 humilitate,
3047 4284 3298 4357 aliisque
3342 4287 3682 4361 virtutibus,

2034 4378 2092 4430 et
2118 4372 2292 4429 variis
2322 4371 2651 4427 ordinibus.
2674 4429 2683 4439 _

2108 4484 2136 4512 ‹‹
2170 4462 2335 4517 Sicut
2365 4460 2522 4515 enim
2550 4463 2705 4514 terra
2734 4460 2953 4531 profert
2980 4476 3217 4533 germen
3246 4468 3517 4531 suum,et
3532 4464 3687 4520 sicut

270 4550 592 4624 Evangelia
616 4551 760 4607 dieit
786 4550 1071 4606 Dominus
1095 4567 1108 4605 :
1145 4571 1173 4600 ‹‹
1202 4549 1424 4605 Οωιιιιη
1457 4553 1515 4606 et
1546 4554 1701 4605 terra
1718 4550 1930 4606 transi-
1956 4581 2003 4646 Β
2036 4550 2242 4606 hortus
2259 4566 2457 4605 semen
2478 4565 2651 4603 suum
2670 4548 3076 4617 germinatzsic
3092 4549 3548 4609 DominuaDeus
3563 4568 3687 4624 ger-

272 4642 451 4709 bunt,
504 4639 678 4695 verba
722 4644 919 4696 autem
968 4654 1103 4695 mea
1152 4655 1268 4694 non
1325 4637 1664 4693 transibunt
1719 4639 1922 4709 (Matth.

273 4727 458 4799 XXIV).
490 4750 525 4794 υ

350 4842 381 4868 ‹‹
417 4817 489 4871 Et
517 4815 736 4872 scietur
767 4817 825 4870 in
856 4816 1132 4889 gentibus
1164 4831 1362 4871 semen
1407 4802 1632 4882 eorum,
1672 4838 1699 4864 ››
1731 4816 1786 4869 id
1819 4820 1929 4886 est,

277 4921 484 4963 semen
519 4903 938 4975 apostolorum,
971 4927 999 4954 ‹‹
1031 4907 1090 4959 et
1114 4920 1350 4974 germen
1381 4919 1583 4957 eorum
1628 4902 1687 4956 in
1740 4903 1931 4958 medio

256 4991 659 5067 populorum.
684 5015 714 5042 »
744 4993 910 5049 Sicut
938 4990 1184 5064 apostoli
1214 4991 1455 5046 fuerunt
1480 5007 1680 5046 semen
1712 4992 1933 5048 bonum

280 5086 558 5139 etverum
576 5096 611 5135 a
625 5079 854 5137 Christo
877 5078 1173 5146 seminati,
1191 5079 1494 5135 audientes
1515 5078 1702 5134 abillo
1727 5096 1740 5134 :
1775 5102 1802 5129 ‹‹
1828 5079 1931 5147 Ite,

281 5169 488 5225 docete
510 5182 716 5223 omnes
735 5173 938 5241 gentes
959 5167 1166 5237 (Matth.
1199 5169 1397 5235 xxvni)
1421 5183 1434 5220 :
1462 5188 1490 5216 »
1521 5167 1605 5222 ita
1637 5183 1839 5223 semen
1879 5170 1939 5223 et

281 5271 529 5330 germen
550 5255 950 5328 apostolorum
980 5260 1121 5312 sunt
1150 5254 1479 5326 fideles,qui
1502 5254 1574 5309 ab
1594 5254 1935 5311 illis'semen

280 5343 447 5400 verbi
473 5344 576 5400 Dei
608 5349 1013 5417 perceperunt.
1045 5367 1073 5395 ‹‹
1106 5344 1323 5400 Omnes
1349 5343 1449 5415 qui
1494 5342 1750 5398 viderint
1775 5360 1873 5399 eos
1901 5364 1931 5394 »

283 5432 585 5505 apostolos
612 5432 882 5490 videlicet
908 5431 1427 5506 apostolorumque
1472 5447 1842 5488 successores
1880 5435 1938 5487 et

284 5519 639 5586 imitatores,
661 5542 689 5571 ‹‹
720 5526 1073 5596 cognoscent
1100 5519 1254 5588 illos,
1277 5519 1418 5591 quia
1447 5520 1543 5575 isti
1577 5525 1720 5576 sunt
1738 5537 1936 5576 semen

286 5609 386 5666 cui
415 5608 713 5668 benedixit
742 5611 1046 5668 Dominus.
1082 5632 1112 5660 »
1143 5608 1443 5676 Quomodo
1472 5609 1661 5665 scient
1707 5612 1767 5666 et
1793 5626 1937 5681 quo-

2038 4637 2289 4693 minabit
2310 4635 2609 4707 justitiam
2632 4638 2689 4688 et
2718 4634 2949 4688 laudem
2981 4652 3175 4691 coram
3194 4637 3483 4695 universis
3502 4641 3688 4712 genti-

2038 4728 2209 4782 bus.»
2233 4727 2486 4781 Istarum
2500 4721 3005 4793 comparationum
3027 4724 3185 4795 prior
3201 4727 3502 4783 referenda
3515 4731 3603 4785 est
3613 4731 3686 4784 ad

2041 4827 2615 4886 sponsum,sequens
2637 4809 2707 4863 ad
2733 4827 3075 4881 sponsam.«
3106 4812 3515 4886 Sicut,inquit,
3533 4820 3690 4872 terra

2041 4901 2376 4957 ccelestibus
2410 4898 2625 4969 pluviis
2657 4898 3140 4971 irrigata'profert
3161 4919 3398 4974 germen
3412 4921 3607 4972 suum,
3632 4894 3707 4960 et;

2043 4989 2409 5045 sicuthortus
2430 4986 2679 5042 fontium
2693 4987 3150 5061 aquisirrigatus
3166 5007 3364 5047 semen
3383 5009 3615 5059 suum,»
3627 4992 3689 5048 id

2043 5077 2316 5147 est,olera
2329 5076 2575 5132 diversis
2596 5075 2910 5148 generibus
2932 5078 3241 5149 germinat:
3257 5103 3286 5130 «
3302 5080 3386 5136 sic
3402 5081 3689 5138 Dominus

2044 5167 2199 5222 Deus
2222 5164 2632 5239 germinabit,»
2658 5164 2714 5219 id
2738 5165 3181 5237 est,germinare
3194 5167 3692 5225 facietvelcresce-

2044 5272 2106 5311 re
2118 5254 2508 5326 «justitiam,»
2522 5252 2581 5306 id
2594 5252 3009 5319 est,Christum
3024 5256 3124 5327 qui
3130 5256 3487 5326 justifieatin
3500 5274 3563 5314 se
3573 5274 3691 5314 cre-

2044 5344 2247 5399 dentes
2271 5359 2284 5397 :
2308 5341 2395 5395 vel
2407 5340 2896 5410 justiﬁcationem
2918 5342 3051 5397 fidei
3073 5360 3143 5398 ex
3164 5362 3279 5416 qua
3291 5346 3493 5416 justus
3512 5344 3651 5402 vivit
3671 5362 3686 5400 :

2045 5435 2104 5487 et
2131 5430 2256 5501 ipse
2288 5428 2459 5483 faciet
2475 5444 2732 5483 crescere
2747 5428 2981 5485 laudem
3000 5448 3168 5487 suam
3186 5450 3383 5488 coram
3402 5433 3691 5491 universis

2045 5518 2337 5591 gentibus.
2372 5516 2494 5570 Non
2525 5515 2636 5571 erit
2666 5516 3038 5573 solummodo
3082 5520 3195 5575 ista
3233 5521 3580 5593 justiticatio
3630 5519 3716 5579 in'

2045 5605 2478 5677 Judazis,nequc
2509 5603 2619 5660 soli
2648 5605 2836 5661 Judaei
2868 5608 3118 5664 referent
3149 5608 3202 5665 ei
3232 5609 3436 5668 laudes
3460 5627 3473 5667 :
3497 5611 3598 5669 sed
3630 5611 3691 5667 in
