4106 6190
300 347 458 410 ιαμ)

1339 351 1746 415 COMMENT.
1790 347 1872 410 IN
1912 344 2213 411 ISAIAM.
2242 382 2323 397 -
2366 354 2514 418 LIB.
2560 356 2665 420 Ill.

3468 339 3479 343 ’
3549 367 3706 431 1050

280 474 328 531 ’‹‹
354 479 749 549 Hierusalem,
776 504 804 533 »
825 482 883 538 id
923 486 1012 540 est
1040 484 1357 542 Ecclesiam
1398 500 1591 552 suam,
1623 486 1680 538 et
1710 504 1739 533 ‹‹
1768 446 2305 554 ponatﬁmedunt
2324 488 2381 541 et
2410 485 2620 544 bibunt
2648 488 2707 545 in
2738 490 3013 563 Ecclesia,
3046 491 3355 553 laudantes
3375 496 3706 557 Creatorem

299 570 351 627 ei
384 570 619 628 laudem
650 570 710 627 in
743 575 916 640 terra,
943 595 970 622 υ
990 574 1079 629 vel
1124 578 1191 629 ut
1229 574 1358 647 ipsa
1395 574 1594 629 laudet
1623 572 1951 629 Creatorem

300 677 478 717 suum
497 677 605 735 per
625 678 861 717 omnem
887 664 1176 718 mundum
1202 663 1458 730 dilatata,
1473 662 1559 718 vel
1582 665 1649 718 ut
1668 662 1741 718 ab
1763 661 1951 717 omni-

300 752 415 808 bus
444 751 719 823 gentibus
750 751 879 824 ipsa
909 752 1200 809 laudetur.
1224 753 1507 808 Custodes
1530 770 1832 808 murorum
1864 752 1952 807 al-

301 840 566 913 loquitur
593 856 785 897 sermo
816 841 1071 909 divinus,
1104 846 1170 897 ut
1201 841 1310 913 ipsi
1343 841 1442 914 qui
1486 840 1717 897 Domini
1748 841 1951 897 volun-

299 932 480 985 tatem
503 927 700 984 sciunt
721 931 779 984 et
797 944 999 984 muros
1019 928 1312 984 custodire
1334 930 1567 996 debent,
1587 946 1702 984 non
1724 931 1955 983 taceant

300 1035 337 1074 a
366 1017 641 1091 precibus
678 1020 737 1073 et
777 1016 1074 1083 laudibus,
1099 1034 1290 1090 neque
1327 1018 1388 1074 in
1431 1016 1727 1091 prosperis
1765 1033 1953 1089 neque

299 1107 362 1162 in
389 1106 671 1163 adversis.
705 1107 985 1179 Sequitur
1016 1124 1028 1163 :

374 1219 404 1246 ‹‹
426 1195 656 1252 Juravit
683 1196 967 1253 Dominus
998 1196 1058 1252 in
1090 1199 1324 1254 dextera
1353 1215 1524 1266 sua,»
1546 1201 1604 1254 et
1630 1198 1691 1254 in
1713 1197 1952 1254 brachio

301 1284 666 1341 fortitudinis
696 1302 835 1341 sua.
866 1308 895 1335 »
918 1287 1123 1342 Omnis
1162 1304 1354 1343 sermo
1393 1287 1813 1360 omnipotentis
1852 1282 1952 1343 Dei

300 1391 407 1448 pro
430 1375 768 1446 juramento
798 1374 984 1448 accipi
1027 1376 1218 1444 debet,
1244 1377 1383 1449 quia
1412 1394 1644 1449 semper
1669 1394 1839 1433 verus
1865 1380 1956 1433 est

301 1468 359 1520 et
379 1480 687 1535 nunquam
710 1463 880 1519 fallit.
900 1468 1143 1520 Dextera
1169 1470 1364 1521 autem
1386 1471 1444 1521 et
1465 1466 1770 1522 brachium
1793 1465 1954 1521 forti-

305 1552 533 1608 tudinis
557 1551 720 1607 illius
743 1551 926 1609 Filius
946 1557 1166 1627 est,per
1180 1570 1355 1626 quem
1376 1556 1576 1611 omnia
1593 1554 1959 1619 fecit,secun-

307 1642 450 1697 dum
473 1640 652 1698 illud:
675 1642 886 1698 Omnia
914 1659 1017 1715 per
1036 1642 1232 1716 ipsum
1264 1644 1416 1700 facta
1435 1647 1633 1700 sunt.«
1653 1644 1715 1699 Si
1745 1644 1955 1700 dedero

305 1730 569 1787 triticum
600 1735 770 1786 tuum
792 1730 947 1786 ultra
966 1732 1164 1787 cibum
1193 1732 1450 1789 inimicis
1472 1732 1612 1800 tuis,
1636 1736 1694 1788 et
1717 1732 1768 1788 si
1796 1731 1957 1789 bibe-

305 1819 425 1875 rint
444 1820 560 1916 ﬁlii.
575 1819 751 1916 alieni
765 1819 820 1876 vi
828 1837 969 1876 num
993 1820 1258 1888 tuum,in
1277 1820 1751 1916 quolaborasti.»
1770 1820 1960 1877 Eccle-
1988 1851 2035 1916 Β

300 1909 453 1965 siam
487 1907 827 1980 alloquitur.
861 1911 1023 1981 Sape
1066 1914 1217 1966 Deus
1255 1910 1954 1983 omnipotens,quantum

299 1998 372 2053 ad
390 1997 646 2053 litteram
669 1997 939 2071 pertinet,
956 1999 1155 2071 fruges
1171 1998 1508 2055 Judaorum
1526 1998 1685 2055 dedit
1699 1998 1956 2055 inimicis

299 2102 527 2151 eorum,
562 2086 619 2142 id
651 2091 743 2142 est
771 2086 1035 2142 triticum
1067 2091 1124 2142 et
1163 2086 1366 2143 vinum
1393 2104 1405 2143 :
1431 2087 1584 2144 sicut
1610 2087 1862 2161 legimus
1892 2087 1953 2143 in
1994 2117 2003 2123 τ

298 2173 451 2230 libro
481 2174 756 2231 Judicum
791 2175 931 2247 (cap.
951 2177 1076 2245 vn),
1097 2175 1252 2248 quod
1277 2198 1306 2227 «
1337 2175 1666 2232 Madianita
1696 2181 1955 2250 tempore

303 2264 520 2320 messis
548 2264 850 2321 venientes
877 2264 1104 2320 fructus
1124 2282 1325 2321 eorum
1349 2264 1724 2339 collegerunt,
1748 2270 1805 2323 et
1831 2271 1954 2322 tam

300 2353 362 2408 in
395 2368 535 2409 suos
557 2369 734 2425 quam
758 2353 817 2409 in
840 2353 1215 2409 inimicorum
1245 2370 1487 2410 suorum
1512 2372 1657 2411 usus
1678 2356 1956 2427 expende-

301 2445 498 2496 runt.»
516 2441 611 2497 Sic
639 2442 1079 2514 etiam,quando
1095 2442 1252 2498 ducti
1286 2447 1426 2498 sunt
1450 2443 1510 2499 in
1533 2443 1949 2516 captivitatem,

302 2531 538 2603 quando
560 2530 823 2587 collocati
849 2534 989 2587 sunt
1007 2530 1464 2588 ibi'Samaritani
1485 2532 1655 2588 alieni
1664 2533 1953 2606 gena,qui

303 2637 507 2677 eorum
539 2620 922 2677 comederunt
951 2620 1169 2693 fruges.
1203 2621 1313 2677 Sed
1355 2620 1466 2676 isto
1499 2621 1557 2675 in
1596 2620 1721 2678 loco
1754 2623 1951 2679 cibum

301 2705 573 2763 Ecclesia
597 2706 909 2779 dupliciter
938 2723 1258 2780 possumus
1282 2706 1625 2780 intelligere,
1651 2709 1708 2764 id
1733 2713 1820 2765 est
1845 2710 1956 2765 vir-

301 2798 460 2852 tutes
486 2799 544 2852 et
563 2796 719 2851 bona
733 2796 1021 2868 opera,vel
1037 2795 1213 2852 etiam
1231 2799 1288 2853 et
1304 2814 1516 2870 corpus
1536 2801 1592 2854 et
1607 2798 1954 2871 sanguinem

299 2884 461 2940 illius
473 2885 628 2957 quod
647 2885 910 2957 quotidie
926 2884 986 2940 in
1008 2889 1212 2942 sancta
1223 2885 1480 2942 Ecclesia
1494 2887 1750 2943 sumitur
1762 2906 1796 2943 a
1810 2888 1948 2944 fide-

297 2973 701 3047 libus,quibus
718 2974 980 3046 pascitur
995 2975 1480 3042 anima.Quodam
1500 2976 1792 3048 siquidem
1806 2981 1951 3032 tem-

295 3081 438 3136 pore
468 3066 601 3119 ante
630 3063 944 3120 adventum
977 3062 1106 3119 Filii
1138 3064 1239 3119 Dei
1273 3064 1471 3137 fruges
1499 3064 1863 3136 Judaorum,
1897 3066 1953 3122 id

293 3156 405 3220 est,
426 3151 628 3209 laudes
650 3156 707 3208 et
727 3169 906 3225 opera
927 3169 1057 3225 qua
1076 3152 1249 3209 idolis
1272 3153 1709 3225 impendebant,
1730 3156 1948 3211 damo-

2060 575 2120 626 et
2150 573 2593 648 Redemptorem
2625 596 2823 635 suum.
2846 580 2949 636 Vel
2990 581 3166 637 etiam
3193 582 3278 638 illi
3311 585 3413 656 qui
3442 588 3616 643 modo
3645 588 3707 644 iu

2061 663 2328 730 prasenti
2354 672 2708 741 congregant
2726 668 2992 741 virtutes,
3016 675 3073 727 et
3111 676 3498 744 comportant,
3532 675 3589 729 id
3619 680 3711 733 est

2060 751 2412 819 coadunant,
2436 756 2576 811 dum
2599 757 2944 814 transierint
2964 777 2997 815 a
3028 760 3299 831 prasenti
3332 760 3590 818 Ecclesia
3620 780 3711 820 co-

2061 840 2298 895 medent
2327 845 2384 897 et
2412 843 2631 912 bibent,
2666 846 2721 902 id
2759 851 2848 903 est
2874 847 3255 904 exsultabunt
3283 853 3341 904 et
3369 851 3711 922 gaudebunt

2061 926 2120 981 in
2168 928 2333 984 atriis
2368 932 2615 1000 Domini,
2650 933 2768 992 sive
2798 935 2857 990 in
2900 936 3309 993 mansionibus
3348 938 3706 995 calestibus.
3738 1008 3747 1021 .

2061 1014 2142 1069 De
2172 1016 2389 1086 quibus
2428 1022 2709 1078 Dominus
2740 1023 2884 1079 dicit
2916 1042 2929 1080 :
2959 1048 2986 1075 ‹‹
3013 1026 3075 1081 In
3116 1026 3289 1082 domo
3351 1026 3537 1085 Patris
3594 1028 3709 1084 mei

2061 1104 2397 1162 mansiones
2428 1108 2625 1164 multa
2660 1117 2817 1168 sunt.
2844 1134 2873 1161 ››

2133 1214 2163 1242 ‹‹
2195 1194 2485 1263 Transite,
2515 1200 2759 1254 transite
2802 1218 2905 1271 per
2953 1206 3171 1274 portas,
3204 1210 3524 1277 praparate
3554 1207 3708 1263 viam

2062 1281 2331 1353 Domino,
2356 1286 2568 1357 populo
2598 1287 2840 1359 planum
2885 1288 3055 1345 facite
3084 1290 3213 1359 iter,
3237 1293 3433 1365 eligite
3460 1294 3706 1367 lapides,

2061 1373 2118 1425 et
2145 1370 2363 1427 elevate
2394 1374 2629 1446 signum
2660 1377 2733 1431 ad
2766 1376 3105 1450 populum.»
3131 1378 3484 1437 Custodibus
3514 1400 3708 1440 muro-

2064 1476 2194 1514 rum
2226 1461 2450 1532 angelis
2480 1463 2570 1518 vel
2603 1464 2859 1536 pralatis
2888 1465 3410 1539 Ecclesia,quibus
3440 1472 3711 1541 superius

2064 1547 2289 1604 dixerat
2319 1568 2391 1605 ne
2422 1554 2679 1607 tacerent
2698 1570 2732 1608 a
2761 1554 3034 1626 precibus
3055 1559 3112 1610 et
3131 1555 3427 1626 laudibus,
3453 1559 3716 1632 praecipit

2064 1636 2275 1692 iterum
2310 1642 2374 1693 ut
2412 1643 3074 1714 transeantperportas,
3098 1642 3158 1698 id
3189 1649 3279 1700 est
3321 1662 3425 1717 per
3453 1647 3713 1705 diversos
3802 1682 3805 1687 ι

2065 1725 2368 1783 ministros
2389 1728 2656 1785 Ecclesia
2679 1732 3069 1804 presbyteros,
3093 1731 3387 1802 diacones,
3412 1736 3716 1792 subdiaco-

2065 1831 2190 1884 nes,
2214 1833 2465 1888 quorum
2488 1817 2814 1875 ministerio
2846 1819 3299 1878 introducuntur
3317 1824 3621 1880 credentes
3649 1823 3712 1880 in

2064 1903 2383 1961 Ecclesiam
2404 1924 2416 1961 :
2437 1906 2523 1962 vel
2545 1911 2610 1962 ut
2630 1910 2932 1964 transeant
2954 1924 3057 1980 per
3074 1910 3712 1979 virtutes,ambulando

2064 1992 2136 2047 de
2171 1992 2383 2049 virtute
2429 1992 2489 2048 in
2539 1994 2838 2051 virtutem.
2867 1996 3002 2051 Ideo
3049 2002 3245 2054 autem
3295 1999 3715 2072 praecipiuntur

2064 2082 2314 2156 transire
2343 2100 2448 2154 per
2477 2082 2779 2139 ministros
2818 2084 3107 2154 Ecclesia,
3131 2090 3196 2142 ut
3222 2104 3322 2143 eos
3359 2088 3711 2156 custodiant,

2062 2186 2134 2225 ne
2165 2169 2379 2243 aliquis
2408 2171 2643 2227 illorum
2676 2172 2736 2228 in
2766 2173 3168 2230 hareticorum
3214 2175 3552 2247 pravitatem
3586 2193 3714 2234 cor-

2064 2263 2214 2327 ruat,
2240 2263 2296 2316 et
2327 2264 2394 2316 ut
2423 2261 2483 2315 in
2514 2260 2691 2315 ﬁdem
2714 2261 2972 2334 amplius
2992 2263 3169 2318 etiam
3195 2269 3550 2321 accrescant.
3576 2266 3718 2321 Pra-

2064 2347 2283 2420 cipitur
2310 2348 2485 2405 etiam
2526 2350 2872 2405 custodibus
2914 2367 3242 2421 murorum,
3275 2357 3344 2407 ut
3390 2358 3718 2426 praparent

2062 2436 2213 2492 viam
2240 2438 2455 2510 populo
2476 2438 2694 2493 volenti
2722 2439 2940 2495 intrare
2965 2439 3023 2494 in
3045 2439 3387 2510 Ecclesiam,
3407 2441 3517 2498 hoc
3536 2446 3725 2510 est,ut'

2065 2526 2329 2581 doctrina
2350 2531 2408 2581 et
2426 2527 2691 2599 exemplo
2709 2529 2792 2583 eis
2813 2528 2966 2583 viam
2990 2530 3362 2588 rectitudinis
3381 2533 3713 2601 ostendant,

2064 2612 2426 2686 planumque
2459 2615 2677 2670 faciant
2698 2615 2827 2683 iter,
2846 2616 2906 2671 id
2928 2622 3016 2672 est
3035 2619 3305 2674 auferant
3325 2620 3525 2676 omnia
3544 2623 3719 2677 oﬂ'en-

2064 2702 2260 2758 dieula
2283 2703 2633 2759 dimittendo
2653 2708 2890 2776 peccata
2915 2712 3018 2776 per
3037 2705 3424 2778 baptismum.
3444 2709 3515 2762 Et
3535 2712 3600 2763 ut
3619 2708 3717 2763 eli-

2063 2795 2206 2865 gant
2235 2791 2480 2864 lapides,
2514 2792 2633 2847 sive
2657 2791 3006 2870 qprojiciant,
3034 2798 3099 2849 ut
3138 2794 3524 2868 Septuaginta
3553 2794 3715 2852 dixe-

2064 2886 2221 2950 runt,
2238 2882 2347 2938 hoc
2365 2887 2455 2939 est
2473 2901 2506 2938 a
2527 2882 2803 2939 cordibus
2821 2881 3127 2939 hominum
3146 2883 3425 2940 duritiam
3448 2886 3721 2942 auferant

2065 2970 2432 3027 infidelitatis
2453 2989 2467 3028 :
2486 2971 2573 3028 vel
2597 2976 2866 3044 separent
2887 2991 2922 3028 a
2943 2973 3233 3030 consortio
3251 2973 3611 3030 credentium
3633 2990 3717 3030 re-

2065 3062 2279 3133 probos
2298 3065 2355 3116 et
2376 3061 2735 3129 duricordes,
2754 3061 2855 3134 qui
2879 3061 3174 3118 noluerint
3201 3064 3455 3119 credere.
3477 3064 3713 3119 Necnon

2065 3149 2240 3205 etiam
2264 3150 2618 3222 pracipitur,
2636 3155 2701 3205 ut
2721 3150 2944 3207 elevent
2964 3151 3202 3225 signum
3223 3151 3415 3208 crucis
3437 3152 3508 3208 ad
3535 3168 3715 3226 popu-

296 3259 403 3297 nes
426 3220 834 3297 comedebant:
854 3220 964 3298 sed
978 3246 1110 3314 post
1129 3220 1950 3301 Domini-adventumvirtutes
1980 3220 2022 3286 Ο
2062 3238 2186 3294 lum
2209 3220 2537 3310 nationum,
2561 3239 2619 3295 id
2651 3244 2741 3295 est
2764 3243 2826 3295 ut
2856 3220 3206 3297 annuntient
3224 3241 3276 3296 ei
3298 3220 3636 3315 passionem
3657 3245 3715 3299 et

294 3333 355 3387 et
381 3329 587 3387 laudes
623 3329 893 3386 Ecclesia
933 3348 1050 3386 non
1091 3333 1470 3388 comederunt
1501 3333 1815 3403 daemones,
1848 3335 1949 3391 sed

294 3419 585 3483 Dominus
605 3418 896 3491 epulatus,
915 3418 974 3474 id
994 3422 1085 3475 est
1105 3419 1336 3476 latatus
1357 3424 1416 3476 et
1436 3420 1757 3479 delectatus
1778 3426 1866 3479 est
1890 3423 1949 3478 in

294 3509 405 3564 eis.
426 3507 603 3564 Cibus
632 3508 809 3567 etiam
832 3509 1168 3565 Judaorum
1196 3514 1321 3566 erat
1350 3510 1604 3567 triticum
1636 3515 1695 3567 et
1724 3513 1947 3581 vinum,

295 3597 457 3670 quod
482 3595 831 3668 significavit
846 3614 1061 3670 corpus
1082 3602 1140 3653 et
1159 3598 1508 3672 sanguinem
1526 3600 1779 3669 Domini,
1801 3601 1953 3658 sicut

294 3686 425 3759 ipse
454 3684 601 3741 dixit
632 3701 689 3741 ;‹‹
712 3685 855 3742 Caro
885 3686 1041 3743 enim
1076 3703 1208 3742 mea
1234 3704 1368 3744 vere
1397 3691 1487 3744 est
1516 3687 1703 3757 cibus,
1729 3694 1786 3745 et
1815 3707 1949 3746 san-

294 3772 430 3845 guis
454 3782 622 3828 meus
644 3789 777 3829 vere
808 3777 898 3829 est
929 3778 1105 3846 potus
1129 3778 1315 3844 (Joan.
1334 3775 1447 3843 v1):
1475 3798 1503 3824 ››
1528 3775 1667 3847 quia
1696 3794 1812 3832 non
1845 3796 1949 3834 su-

294 3864 541 3916 muntur
567 3861 642 3916 ab
672 3861 961 3918 hareticis
982 3866 1040 3919 et
1061 3864 1309 3937 paganis
1334 3863 1591 3920 inimicis
1616 3870 1830 3920 sancta
1852 3868 1953 3922 Ec-

294 3948 504 4006 clesia.
538 3948 599 4006 Si
631 3950 866 4022 dedero,
897 3950 956 4007 id
1002 3954 1110 4019 est,
1145 3970 1260 4009 non
1292 3953 1504 4009 dedero
1531 3953 1620 4009 vel
1650 3971 1767 4009 non
1798 3956 1948 4012 dabo

292 4036 567 4112 deinceps
588 4038 853 4095 triticum
872 4040 960 4096 vel
981 4040 1185 4096 vinum
1208 4045 1399 4111 tuum,
1425 4041 1486 4096 in
1509 4059 1624 4114 quo
1645 4043 1945 4114 laborasti,

290 4128 351 4183 in
385 4126 584 4183 cibum
624 4127 883 4184 inimicis
912 4128 1051 4196 tuis,
1078 4130 1134 4185 id
1176 4134 1286 4198 est,
1308 4130 1513 4187 laudes
1554 4136 1611 4187 et
1649 4149 1825 4205 opera
1846 4138 1949 4190 tua

293 4232 412 4272 non
446 4217 596 4273 dabo
627 4217 1015 4286 damonibus,
1050 4219 1151 4275 sed
1196 4234 1301 4291 ego
1341 4219 1659 4292 suspiciam
1691 4238 1810 4277 eas.
1842 4222 1946 4278 Vel

290 4318 506 4376 corpus
528 4307 585 4361 et
606 4305 954 4379 sanguinem
988 4322 1208 4375 meum,
1232 4306 1294 4362 in
1325 4324 1440 4380 quo
1472 4311 1533 4364 tu
1555 4308 1786 4366 laboras
1819 4328 1949 4367 con-

289 4393 596 4462 secrando,
631 4411 747 4450 non
799 4395 949 4450 dabo
986 4395 1275 4453 hareticis
1304 4399 1361 4452 et
1390 4398 1637 4469 paganis
1686 4398 1943 4455 inimicis

287 4482 414 4539 tuis
437 4481 536 4554 qui
566 4482 742 4539 alieni
764 4487 904 4539 sunt
935 4501 969 4539 a
998 4500 1093 4540 me
1122 4488 1180 4540 et
1199 4502 1233 4539 a
1253 4484 1366 4540 fide
1388 4489 1509 4541 tua.
1527 4488 1715 4557 Quare
1746 4492 1942 4544 autem

2061 3328 2567 3385 resurrectionem.
2591 3328 2904 3401 Sequitur:

2102 3428 2158 3466 ‘u
2180 3418 2325 3473 Ecce
2352 3417 2630 3474 Dominus
2653 3418 2922 3474 auditum
2946 3417 3081 3474 fecit
3108 3418 3168 3473 in
3191 3419 3467 3477 extremis
3489 3422 3714 3478 terra.»

2061 3505 2357 3562 Subaudis
2391 3525 2493 3579 per
2522 3507 2817 3580 apostolos
2842 3508 3015 3563 fidem
3048 3525 3166 3563 sua
3197 3508 3489 3579 passionis
3511 3512 3568 3564 et
3596 3526 3715 3583 my-

2061 3595 2239 3651 steria
2277 3612 2396 3650 sua
2442 3595 2949 3651 resurrectionis.«
2973 3595 3158 3650 Dicite
3194 3596 3327 3651 filia
3368 3597 3505 3652 Sion
3532 3613 3544 3652 :
3567 3598 3712 3654 Ecce

2061 3683 2325 3740 Salvator
2345 3687 2483 3739 tuus
2500 3683 2674 3750 venit,
2690 3700 2821 3739 ecce
2842 3700 3065 3739 merces
3086 3685 3214 3755 ejus
3231 3702 3365 3739 cum
3384 3702 3473 3754 eo,
3486 3688 3543 3742 et
3562 3702 3711 3759 opus

2060 3773 2189 3843 ejus
2220 3788 2416 3827 coram
2446 3770 2565 3827 illo.
2594 3793 2622 3819 »
2646 3771 3002 3827 Custodibus
3034 3788 3338 3828 murorum
3369 3772 3594 3846 angelis
3622 3775 3710 3831 vel

2060 3858 2359 3931 prophetis
2390 3859 2510 3914 sive
2540 3858 2820 3931 apostolis
2862 3859 3212 3933 praecipitur,
3237 3864 3304 3917 ut
3333 3860 3712 3934 alloquantur

2059 3948 2242 4004 filiam
2267 3947 2426 4015 Sion,
2446 3949 2555 4004 hoc
2577 3952 2666 4004 est
2689 3948 3006 4005 Ecclesiam
3038 3948 3551 4023 primitivam,qua
3578 3951 3710 4010 ideo

2060 4036 2181 4092 lilia
2211 4037 2348 4093 Sion
2382 4036 2618 4107 dicitur,
2640 4036 2725 4092 vel
2758 4036 2898 4109 quia
2939 4038 3198 4110 primum
3229 4038 3299 4095 ex
3333 4039 3553 4096 Judais
3584 4041 3708 4098 col-

2057 4126 2209 4183 lecta
2237 4131 2345 4183 est.
2370 4128 2450 4183 De
2471 4145 2588 4200 qua
2608 4126 2749 4182 dicit
2778 4128 2838 4182 in
2859 4128 3094 4186 Cantico
3115 4131 3476 4187 canticorum
3502 4148 3554 4187 :«
3577 4130 3706 4187 Filii

2057 4216 2263 4272 matris
2294 4232 2435 4271 mea
2468 4220 2877 4290 pugnaverunt
2919 4221 3121 4275 contra
3157 4235 3251 4275 me
3270 4219 3448 4289 (Cant.
3471 4224 3533 4289 ι).
3554 4242 3582 4271 ››
3602 4220 3706 4277 Vel

2056 4309 2361 4378 propterea
2409 4305 2739 4378 appellatur
2786 4305 2926 4375 filia,
2961 4308 3103 4380 quia
3134 4326 3169 4364 a
3201 4310 3444 4365 Domino
3492 4327 3704 4367 nomen

2056 4394 2357 4450 ﬁliationis
2378 4394 2619 4466 accepit,
2632 4397 2802 4467 juxta
2823 4398 2979 4468 quod
3000 4397 3258 4453 Joannes
3279 4398 3422 4453 dicit
3444 4415 3495 4453 τα
3522 4401 3703 4465 Quot—

2056 4487 2199 4556 quot
2218 4487 2559 4557 receperunt
2578 4500 2735 4547 eum,
2756 4483 2918 4538 dedit
2942 4484 3027 4540 eis
3057 4489 3404 4556 potestatem
3428 4485 3579 4542 filios
3601 4487 3702 4543 Dei

290 4584 411 4627 non
444 4571 542 4627 det
578 4570 836 4628 inimicis
875 4572 1073 4629 cibum
1115 4572 1399 4642 ﬁdelium,
1436 4574 1773 4633 manifestat
1807 4594 1941 4634 cum
1971 4589 2020 4654 D
2057 4572 2179 4629 ﬁeri
2213 4574 2395 4646 (Joan.
2420 4572 2518 4642 1).»
2545 4571 2743 4639 Dicite,
2768 4571 2985 4644 inquit,
3010 4572 3169 4644 Sion,
3202 4573 3259 4628 id
3286 4578 3376 4630 est
3394 4575 3700 4647 primitiva

290 4659 439 4716 dicit
468 4677 481 4716 :

362 4770 392 4799 «
416 4749 564 4815 Quia
584 4750 685 4822 qui
713 4755 1072 4823 congregant
1100 4749 1270 4819 illud,
1293 4774 1321 4801 »
1344 4752 1629 4809 subaudis
1658 4754 1940 4825 triticum,

290 4857 323 4890 ‹‹
337 4839 649 4895 comedent
666 4837 811 4894 illud
823 4885 837 4908 ,
850 4844 907 4896 et
924 4840 1253 4895 laudabunt
1274 4840 1589 4896 Dominum
1613 4842 1942 4901 Creatorem

285 4943 465 4984 suum
493 4943 506 4981 :
531 4930 588 4982 et
617 4927 716 4999 qui
760 4931 1128 5001 comportant
1166 4927 1380 4997 illud,»
1403 4930 1688 4987 subaudis
1714 4932 1939 5001 vinum,

288 5039 311 5066 ι
349 5016 554 5071 bibent
592 5015 651 5071 in
695 5016 859 5072 atriis
909 5017 1132 5073 sanctis
1180 5017 1349 5085 meis,
1376 5043 1397 5071 ι
1436 5018 1544 5075 hoc
1575 5018 1832 5091 quotidie
1880 5021 1941 5077 in

281 5106 492 5160 sancta
520 5103 781 5160 Ecclesia
811 5122 879 5160 ex
928 5109 1094 5177 parte
1124 5106 1468 5179 completur,
1488 5110 1544 5163 et
1573 5125 1641 5163 ex
1687 5112 1850 5180 parte
1881 5110 1940 5167 in

278 5195 499 5247 aterna
527 5191 1029 5259 beatitudine.Qui
1063 5196 1201 5248 sunt
1230 5192 1348 5261 isti,
1373 5196 1473 5266 qui
1501 5202 1857 5271 congregant
1885 5203 1943 5255 et

282 5278 384 5351 qui
421 5282 794 5352 comportant
822 5279 1106 5352 triticum,
1129 5284 1186 5336 et
1209 5281 1309 5353 qui
1340 5282 1541 5338 bibent
1572 5284 1631 5338 in
1653 5285 1818 5341 atriis
1838 5287 1943 5342 Do-

280 5364 453 5432 mini,
470 5365 529 5421 id
546 5369 636 5421 est
652 5366 712 5421 in
731 5366 1067 5424 diversoriis
1084 5367 1391 5425 Ecclesia?
1407 5370 1694 5442 Episcopi,
1710 5374 1941 5447 presby-

278 5454 415 5523 teri,
432 5453 728 5523 diacones,
750 5455 1160 5525 subdiacones,
1187 5474 1507 5530 omnesque
1530 5458 1781 5513 ministri
1805 5461 1945 5516 alta~

281 5540 387 5613 ris,
407 5542 514 5614 qui“
543 5550 901 5616 congregant
923 5548 981 5600 et
1011 5546 1335 5617 portant,id
1367 5550 1455 5603 est
1480 5545 1578 5618 qui
1614 5555 1942 5618 praparant

282 5635 344 5688 et
376 5635 721 5688 consecrant
751 5648 962 5704 corpus
992 5637 1049 5688 et
1081 5634 1427 5706 sanguinem
1475 5635 1726 5703 Domini,
1760 5640 1816 5691 et
1848 5656 1939 5694 co-

2052 4661 2339 4718 Ecclesia.
2376 4662 2502 4716 Hac
2532 4678 2659 4733 qua
2691 4659 2986 4729 dicuntur,
3005 4662 3077 4717 ad
3110 4663 3434 4718 secundum
3467 4663 3699 4720 Domini

2054 4752 2369 4807 adventum
2417 4749 2727 4823 pertinent.
2754 4772 2781 4799 ‹‹
2815 4749 2961 4805 Ecce
2998 4750 3254 4807 salvator
3290 4755 3429 4808 tuus
3465 4752 3643 4821 venit,
3667 4775 3696 4804 »

2053 4857 2157 4912 pro
2186 4857 2252 4896 eo
2283 4839 2438 4911 quod
2470 4843 2559 4894 est
2578 4839 2770 4894 veniet
2800 4836 2859 4893 in
2882 4838 2975 4894 die
2997 4839 3208 4911 judicii
3229 4856 3364 4896 cum
3395 4840 3619 4914 angelis
3641 4846 3701 4897 et

2050 4929 2439 5002 archangelis,
2466 4922 2859 5000 omnibusque
2888 4928 3206 4986 virtutibus
3237 4929 3536 4986 calorum.
3554 4931 3699 4988 Ecce

2052 5036 2273 5074 merces
2293 5020 2421 5090 ejus
2443 5035 2578 5073 cum
2600 5035 2685 5087 eo,
2712 5021 2776 5074 ut
2796 5022 3127 5075 remuneret
3145 5019 3359 5076 electos
3381 5023 3439 5076 et
3459 5020 3699 5077 damnet

2051 5108 2345 5180 reprobos.
2369 5108 2439 5162 Et
2457 5124 2607 5179 opus
2626 5107 2755 5177 ejus
2776 5124 2971 5163 coram
2995 5106 3116 5175 illo,
3143 5109 3199 5164 id
3221 5113 3310 5164 est
3335 5111 3594 5181 potestas
3604 5110 3697 5182 ju-

2050 5196 2279 5252 dicandi
2312 5196 2374 5250 in
2406 5200 2724 5268 conspectu
2753 5195 2933 5252 illius.
3060 5254 3065 5258 ,

2121 5308 2147 5335 ‹‹
2179 5286 2251 5340 Et
2277 5285 2571 5340 vocabunt
2608 5301 2727 5353 eos,
2755 5308 2782 5335 »
2816 5286 3102 5341 subaudis
3147 5287 3247 5359 qui
3298 5287 3692 5357 crediderunt,

2050 5397 2077 5424 «
2101 5373 2380 5447 populum
2408 5376 2700 5441 sanctum,
2725 5374 3093 5447 redemptum
3114 5392 3148 5430 a
3168 5376 3468 5433 Domino.»
3490 5374 3695 5449 Angeli

2049 5466 2106 5517 et
2123 5454 2373 5534 ’apostoli
2396 5458 2609 5532 aliique
2632 5461 2897 5517 doctores
2917 5465 3353 5535 congaudentes
3371 5466 3456 5521 eis
3471 5465 3570 5538 qui
3593 5482 3696 5537 per

2049 5567 2249 5607 eorum
2274 5548 2741 5621 praedicationem
2766 5549 3157 5619 crediderunt,
3170 5556 3461 5611 vocabunt
3480 5572 3578 5611 eos
3598 5571 3696 5627 p0-

2053 5639 2256 5713 pulum
2283 5640 2575 5709 sanctum,
2600 5636 2966 5719 redemptum
2990 5656 3024 5695 a
3045 5640 3312 5700 Domino.
3337 5647 3547 5703 Beatus
3569 5644 3696 5703 Hie-
