4106 6190
405 311 551 378 1051

773 312 1182 376 HAYMONIS
1227 307 1770 370 HALBERSTAT.
1816 303 2065 367 EPISC.
2109 305 2284 368 OPP.
2331 308 2530 374 PARS
2574 310 2623 372 Ι.
2671 345 2748 357 —-
2790 311 3195 376 COMMENT.
3241 311 3437 375 BIBL.

3657 313 3815 377 1062

402 463 683 521 ronymus
705 446 848 504 dicit
866 445 924 502 in
948 443 1185 500 Hebraeo
1210 442 1411 499 haberi
1442 440 1724 516 populum
1757 457 1933 497 suum
1966 457 2050 496 re-
2074 435 2132 506 Α
2153 415 2221 496 in
2249 439 2376 498 loco
2405 443 2587 501 Edom
2618 462 2734 502 non
2757 463 2861 519 pro
2894 463 3144 519 persona
3171 445 3352 515 illius,
3375 447 3478 504 sed
3501 463 3609 520 pro
3634 445 3814 506 inter-

402 537 730 610 demptum,
757 537 911 592 sicut
940 551 1046 590 nos
1068 535 1194 606 jam
1217 533 1442 589 dictum
1475 533 1786 598 habemus,
1813 533 1914 588 sed
1937 531 2061 604 qui-

399 629 534 684 dam
568 625 796 682 codices
827 623 1048 679 habent
1079 622 1330 696 populus
1361 626 1601 678 sanctus
1632 627 1688 678 et
1713 622 2000 693 redempti
2023 639 2058 678 a

399 713 852 784 Domino,juxta
875 713 1029 786 quod
1053 713 1148 767 hic
1171 713 1280 768 erit
1299 729 1510 767 sensus
1527 729 1538 765 :
1554 711 1812 783 Apostoli
1838 710 2056 783 aliique

397 805 666 860 doctores
688 803 982 858 vocabunt
1011 819 1109 857 eos
1137 801 1236 874 qui
1269 801 1629 856 crediderint
1659 801 1957 868 dicentes:
1989 803 2053 855 tu

398 910 462 950 es
484 891 736 966 pepulus
757 895 1020 956 sanctus,
1039 895 1095 945 et
1113 908 1216 946 vos
1247 890 1389 946 estis
1420 891 1514 944 red
1525 889 1704 960 empti
1730 906 1764 943 a
1789 887 2048 943 Domino.

398 983 510 1040 Sed
541 981 814 1036 hebraica
844 979 1056 1035 veritas
1083 979 1340 1051 apertior
1358 983 1415 1033 et
1437 977 1661 1033 facilior
1690 977 1802 1032 isto
1833 977 1891 1031 in
1925 975 2050 1031 loco

399 1071 667 1126 habetur.
692 1093 720 1119 «
755 1070 840 1124 Tu
877 1072 1130 1130 autem,»
1154 1086 1186 1122 o
1210 1067 1488 1132 Ecclesia,
1515 1090 1541 1115 ‹‹
1569 1064 1864 1120 vocaberis
1885 1083 2046 1136 qua:-

397 1163 513 1216 sita
541 1159 766 1224 civitas,
789 1180 816 1208 ››
843 1157 1130 1212 subaudis
1159 1174 1193 1210 a
1223 1157 1359 1220 Deo,
1385 1179 1409 1204 «
1445 1159 1502 1209 ct
1540 1172 1655 1208 non
1697 1153 1992 1208 derelicta.
2019 1177 2046 1205 »

398 1250 802 1321 Nequaquam,
821 1244 1030 1316 inquit,
1045 1244 1343 1298 vocaberis
1365 1242 1565 1297 civitas
1586 1242 1861 1298 derelicta
1881 1261 1914 1297 a
1938 1247 2047 1298 Deo

398 1337 553 1394 sicut
598 1335 917 1407 quondam,
960 1333 1061 1387 sed
1115 1331 1414 1386 vocaberis
1469 1331 1672 1387 civitas
1721 1331 1966 1404 quaesita
2014 1350 2048 1388 a

397 1423 653 1489 Christo,
683 1425 740 1477 et
768 1421 898 1492 ejus
947 1419 1230 1491 sanguine
1277 1421 1598 1492 redempta.
1632 1421 1712 1476 De
1741 1437 1858 1492 qua
1905 1420 2048 1478 dicit

400 1511 682 1568 Dominus
741 1509 799 1564 in
857 1507 1166 1582 Evangelio
1201 1525 1214 1562 :
1251 1532 1280 1558 «
1321 1508 1493 1564 Venit
1551 1507 1731 1565 Filius
1787 1509 2045 1567 hominis

398 1615 656 1674 quaerere
685 1603 742 1654 et
771 1597 993 1654 salvare
1023 1598 1180 1669 quod
1225 1598 1475 1670 perierat
1501 1599 1654 1667 (Luc.
1689 1601 1748 1666 ι).
1779 1621 1806 1648 ››
1832 1601 1903 1654 Et
1931 1599 2046 1656 ista

395 1693 485 1745 est
515 1686 638 1744 ovis
678 1685 767 1744 vel
815 1685 1040 1756 civitas,
1074 1704 1253 1758 quam
1302 1691 1504 1760 pastor
1549 1688 1739 1744 bonus
1787 1705 2046 1760 quaerere

394 1775 572 1834 venit.

987 1865 1220 1921 CAPUT
1262 1865 1452 1921 LXIII.
1515 1885 1530 1908 ι

469 1979 497 2008 ‹‹
521 1956 662 2023 Quis
683 1959 770 2011 est
803 1955 911 2011 iste
940 1953 1042 2026 qui
1063 1953 1221 2010 venit
1241 1955 1311 2010 de
1331 1955 1536 2022 Edom,
1561 1956 1761 2012 tinctis
1781 1958 2045 2014 vestibus

395 2047 466 2102 de
497 2045 718 2102 Bosra?
751 2045 864 2100 Iste
893 2044 1187 2100 formosus
1227 2044 1286 2098 in
1331 2044 1482 2100 stola
1524 2062 1650 2112 sua,
1683 2047 1958 2118 gradiens
1984 2047 2041 2102 in

396 2134 778 2190 multitudine
803 2132 1036 2188 virtutis
1075 2150 1214 2190 sua}.
1243 2131 1578 2205 nAngelicaa
1621 2135 1888 2205 quaedam
1941 2153 2042 2206 po-

396 2229 637 2282 testates
669 2223 728 2278 in
767 2222 910 2279 cmlo
951 2223 1293 2289 residentes,
1323 2221 1658 2292 ignorantes
1697 2223 2041 2296 mysterium

394 2313 710 2371 Dominicis
743 2311 1084 2378 nativitatis,
1123 2310 1430 2382 passionis,
1465 2313 1932 2382 resurrectionis,
1955 2331 2044 2369 as-

393 2401 806 2472 censionisque
835 2400 984 2470 ejus,
1014 2415 1148 2455 cum
1177 2398 1461 2454 vidissent
1491 2400 1807 2456 Dominum
1839 2419 2040 2458 ascen-

395 2491 531 2548 dere
550 2489 621 2545 ad
648 2505 892 2561 superos
908 2504 1042 2542 cum
1065 2485 1443 2542 multitudine
1465 2487 1803 2559 angelorum
1825 2493 1883 2544 et
1905 2506 2039 2545 san-

393 2583 623 2635 ctorum
656 2576 984 2642 hominum,
1009 2579 1066 2630 et
1085 2593 1200 2631 non
1232 2591 1400 2648 egere
1425 2575 1640 2632 auxilio
1663 2576 1914 2648 alicujus
1945 2595 2043 2634 an-

393 2667 680 2742 gelorum,
713 2667 813 2722 sed
845 2664 1080 2739 propria
1108 2663 1322 2721 virtute
1365 2682 1543 2738 super
1570 2665 1769 2721 omnia
1804 2666 2042 2740 agmina

393 2757 672 2813 caelorum
705 2755 1116 2820 conscendere,
1145 2755 1403 2810 conversi
1458 2754 1516 2808 in
1565 2755 2039 2824 admirationem,

393 2845 686 2918 quomodo
716 2843 814 2899 ille
845 2841 944 2915 qui
987 2847 1139 2898 Deus
1170 2843 1523 2898 adorabatur
1560 2843 1618 2898 in
1667 2844 1830 2910 coelo,
1862 2844 2039 2900 homo

394 2934 583 2990 factus
613 2936 672 2988 et
701 2935 971 2987 mortuus
997 2931 1354 3004 resurgendo
1387 2948 1502 2986 non
1533 2931 1722 2987 solum
1756 2931 1867 2988 sibi
1899 2933 2038 3000 Deo,

391 3023 493 3078 sed
517 3021 692 3078 etiam
715 3020 944 3077 cunctis
964 3023 1104 3076 tunc
1125 3020 1596 3088 ascendentibus,
1611 3023 1667 3075 et
1690 3025 1891 3092 postea
1911 3038 2040 3076 cre-

392 3110 670 3166 dentibus
681 3111 899 3181 januas
919 3107 1045 3164 caeli
1071 3108 1321 3165 celestis
1341 3109 1588 3180 aperuit,
1607 3109 1878 3164 dixerunt
1906 3108 2038 3166 aliis

392 3199 618 3271 angelis
647 3173 962 3254 Dominum
997 3173 1414 3254 comitantibus
1436 3213 1487 3252 ;‹‹
1511 3173 1652 3264 Quis
1681 3203 1771 3253 est
1802 3198 1913 3254 istc
1934 3199 2035 3270 qui
2066 3173 2110 3242 (ἶ

388 3286 547 3340 venit
566 3287 638 3339 de
658 3286 865 3354 Edom,
878 3285 1080 3339 tinctis
1101 3287 1364 3341 vestibus
1380 3287 1450 3341 de
1467 3287 1646 3342 Bosra
1659 3287 1688 3342 ?
1701 3287 1874 3343 n'l‘ale
1893 3287 2035 3360 quid

391 3374 449 3424 et
469 3368 779 3424 Psalmista
792 3385 861 3423 ex
881 3386 1131 3440 persona
1143 3371 1484 3425 eorumdem
1501 3372 1841 3444 angelorum
1857 3373 2032 3430 dicit:

390 3479 421 3507 ‹‹
445 3457 587 3524 Quis
616 3460 707 3513 est
736 3456 845 3512 iste
877 3473 974 3512 rex
1009 3455 1204 3528 gloriae
1237 3458 1408 3526 (Psal.
1439 3458 1678 3528 xxiii)?»
1701 3461 1811 3515 Sed
1843 3459 2034 3516 consi-

390 3545 686 3602 derandus
715 3549 804 3600 est
850 3542 1050 3599 istoin
1079 3543 1205 3600 loco
1243 3543 1440 3599 varius
1479 3561 1670 3600 sermo
1709 3545 2033 3602 doctorum.

390 3634 604 3690 Beatus
651 3633 947 3706 siquidem
996 3633 1363 3706 Augustinus
1407 3631 1465 3686 in
1495 3632 1854 3704 expositione
1902 3633 2036 3690 libri

389 3724 679 3780 Genescos
699 3723 860 3791 dicit,
885 3723 1040 3796 quod
1063 3738 1269 3778 omnes
1289 3721 1480 3794 angeli
1508 3721 1709 3777 statim
1731 3725 1797 3778 ut
1816 3722 2036 3778 conditi

388 3816 546 3877 sunt,
570 3815 965 3884 cognoverunt
1002 3809 1061 3864 in
1105 3808 1596 3882 contemplatione
1625 3810 1913 3867 Creatoris
1943 3811 2036 3867 sui

388 3899 676 3974 quidquid
697 3898 823 3972 ipse
843 3899 1080 3955 Creator
1099 3899 1360 3954 facturus
1380 3901 1522 3954 erat.
1543 3899 1810 3955 Attamen
1831 3900 2036 3956 beatus

391 3989 774 4061 Hieronymus
807 3993 1005 4061 aperte
1037 3987 1296 4042 declarat
1325 3986 1463 4060 quia
1491 3988 1730 4043 fuerunt
1761 3987 2035 4060 angelicae

387 4078 706 4150 dignitates
729 4095 856 4149 qua:
879 4078 1062 4132 donec
1083 4077 1457 4148 perficeretur
1477 4076 1819 4148 mysterium
1842 4077 2036 4132 incar-

389 4165 646 4221 nationis
679 4169 738 4220 et
769 4164 1061 4236 passionis
1092 4165 1328 4232 Christi,
1362 4166 1433 4220 ad
1463 4164 1758 4237 liquidum
1790 4184 1904 4222 non
1935 4185 2036 4223 co-

389 4251 894 4326 gnoverunt,sicut
909 4252 1183 4323 superius
1195 4253 1322 4322 jam
1339 4253 1792 4310 diximus.Verbi
1811 4256 2033 4328 gratia:

389 4339 553 4398 Sicut
581 4343 638 4397 et
667 4357 774 4396 nos
811 4339 881 4396 de
921 4340 1015 4396 die
1053 4339 1264 4412 judicii
1297 4358 1366 4395 ex
1398 4346 1559 4412 parte
1605 4344 2034 4415 cognoscimus,

390 4447 517 4503 quae
547 4429 629 4485 ibi
662 4432 912 4503 agentur
957 4446 1060 4502 per
1106 4427 1514 4484 revelationem
1547 4434 1882 4486 sanctorum
1928 4448 2036 4502 pa-

2167 531 2493 602 pretatione
2521 534 2780 591 nominis
2809 536 3062 608 positum
3095 539 3206 602 est,
3227 534 3381 592 sicut
3403 539 3462 592 et
3489 536 3671 594 Bosra
3699 554 3814 594 non

2165 635 2270 690 pro
2300 620 2446 689 loco,
2470 625 2568 679 sed
2595 641 2698 696 pro
2720 623 3196 694 interpretatione
3225 623 3501 682 nominis.
3525 625 3817 700 Interpre-

2163 711 2324 764 tatur
2351 713 2546 766 autem
2601 713 2781 768 Bosra
2825 715 3040 769 munita
3069 713 3156 769 vel
3203 715 3388 785 ﬁrma,
3415 717 3474 770 et
3519 714 3819 787 signiﬁcat

2161 796 2249 852 vel
2277 798 2570 855 infernum
2595 800 2691 855 ubi
2715 800 2929 857 clausae
2950 805 3090 857 sunt
3111 801 3320 857 animos
3343 806 3735 871 mortuorum,
3757 808 3819 860 et

2161 887 2255 941 cui
2279 887 2524 943 adhibiti
2544 893 2684 944 sunt
2705 890 3031 946 ﬁrmissimi
3051 891 3344 946 custodes.
3360 894 3438 947 De
3453 908 3570 963 qua
3584 891 3817 948 civitate

2160 975 2304 1030 dicit
2337 975 2650 1033 Psalmista
2683 994 2748 1034 ;‹‹
2785 978 2926 1044 Quis
2957 979 3206 1034 deducet
3249 995 3344 1034 me
3399 979 3459 1035 in
3519 979 3815 1035 civitatem

2161 1064 2448 1120 munitam
2473 1065 2642 1137 (Psal.
2669 1065 2817 1136 Lix)?
2839 1088 2866 1115 »
2887 1065 2990 1122 Vel
3021 1066 3201 1122 etiam
3224 1067 3519 1140 significat
3547 1067 3818 1124 Hierusa-

2157 1151 2272 1207 lem
2306 1156 2761 1226 tcrrenam,quae
2786 1153 3145 1210 firmissimis
3172 1154 3360 1210 muris
3393 1155 3506 1210 fuit
3535 1158 3672 1210 ante
3699 1154 3812 1211 cir-

2157 1243 2432 1298 cumdata
2461 1243 2520 1297 in
2553 1261 2669 1316 qua
2707 1259 2920 1316 passus
2951 1247 3040 1298 est
3077 1242 3381 1300 Dominus.
3404 1243 3588 1315 Cujus
3616 1245 3812 1299 nomi-

2157 1331 2250 1386 nis
2274 1331 2684 1412 etymologiam
2715 1333 2996 1388 llomerus
3017 1331 3268 1388 eximius
3287 1335 3458 1405 poeta
3475 1332 3810 1389 Grecorum

2154 1437 2468 1492 exponens,
2505 1422 2660 1478 sicut
2711 1420 3007 1492 Josephus
3060 1425 3282 1487 narrat,
3306 1420 3392 1476 ita
3446 1419 3596 1476 dixit
3652 1421 3810 1493 quod

2155 1509 2357 1580 ierom,
2384 1527 2418 1566 a
2447 1527 2564 1582 quo
2596 1508 2980 1577 Hierusalem,
3015 1507 3438 1581 interpretatur
3472 1510 3692 1565 munita
3718 1509 3810 1565 vel

2151 1599 2334 1670 ﬁrma.
2359 1601 2652 1666 Quantum
2674 1613 2808 1654 vero
2831 1598 2904 1653 ad
2935 1596 3192 1653 litteram
3219 1597 3492 1670 pertinet,
3511 1597 3694 1654 Bosra
3719 1597 3808 1653 ci-

2150 1687 2303 1743 vitas
2324 1704 2512 1760 neque
2537 1687 2596 1742 in
2624 1691 2780 1744 terra
2810 1685 3285 1760 repromissionis
3310 1700 3501 1759 neque
3531 1685 3594 1742 in
3623 1685 3808 1742 Edom

2072 1809 2121 1872 B
2153 1775 2266 1872 sitit
2285 1775 2528 1872 fuit_,_sed
2544 1775 2604 1831 in
2630 1775 2822 1872 Moab.
2845 1775 3218 1872 Interrogant
3242 1791 3380 1872 ergo
3400 1774 3670 1872 quedam
3701 1792 3807 1872 an-

2153 1864 2350 1938 gelica:
2369 1865 2712 1938 dignitates,
2728 1864 2861 1922 illos
2881 1862 3224 1938 angelorum
3245 1864 3453 1920 choros
3473 1862 3577 1928 qui
3603 1863 3808 1920 Domi-

2154 1970 2296 2008 num
2345 1953 2820 2009 comitabantur:
2844 1976 2872 2003 «
2898 1951 3040 2020 Quis
3085 1957 3178 2008 est
3205 1951 3317 2009 iste
3345 1952 3444 2025 qui
3477 1969 3612 2009 cum
3642 1956 3806 2010 tanto

2151 2040 2407 2097 exercitu
2426 2041 2585 2098 venit
2605 2042 2676 2097 de
2688 2041 3046 2109 Edomphoc
3057 2041 3231 2098 estde
3250 2045 3482 2097 terreno
3492 2045 3551 2096 et
3564 2045 3806 2098 cruento

2151 2129 2442 2186 mundo?«
2463 2131 2532 2186 Et
2551 2129 2750 2186 tinctis
2768 2129 3054 2195 vestibus,
3064 2151 3092 2178 ››
3117 2129 3174 2184 id
3197 2133 3288 2185 est
3303 2129 3597 2202 corporeis
3617 2146 3802 2185 mem-

2151 2219 2274 2275 bris
2298 2241 2327 2270 «
2348 2219 2503 2275 venit
2523 2219 2596 2275 de
2621 2220 2854 2288 Bosra,»
2879 2217 2938 2274 id
2959 2222 3052 2275 est
3073 2219 3144 2275 de
3173 2218 3401 2274 munita
3419 2217 3654 2275 civitate
3673 2219 3804 2274 Hie-

2151 2306 2407 2363 rusalem
2431 2307 2531 2362 ubi
2554 2325 2768 2380 passus
2787 2307 3000 2375 est,vel
3023 2308 3094 2363 de
3123 2306 3352 2363 inferno
3381 2307 3452 2363 de
3485 2323 3602 2380 quo
3619 2307 3802 2364 victor

2149 2394 2326 2450 exiit?
2341 2395 2464 2450 Non
2485 2396 2638 2469 quod
2659 2395 2842 2453 tincta
2859 2395 2980 2452 sive
2997 2412 3266 2468 respersa
3281 2395 3547 2452 membra
3561 2395 3804 2453 haberet

2147 2501 2217 2538 ex
2237 2482 2654 2556 sanguine,qui
2676 2484 2937 2540 manavit
2954 2501 3023 2540 ex
3045 2483 3226 2540 latere
3240 2487 3300 2540 et
3321 2482 3465 2540 locis
3479 2482 3799 2551 clavorum,

2149 2573 2250 2629 sed
2273 2589 2376 2644 pro
2396 2571 2768 2634 cicatricibus
2787 2589 2915 2646 quae
2936 2573 3129 2629 adhuc
3150 2572 3434 2645 parebant
3461 2571 3524 2627 in
3555 2589 3797 2645 corpore

2148 2661 2331 2718 illius.
2347 2649 2677 2718 Persistunt
2696 2661 2871 2718 etiam
2895 2662 2954 2716 in
2975 2679 3085 2718 sua
3105 2661 3492 2717 admiratione
3513 2659 3800 2733 angeli,et

2149 2751 2514 2823 interrogant
2535 2749 2822 2806 dicentes:
2840 2750 2953 2806 Iste
2975 2751 3270 2806 formosus
3288 2749 3346 2804 in
3370 2749 3522 2805 stola
3537 2766 3666 2817 sua,
3681 2749 3800 2805 sive

2149 2839 2410 2912 pulcher,
2436 2838 2568 2911 quis
2600 2841 2689 2894 est
2716 2838 2991 2912 gradiens
3013 2839 3074 2894 in
3096 2837 3475 2893 multitudine
3505 2835 3799 2893 fortitudi-

2149 2927 2242 2985 nis
2271 2928 2428 2984 suae?
2455 2929 2535 2984 Ac
2564 2927 2615 2984 si
2645 2927 2907 2984 dicerent
2942 2926 3077 2984 aliis
3113 2925 3344 2983 verbis:
3379 2926 3523 2993 Quis
3558 2929 3652 2982 est
3688 2926 3800 2982 iste

2147 3017 2442 3073 formosus
2469 3020 2526 3072 et
2545 3019 2666 3071 tam
2689 3015 2934 3072 decorus
2958 3015 3018 3070 in
3041 3013 3192 3072 stola
3213 3031 3342 3082 sua,
3367 3013 3480 3070 hoc
3501 3017 3594 3070 est
3612 3014 3672 3070 in
3695 3014 3796 3070 ha-

2146 3105 2272 3162 bitu
2297 3103 2684 3161 humanitatis
2704 3121 2825 3160 suae
2843 3103 3140 3176 gradiens,
3164 3102 3252 3160 vel
3275 3102 3600 3160 ascendens
3621 3119 3798 3174 super

2147 3211 2354 3252 omnes
2399 3192 2598 3260 oculos,
2620 3192 2678 3248 in
2717 3192 3097 3250 multitudine
3133 3190 3366 3248 virtutis
3404 3207 3544 3256 suae,
3579 3191 3702 3246 sive
3737 3191 3796 3246 in

2145 3282 2510 3355 plenitudine
2531 3279 2853 3338 divinitatis
2883 3297 3022 3348 sum,
3045 3280 3370 3337 ascendens
3393 3295 3571 3354 super
3599 3279 3798 3335 omnia

2146 3371 2384 3444 agmina
2411 3369 2691 3426 ccelorum
2722 3368 2849 3425 sine
2875 3368 3092 3426 auxilio
3125 3367 3378 3440 alicujus
3407 3365 3752 3442 angelorum
3769 3367 3797 3423 Τ

2147 3461 2261 3516 Iste
2291 3463 2382 3516 est
2411 3459 2724 3524 formosus,
2743 3456 2838 3514 cui
2867 3457 3015 3513 dixit
3045 3456 3360 3514 Psalmista
3390 3473 3452 3512 ;‹‹
3483 3456 3796 3528 Speciosus

2145 3549 2334 3604 forma
2364 3565 2478 3620 prae
2512 3547 2650 3602 filiis
2680 3546 2988 3602 hominum
3021 3546 3195 3617 (Psal.
3219 3545 3428 3617 xuv).»
3452 3545 3795 3601 Formosum

2145 3635 2416 3692 dicebant
2468 3635 2696 3708 antiqui
2751 3634 3028 3703 calidum,
3064 3634 3220 3690 unde
3277 3635 3570 3689 formosus
3627 3632 3795 3705 quasi

2145 3724 2393 3792 calidus,
2417 3741 2484 3780 eo
2505 3723 2662 3796 quod
2684 3740 2754 3780 ex
2772 3722 2966 3779 calore
2985 3721 3350 3778 rubicundus
3369 3720 3584 3778 existat
3611 3721 3796 3776 instar

2145 3830 2434 3870 rosarum.
3047 3806 3056 3818 '

2217 3925 2246 3952 «
2281 3903 2395 3975 Ego
2425 3901 2526 3974 qui
2555 3901 2764 3973 loquor
2793 3899 3112 3972 justitiam,
3144 3903 3202 3955 et
3231 3901 3633 3972 propugnator
3661 3915 3794 3954 sum

2145 3993 2217 4047 ad
2249 3990 2615 4046 salvandum.
2643 4011 2670 4038 n
2690 3989 2929 4062 Angelis
2957 3987 3289 4044 tacentibus
3318 3987 3420 4060 qui
3451 3985 3790 4060 interrogati

2146 4079 2398 4144 fuerant,
2421 4069 2556 4150 quis
2585 4081 2742 4134 esset
2766 4077 2868 4149 qui
2889 4075 3126 4149 propria
3155 4075 3500 4132 fortitudine
3528 4075 3796 4131 ascende-

2146 4168 2246 4223 bat
2265 4167 2337 4222 dc
2359 4171 2588 4222 terreno
2605 4169 2662 4221 et
2681 4169 2923 4222 cruento
2945 4165 3166 4220 mundo
3183 4180 3361 4238 super
3375 4179 3584 4219 omnes
3599 4162 3794 4229 caelos,

2147 4255 2265 4312 illis
2282 4255 2460 4311 etiam
2478 4270 2826 4326 responsum
2845 4270 2960 4310 non
2974 4252 3356 4310 reddentibus
3367 4251 3469 4325 qui
3480 4251 3796 4308 Dominum

2147 4343 2598 4411 comitabantur,
2634 4342 2938 4414 respondit
2978 4341 3105 4415 ipse
3135 4341 3439 4410 Dominus,
3471 4341 3749 4414 inquiens
3777 4353 3792 4393 :

2145 4431 2338 4488 Vultis
2359 4430 2508 4488 scire
2529 4429 2662 4504 quis
2683 4429 2798 4486 sim
2821 4445 2927 4504 ego
2940 4429 3000 4485 ?«
3023 4431 3142 4503 Ego
3164 4446 3295 4486 sum
3317 4427 3412 4485 cui
3439 4429 3610 4484 Pater
3628 4443 3797 4484 omne

389 4522 643 4587 trum,et
663 4535 731 4574 ex
750 4521 912 4590 parte
933 4517 1295 4591 ignoramus.
1317 4518 1426 4573 Sed
1453 4521 1651 4573 utrum
1673 4517 2034 4592 incognitum
2071 4538 2116 4602 Ι)
2137 4520 2432 4594 judicium
2457 4519 2873 4593 dedit(loan).»
2889 4520 3066 4576 Juxta
3095 4519 3252 4592 quod
3281 4517 3597 4576 Psalmista
3615 4516 3794 4573 dicit:

389 4606 510 4662 illis
541 4606 715 4662 fuerit
742 4623 814 4662 an
853 4624 990 4675 non,
1011 4605 1180 4662 nobis
1202 4623 1314 4662 non
1339 4610 1430 4662 est
1459 4605 1714 4679 amplius
1739 4605 2038 4679 inquiren-

391 4697 554 4762 dum,
580 4695 690 4751 nisi
717 4695 871 4768 quod
896 4695 1180 4751 Dominus
1211 4695 1334 4768 ipse
1366 4694 1740 4752 manifestare
1765 4695 2044 4770 dignatus

391 4788 501 4841 est.
529 4783 767 4841 Occulta
795 4783 952 4840 enim
984 4785 1114 4856 ejus
1145 4788 1284 4839 sunt
1303 4784 1778 4856 judicia.Tamen
1803 4783 1910 4841 hoc
1943 4787 2040 4841 ﬁr-

393 4874 566 4930 miter
593 4877 883 4941 tenemus,
910 4873 1049 4946 quia
1079 4873 1362 4946 propheta
1393 4873 1736 4930 admirando
1766 4874 1877 4931 hoc
1907 4891 2039 4948 pro-

393 4963 530 5020 tulit
548 4980 616 5019 ex
639 4978 888 5035 persona
907 4961 1143 5018 illorum
1165 4959 1635 5033 angelorum,qui
1655 4962 1798 5019 caelo
1831 4964 2043 5020 reside-

394 5051 556 5119 bant,
581 5050 857 5123 inquiens
881 5067 928 5106 ;‹‹
953 5049 1094 5117 Quis
1115 5053 1206 5106 est
1234 5049 1345 5106 iste
1366 5049 1466 5122 qui
1485 5050 1644 5105 venit
1663 5051 1733 5106 de
1763 5051 1944 5108 Edom
1959 5052 1988 5107 ?
2006 5075 2036 5104 »

391 5143 575 5198 Edom
599 5140 723 5213 ipse
743 5143 833 5195 est
855 5140 1027 5208 Esau,
1050 5139 1173 5211 ipse
1193 5142 1283 5194 est
1303 5137 1708 5194 Seir.Vocatus
1731 5144 1822 5194 est
1840 5145 2036 5196 autem

392 5231 572 5286 Edom
597 5229 670 5284 ab
691 5227 886 5284 edulio
909 5227 1102 5293 lentis,
1123 5231 1359 5300 propter
1377 5227 1532 5299 quod
1552 5227 1809 5283 vendidit
1828 5229 2040 5300 primo-

393 5320 589 5390 genita
610 5335 736 5374 sua.
761 5319 830 5372 Et
859 5317 1274 5389 interpretatur
1302 5317 1482 5372 Edom
1514 5323 1760 5373 terrenus
1789 5317 1874 5372 vel
1903 5335 2038 5373 san-

393 5410 624 5477 guineus
640 5406 760 5462 sive
775 5404 1347 5478 arueruus,signiﬁcat
1367 5405 1524 5461 hunc
1546 5407 1864 5476 mundum;
1883 5409 2038 5464 Esau

395 5510 528 5548 vero
560 5493 995 5566 interpretatur,
1019 5510 1276 5566 querceus
1327 5493 1411 5549 vel
1457 5493 1744 5562 roboreus;
1791 5495 1918 5552 Seir
1945 5497 2039 5552 hi-

418 5579 606 5652 pidus,
639 5581 694 5636 id
728 5586 818 5638 est
856 5583 1086 5656 pilosus.
1121 5583 1189 5638 Et
1225 5582 1334 5640 hoc
1365 5583 1707 5653 notandum,
1741 5583 1878 5659 quia
1927 5585 2038 5642 isto

2149 4634 2178 4661 ‹‹
2211 4611 2364 4667 Deus
2404 4608 2699 4681 judicium
2730 4611 2901 4664 tuum
2951 4606 3072 4681 regi
3113 4608 3189 4664 da
3219 4607 3392 4680 (Ρεαι.
3426 4607 3599 4677 un),
3627 4628 3656 4656 η
3685 4609 3795 4660 etc.

2148 4701 2267 4771 Ego
2297 4715 2430 4754 sum
2452 4696 2555 4770 qui
2573 4696 2783 4770 loquor
2803 4696 3122 4768 justitiam,
3146 4697 3396 4752 reddens
3419 4695 3594 4751 bonis
3624 4694 3797 4762 bona,

2139 4789 2165 4860 j
2174 4788 2323 4844 ustis
2343 4785 2602 4860 praemia,
2617 4785 2791 4842 malis
2810 4789 3008 4842 autem
3027 4788 3086 4840 et
3104 4784 3304 4857 impiis
3323 4783 3567 4850 mala,et
3586 4787 3799 4838 aeterna

2148 4875 2438 4950 supplicia
2448 4875 2620 4947 juxta
2639 4874 2794 4947 quod
2816 4873 3261 4930 merentur.Hoc
3283 4871 3548 4945 quotidie
3567 4869 3793 4946 implet,

2147 4963 2500 5040 generaliter
2525 4979 2660 5019 vero
2691 4962 2751 5018 in
2781 4961 2876 5018 die
2898 4961 3129 5034 judicii,
3147 4961 3289 5017 dum
3311 4957 3522 5016 dixerit
3549 4959 3788 5032 impiis;

2150 5075 2178 5104 «
2207 5049 2715 5120 lte,maledicti,in
2736 5049 2932 5122 ignem
2957 5053 3240 5106 aeternum
3255 5067 3270 5118 ;
3288 5071 3316 5098 »
3337 5048 3590 5120 etjustis
3613 5063 3664 5101 ;‹‹
3687 5045 3798 5102 Ve-

2146 5141 2286 5208 nite,
2318 5137 2606 5194 henedicti
2637 5137 2826 5194 Patris
2854 5137 2990 5206 mei,
3015 5137 3292 5210 percipite
3317 5151 3567 5210 regnum
3583 5133 3790 5206 (lauit.

2144 5231 2298 5298 xxv),
2323 5231 2433 5284 etc.
2457 5228 2528 5283 Et
2549 5243 2665 5283 non
2690 5224 2884 5282 solum
2912 5225 3122 5298 loquor
3139 5223 3462 5297 justitiam,
3485 5223 3590 5280 sed
3619 5223 3794 5277 etiam

2146 5320 2566 5390 propugnator,
2589 5314 2700 5370 hoc
2727 5303 2817 5370 est
2841 5313 3180 5382 debellator,
3204 5329 3338 5370 sum
3359 5312 3718 5375 demonum,
3739 5311 3796 5364 et

2145 5406 2414 5463 defensor
2442 5404 2514 5459 ad
2543 5401 2890 5459 salvandum
2921 5418 3108 5474 genus
3137 5401 3486 5456 humanum.

2219 5517 2248 5545 ‹‹
2268 5496 2457 5562 Quare
2478 5507 2614 5564 ergo
2636 5491 2879 5546 rubrum
2900 5495 2991 5546 est
3009 5491 3422 5546 indumentum
3442 5490 3674 5554 tuum,»
3687 5483 3790 5542 hoc

2146 5587 2238 5640 est
2265 5598 2478 5654 corpus
2506 5584 2699 5648 tuum,
2723 5601 2752 5628 ‹‹
2780 5581 2839 5635 et
2863 5578 3268 5647 vestimenta,»
3293 5573 3587 5634 subaudis
3615 5586 3788 5646 quam
