4106 6190
291 304 446 367 105⁸7

1347 306 1752 370 COMMENT.
1801 308 1880 367 IN
1925 306 2218 368 ISAIAM.
2253 309 2501 387 —-LlB.
2550 310 2655 370 IlI.

3538 320 3695 382 1058

288 441 503 493 xerunt
533 435 820 509 Spiritum
842 442 1115 493 sanctum
1145 438 1295 509 ejus,
1327 443 1386 494 et
1413 456 1728 495 conversus
1747 443 1837 494 est
1859 439 1943 494 eis
1968 442 2024 508 Ἀ
2053 438 2136 493 xit
2161 456 2260 495 eos
2289 439 2361 495 de
2392 439 2542 495 mari
2575 441 2772 497 Rubro
2798 455 2933 497 cum
2965 443 3302 513 pastoribus
3349 448 3543 520 gregis
3581 449 3695 518 sui,

289 527 353 583 in
385 526 719 593 inimicum,
744 530 803 581 et
828 525 956 599 ipse
986 527 1296 583 debellavit
1323 545 1422 585 eos
1446 552 1473 579 ››
1495 533 1630 585 ante
1651 545 1824 584 suum
1848 528 1946 583 ad-

289 620 532 673 ventum
564 631 599 670 a
617 615 865 672 diversis
885 616 1181 688 gentibus,
1196 621 1398 689 postea
1415 634 1548 673 vero
1560 634 1663 691 per
1674 618 1941 674 Romam.

291 704 454 769 Quod
489 702 635 758 dicit
654 702 988 758 afﬂixerunt
1007 703 1289 776 Spiritum
1322 708 1595 763 sanctum
1625 706 1775 777 ejus,
1798 708 1855 761 et
1884 703 1944 759 in

290 790 650 865 quibusdam
664 790 831 846 libris
843 790 1096 847 habetur
1106 792 1390 864 Spiritum
1403 794 1591 849 sancti
1603 792 1949 864 ejus,dupli—

293 880 437 939 eiter
457 884 652 954 potest
672 879 943 953 intelligi.
958 880 1018 936 Si
1031 880 1350 938 dixerimus
1371 882 1654 954 Spiritum
1676 885 1947 938 sanctum

290 973 442 1044 ejus,
475 971 546 1027 de
576 969 799 1043 Spiritu
830 974 1035 1026 sancto
1065 971 1176 1026 erit
1208 971 1675 1044 intelligendum,
1708 972 1780 1026 de
1830 986 1946 1042 quo

291 1059 437 1115 dicit
448 1057 734 1115 Dominus
761 1059 1070 1132 :«Rogabo
1088 1059 1314 1116 Patrem
1340 1064 1622 1126 meum,et
1639 1059 1821 1115 alium
1853 1076 1951 1132 pa-

290 1149 576 1205 racletum
607 1147 770 1203 dabit
798 1149 985 1217 vobis,
1010 1153 1077 1204 ut
1098 1153 1334 1205 maneat
1352 1149 1654 1206 vobiscum
1684 1149 1745 1205 in
1781 1153 1947 1205 teter-

293 1254 437 1294 num
469 1239 647 1309 (Joan.
669 1241 807 1308 xxv).
833 1260 861 1289 ››
886 1237 985 1294 Vel
1017 1239 1193 1295 etiam
1225 1244 1329 1312 per
1358 1243 1629 1295 sanctum
1663 1239 1947 1312 Spiritum

292 1328 423 1399 ejus
454 1344 774 1400 possumus
804 1327 1129 1401 intelligere
1159 1328 1489 1401 angelicum
1518 1328 1813 1401 spiritum,
1848 1328 1949 1400 qui

294 1416 679 1472 contristatus
709 1419 799 1471 est
820 1417 1056 1488 quando
1081 1417 1228 1473 vidit
1257 1434 1357 1473 eos
1378 1435 1413 1473 a
1442 1418 1559 1473 Deo
1579 1434 1684 1490 per
1701 1416 1949 1474 idolola-

293 1505 468 1562 triam
498 1504 786 1561 recedere.
818 1504 923 1561 Sin
955 1509 1153 1561 autem
1186 1505 1470 1579 Spiritum
1502 1510 1773 1562 sanctum
1820 1507 1949 1578 ejus

293 1594 767 1660 dixerimus,uno
798 1595 972 1649 modo
993 1594 1267 1668 spiritum
1293 1596 1439 1653 Mosi
1467 1596 1749 1652 debemus
1778 1595 1948 1651 intel-

293 1684 495 1757 llgere,
510 1699 686 1755 quem
716 1683 829 1755 ipsi
860 1684 1377 1752 contristaverunt,
1411 1685 1739 1741 secundum
1762 1684 1905 1741 illud
1932 1702 1945 1741 :

294 1798 321 1823 α
349 1774 420 1829 Et
445 1773 938 1830 exacerbaverunt
967 1774 1165 1830 Mosen
1196 1774 1255 1829 in
1307 1774 1535 1831 deserto
1566 1775 1737 1845 (Psal.
1771 1774 1881 1846 cv).
1920 1796 1948 1823 »

295 1861 402 1928 Qui
436 1863 594 1918 enim
626 1863 860 1933 justum
895 1862 1254 1931 contristrat,
1280 1863 1563 1936 Spiritum
1614 1864 1817 1935 utique
1847 1864 1948 1919 Dei

292 1951 607 2008 contristat
627 1951 729 2023 qui
748 1955 839 2007 est
859 1951 917 2006 in
939 1968 1006 2007 eo
1030 1968 1044 2006 :
1064 1952 1234 2023 juxta
1254 1954 1409 2025 quod
1429 1952 1645 2009 dicitur
1682 1969 1785 2025 per
1813 1953 1949 2009 Pro-

219 2087 235 2100 .
278 2039 535 2111 Iphetam
560 2054 573 2094 :
598 2061 625 2089 ‹‹
651 2038 760 2106 Qui
792 2039 982 2112 tangit
999 2057 1122 2111 vos,
1138 2041 1306 2112 quasi
1330 2042 1430 2113 qui
1450 2041 1642 2114 tangit
1661 2040 1946 2114 pupillam

293 2126 450 2184 oculi
482 2127 596 2183 mei
626 2127 812 2200 (Zach.
843 2131 928 2196 ιι).
966 2150 994 2177 ››
1014 2132 1231 2193 Quarto
1261 2147 1392 2185 vero
1422 2131 1596 2186 modo
1630 2147 1948 2203 possumus

280 2219 368 2274 .ad
402 2216 617 2273 Christi
643 2216 927 2291 Spiritum
958 2219 1169 2281 referre
1199 2222 1257 2274 et
1297 2219 1507 2288 dicere,
1543 2220 1681 2292 quia
1718 2220 1949 2277 Christo

270 2307 563 2364 ~veniente
592 2310 651 2362 et
677 2306 1047 2379 praedicante,
1063 2307 1346 2379 Spiritum
1370 2309 1557 2364 sancti
1578 2308 1707 2380 ejus
1723 2310 1950 2366 afﬂixe~

294 2399 435 2451 runt
458 2394 798 2451 nolentesin
820 2413 952 2452 eum
969 2397 1287 2465 credere,id
1312 2397 1697 2470 estSpiritum
1710 2398 1945 2467 Christi,

295 2484 397 2556 qui
427 2487 518 2540 est
546 2487 785 2540 sanctus
814 2489 873 2540 et
894 2485 1097 2556 justus
1136 2485 1316 2542 Filius
1358 2486 1562 2543 Patris.
1581 2487 1762 2543 Filius
1791 2488 1949 2544 enim

274 2573 395 2629 -Dei
418 2572 519 2644 qui
540 2589 646 2629 nos
667 2572 914 2629 redemit
933 2578 1195 2646 tempore
1218 2574 1509 2647 passionis
1540 2574 1951 2645 sum,liberavit

295 2662 501 2739 utique
520 2666 579 2718 et
607 2662 879 2718 Hebraeos
904 2663 975 2718 de
999 2663 1145 2718 mari
1166 2664 1704 2737 Rubro.Sequitur:
1731 2666 1799 2719 Et
1819 2682 1951 2720 con-

278 2767 500 2807 -versus
527 2755 618 2807 est
645 2749 730 2806 eis
761 2750 821 2806 in
852 2750 1182 2822 inimicum,
1205 2757 1264 2809 et
1306 2753 1434 2826 ipse
1479 2753 1809 2824 debellavit,
1830 2754 1948 2810 illis

296 2839 703 2896 recedentibus
733 2840 806 2896 de
830 2839 940 2896 viis
962 2842 1110 2912 ejus,
1133 2846 1192 2898 et
1213 2846 1416 2898 contra
1431 2841 1791 2899 voluntatem
1819 2845 1948 2915 ejus

295 2929 728 2997 incedentibus,
752 2946 1069 2986 conversus
1086 2934 1177 2987 est
1205 2931 1290 2987 eis
1321 2930 1380 2987 in
1401 2932 1707 2988 inimicum
1733 2933 1803 2989 de
1833 2932 1947 2987 mi-

295 3019 586 3076 sericorde
616 3020 676 3075 in
702 3019 1246 3090 immisericordem,
1263 3027 1322 3078 et
1346 3022 1657 3080 debellavit
1676 3040 1773 3079 eos
1796 3040 1947 3096 saepe

295 3124 402 3182 per
420 3109 618 3165 hostes
653 3126 880 3178 eorum,
903 3109 1057 3165 sicut
1097 3110 1156 3165 in
1205 3111 1354 3167 libro
1385 3111 1946 3184 Judicum,aliisque

2056 529 2215 584 Mose
2260 528 2545 597 videlicet,
2576 530 2788 598 Aaron,
2836 531 3038 599 Maria,
3082 536 3140 587 et
3190 534 3327 600 Hur,
3360 537 3700 610 caeterisque

2053 618 2419 674 senioribus?
2435 618 2709 690 Sequitur
2731 635 2743 674 :
2770 643 2795 669 «
2814 619 2920 675 Ubi
2943 624 3079 676 est»
3103 621 3389 679 subaudis
3413 640 3626 696 magna
3645 633 3704 684 et

2053 705 2369 763 ineffabilis
2384 707 3213 781 misericordiaomnipotentis
3226 711 3326 767 Dei
3340 735 3368 763 (ι
3383 714 3480 785 qui
3504 716 3704 786 posuit

2053 794 2112 851 in
2148 796 2339 851 medio
2361 798 2511 867 ejus,
2538 819 2565 847 »
2587 796 2647 852 id
2677 802 2786 867 est,
2806 797 2865 853 in
2898 799 3088 855 medio
3120 800 3321 872 populi
3353 802 3445 858 sui
3470 825 3496 853 «
3520 803 3702 874 Spiri-

2054 886 2182 939 tum
2214 884 2401 940 sancti
2433 885 2546 955 sui,
2574 908 2601 936 ››
2634 886 2691 941 id
2723 890 2816 942 est
2840 886 2968 943 Filii
3002 888 3407 955 sui,sanctum
3436 890 3705 948 videlicet

2055 972 2338 1044 Spiritum
2358 973 2980 1047 paracletum,quando
3002 976 3198 1032 eduxit
3218 995 3317 1034 eos
3338 979 3410 1035 de
3424 980 3705 1053 IEgypto?

2057 1059 2353 1132 Legimus,
2376 1062 2517 1132 quia
2536 1068 2737 1118 orante
2765 1064 2922 1120 Mose
2944 1064 3079 1120 tulit
3099 1065 3384 1122 Dominus
3403 1069 3473 1125 de
3495 1069 3704 1141 spiritu

2055 1150 2275 1219 ejus,et
2305 1150 2466 1206 dedit
2495 1151 2869 1223 septuaginta
2896 1153 3036 1209 viris
3067 1155 3253 1222 (Num.
3277 1156 3356 1227 x1)
3382 1173 3395 1212 :
3419 1156 3591 1229 cujus
3622 1158 3703 1214 rei

2056 1237 2115 1292 in
2138 1238 2405 1309 praesenti
2437 1238 2561 1293 loco
2592 1240 2657 1293 iit
2689 1240 2930 1296 mentio.
2961 1242 3267 1298 Permanet
3299 1261 3436 1317 ergo
3478 1246 3537 1301 in
3579 1247 3707 1319 ipsa

2057 1327 2444 1383 admiratione
2496 1328 2783 1400 Propheta
2830 1333 2888 1384 et
2934 1331 3343 1403 compatiendo
3374 1334 3516 1389 dicit
3548 1351 3561 1389 :
3596 1335 3704 1391 Ubi

2056 1421 2146 1472 est
2174 1416 2350 1472 etiam
2380 1434 2394 1472 :

2127 1528 2153 1555 ‹‹
2181 1506 2288 1571 Qui
2312 1505 2510 1561 eduxit
2539 1507 2611 1561 ad
2635 1506 2932 1562 dexteram
2953 1507 3151 1563 Mosen
3177 1509 3415 1566 brachio
3437 1512 3711 1584 majesta-

2056 1594 2133 1649 tis
2164 1612 2304 1659 suae,
2340 1616 2367 1643 »
2400 1594 2457 1649 id
2488 1598 2598 1665 est,
2632 1594 2730 1650 ubi
2762 1600 2851 1650 est
2891 1594 3075 1667 pietas
3109 1597 3345 1652 Domini
3375 1599 3479 1671 qui
3510 1600 3711 1657 eduxit

2058 1684 2258 1744 Mosen
2289 1684 2361 1739 de
2391 1689 2628 1757 Egypto
2659 1686 2732 1740 ad
2765 1685 3084 1753 dexteram,
3119 1685 3177 1741 id
3208 1690 3296 1741 est
3326 1686 3385 1741 in
3417 1688 3709 1761 prosperi-

2058 1776 2174 1828 tate
2204 1772 2441 1828 brachio
2471 1774 2799 1845 majestatis
2849 1791 2991 1842 sum,
3024 1773 3143 1830 sive
3192 1776 3552 1846 protectione
3600 1777 3708 1833 filii

2057 1861 2189 1917 sui?
2220 1861 2326 1916 Per
2356 1862 2653 1918 dexteram
2684 1862 2977 1934 siquidem
3028 1864 3387 1936 prosperitas
3430 1864 3709 1939 intelligi-

2058 1956 2176 2019 tur,
2203 1956 2261 2007 et
2290 1967 2394 2024 per
2422 1952 2729 2007 brachium
2773 1952 3015 2008 verbum
3062 1953 3163 2008 Dei
3216 1952 3423 2021 Patris,
3454 1954 3542 2011 vel
3582 1971 3711 2028 pro-

2056 2041 2329 2097 tectionis
2359 2040 2548 2114 ipsius
2582 2040 2711 2097 Filii
2742 2040 2863 2096 Dei.

2128 2154 2155 2181 ‹‹
2193 2130 2299 2186 Ubi
2330 2134 2437 2199 est,
2465 2152 2494 2181 »
2528 2130 2815 2186 subaudis
2846 2131 3105 2203 potentia
3136 2131 3318 2199 illius,
3352 2156 3379 2183 «
3406 2132 3508 2205 qui
3535 2135 3710 2191 scidit

2056 2236 2240 2291 aquas
2272 2223 2405 2274 ante
2436 2236 2607 2289 eos,»
2633 2219 2917 2275 subaudis
2949 2220 3007 2274 in
3039 2221 3346 2276 duodecim
3399 2226 3616 2293 partes,
3650 2227 3708 2279 et

2056 2308 2187 2364 aliis
2218 2309 2276 2362 in
2308 2308 2472 2379 locis,
2483 2309 2654 2379 juxta
2683 2308 2830 2363 illud
2858 2326 2870 2364 :
2895 2309 2999 2374 Qui
3026 2309 3223 2364 divisit
3252 2326 3414 2365 mare
3445 2310 3709 2368 Rubrum

2056 2398 2115 2452 in
2138 2396 2512 2465 divisiones,«
2530 2400 2594 2452 ut
2614 2397 2831 2452 faceret
2850 2397 2961 2451 sibi
2987 2413 3200 2452 nomen
3222 2397 3709 2470 sempiternum,»

2056 2486 2166 2541 hoc
2196 2492 2287 2542 est
2322 2503 2535 2542 nomen
2567 2486 2697 2556 ejus
2725 2485 3076 2541 aeternaliter
3104 2485 3480 2543 laudaretur?
3501 2488 3709 2544 Percu-

2056 2576 2234 2630 tiente
2266 2574 2422 2630 enim
2456 2575 2614 2629 Mose
2663 2590 2825 2629 mare
2869 2574 3121 2629 divisum
3170 2578 3260 2629 est
3309 2575 3368 2629 in
3400 2576 3709 2650 duodecim

2056 2667 2272 2734 partes,
2289 2661 2537 2734 aliisque
2560 2662 2836 2717 tribubus
2858 2661 3265 2717 haesitantibus
3285 2666 3342 2717 et
3359 2662 3708 2720 timentibus

2056 2750 2304 2824 ingredi,
2337 2751 2528 2822 prima
2556 2750 2749 2806 tribus
2796 2750 2950 2806 Juda
2999 2749 3260 2805 introivit
3286 2751 3458 2821 (Psal.
3481 2753 3701 2825 cxxxv).

2056 2842 2240 2905 Quam
2262 2841 2334 2895 ob
2356 2855 2595 2895 causam
2627 2839 2787 2911 regia
2815 2838 3005 2894 tribus
3035 2837 3328 2911 appellata
3355 2840 3620 2913 est,quia
3637 2858 3708 2897 ex

2054 2928 2156 2983 illa
2185 2945 2350 3001 rcges
2392 2927 2775 3001 eligebantur.
2805 2950 2833 2978 ‹‹
2869 2926 2976 2983 Ubi
3006 2931 3096 2982 est
3119 2927 3219 2999 qui
3250 2927 3448 2984 eduxit
3475 2945 3574 2985 eos
3604 2944 3709 3002 per

2055 3018 2318 3091 abyssos,
2352 3039 2380 3066 ››
2413 3016 2472 3071 id
2520 3021 2610 3073 est
2655 3017 2714 3071 in
2763 3016 3189 3089 profunditates
3238 3017 3438 3086 maris,
3474 3041 3501 3068 «
3535 3018 3706 3091 quasi

2053 3122 2271 3179 equum
2303 3106 2363 3160 in
2394 3105 2623 3162 deserto
2652 3123 2769 3161 non
2801 3106 3250 3178 impingentem,
3286 3129 3315 3155 ››
3347 3106 3405 3161 id
3452 3112 3543 3163 est
3580 3108 3706 3165 sine

295 3197 561 3255 historiis
580 3202 639 3255 et
668 3197 836 3254 libris
856 3198 1212 3271 propheticis
1233 3199 1941 3257 abundantissimedeela-
1973 3188 2016 3255 C
2054 3195 2473 3267 impedimento
2505 3194 2913 3250 incedentem?

292 3296 688 3352 ratur.Potest
717 3299 913 3353 autem
945 3300 1002 3353 et
1030 3297 1141 3354 hoc
1171 3298 1243 3353 ad
1276 3302 1508 3370 tempus
1530 3298 1946 3355 incarnationis

293 3385 424 3456 ejus
453 3384 926 3458 referri,quando
959 3385 1078 3443 illis
1118 3385 1453 3442 nolentibus
1502 3388 1736 3443 credere
1790 3387 1849 3443 in
1883 3405 1946 3445 se

291 3489 612 3529 conversus
643 3477 732 3530 est
755 3474 840 3530 eis
862 3474 922 3529 in
945 3474 1193 3544 hostem,
1210 3474 1311 3547 qui
1331 3492 1532 3531 eorum
1563 3474 1831 3533 infirmos
1852 3495 1946 3534 sa-

295 3565 559 3629 naverat,
591 3565 966 3636 mortuosque
995 3563 1400 3633 suscitaverat,
1428 3569 1486 3620 et
1516 3564 1828 3622 debellavit
1848 3583 1946 3624 eos

294 3666 401 3722 per
439 3650 733 3706 Romanos
763 3652 1210 3726 quadragesimo
1241 3653 1496 3709 secundo
1545 3671 1698 3711 anno
1744 3673 1945 3711 ascen-

295 3738 480 3794 sionis
502 3757 644 3796 suae.

368 3850 398 3877 ‹‹
412 3828 481 3883 Et
493 3829 831 3885 recordatus
851 3834 941 3886 est
961 3830 1186 3886 dierum
1210 3831 1404 3887 saeculi
1421 3831 1563 3887 Mosi
1584 3831 1782 3904 populi
1795 3832 1946 3888 sui.»

301 3916 457 3973 Deus
477 3918 852 3991 omnipotens
881 3920 980 3991 qui
1019 3920 1089 3976 de
1118 3924 1441 3993 protectore
1470 3924 1733 3977 mutatus
1753 3921 1813 3976 in
1844 3922 1945 3977 ad-

292 4006 617 4063 versarium
648 4007 863 4080 pepulo
886 4008 1361 4081 Judaeorum,qui
1392 4009 1765 4065 irritaverunt
1784 4027 1943 4079 eum,

290 4098 351 4149 et
381 4095 452 4150 ad
480 4094 848 4153 iracundiam
879 4098 1344 4170 provocaverunf
1365 4115 1378 4154 ε
1404 4103 1714 4172 postquam
1743 4099 1944 4155 debel-

284 4181 428 4238 lavit
457 4200 557 4240 eos
582 4201 685 4256 per
715 4186 1029 4253 Romanos,
1063 4187 1403 4243 recordatus
1451 4191 1541 4244 est
1579 4186 1807 4243 dierum
1838 4205 1944 4245 sae-

284 4271 425 4339 culi,
455 4272 515 4329 id
546 4277 655 4343 est,
689 4277 1029 4331 recordatus
1079 4274 1307 4332 dierum
1358 4277 1583 4349 antiqui
1635 4277 1940 4349 temporis,

274 4362 523 4434 quando
555 4363 755 4420 eduxit
802 4380 901 4420 eos
945 4365 1016 4420 de
1063 4368 1322 4439 Egypto.
1356 4366 1428 4422 Et
1473 4367 1812 4422 recordatus
1855 4370 1945 4423 est

282 4449 435 4506 Mosi
463 4451 612 4507 servi
641 4452 731 4508 sui
758 4453 858 4525 qui
882 4453 1394 4527 interpellavitpro
1407 4453 1490 4510 eis
1510 4454 1570 4509 in
1596 4454 1825 4510 deserto
1856 4454 1943 4509 di-

2129 3309 2156 3335 ‹‹
2191 3284 2367 3351 Quasi
2397 3284 2616 3339 animal
2648 3285 2706 3339 in
2739 3298 2947 3357 campo
2969 3285 3388 3355 descendens,»
3420 3287 3706 3344 subaudis

2056 3375 2185 3431 sine
2214 3373 2533 3430 offensione
2557 3390 2571 3429 :
2596 3372 2681 3430 sic
2701 3374 3133 3429 descenderunt
3162 3378 3221 3430 et
3249 3375 3600 3432 introierunt
3620 3375 3706 3432 illi

2055 3462 2115 3518 in
2146 3467 2362 3519 terram
2387 3462 2499 3519 sibi
2533 3462 2969 3535 repromissam.
2989 3463 3059 3517 Et
3089 3479 3270 3534 quare
3292 3463 3374 3519 ita
3392 3460 3708 3535 tranquille

2055 3550 2504 3619 ambulaverint,
2537 3551 2874 3607 manifestat
2901 3551 3268 3622 subjungens
3307 3567 3319 3606 :
3368 3572 3397 3602 «ι
3427 3552 3703 3623 Spiritus,

2041 3642 2268 3714 'inquit,
2307 3640 2535 3697 Domini
2567 3641 2777 3695 ductor
2805 3640 2933 3710 ejus
2963 3639 3094 3694 fuit.
3132 3662 3160 3689 »
3192 3640 3475 3712 Spiritum
3506 3645 3703 3697 autem

2054 3731 2168 3786 isto
2189 3730 2249 3784 in
2273 3729 2396 3784 loco
2416 3727 2688 3799 angelum
2707 3727 2989 3783 debemus
3010 3725 3353 3799 intelligere,
3369 3728 3468 3800 qui
3499 3730 3708 3785 ductor

2054 3818 2165 3873 fuit
2183 3817 2341 3872 illius
2374 3816 2593 3889 populi,
2619 3817 2945 3872 secundum
2983 3817 3139 3888 quod
3171 3816 3457 3873 Dominus
3484 3817 3537 3873 ei
3570 3835 3704 3890 pro-

2054 3906 2219 3963 misit
2248 3907 2484 3962 dicens:
2521 3928 2549 3955 «
2581 3904 2838 3977 Angelus
2884 3922 3052 3960 meus
3096 3906 3384 3978 praecedet
3420 3909 3477 3961 te
3507 3906 3700 3974 (Exod.

2052 3994 2250 4067 xxxn).
2287 4016 2315 4043 »
2344 3994 2426 4048 Ex
2455 3991 2660 4048 multis
2690 3993 2847 4048 enim
2880 3992 3025 4049 locis
3073 4009 3391 4065 possumus
3435 3992 3705 4067 colligere

2054 4081 2294 4156 angelos
2324 4080 2646 4154 appellatos
2665 4097 2794 4137 esse
2816 4080 3080 4153 spiritus,
3103 4097 3134 4136 e
3157 4079 3373 4153 quibus
3394 4085 3484 4137 est
3504 4080 3649 4138 illud
3685 4099 3699 4139 :

2053 4172 2162 4238 Qui
2183 4172 2322 4226 facit
2345 4169 2583 4243 angelos
2604 4187 2743 4226 suos
2764 4170 3009 4242 spiritus
3031 4170 3357 4242 (Psal.cm).
3375 4171 3443 4226 Et
3476 4168 3535 4224 in
3548 4170 3703 4227 Acti-

2052 4258 2165 4317 bus
2196 4259 2594 4333 apostolorum
2630 4276 2642 4316 :
2676 4283 2705 4311 «
2728 4259 3234 4333 Spiritus,inquit,
3251 4259 3485 4317 Domini
3510 4256 3706 4334 rapuit

2054 4350 2389 4422 Philippum
2412 4349 2545 4421 (Act.
2578 4349 2719 4422 vm).
2754 4372 2781 4400 ››
2817 4350 3045 4405 Rursus
3093 4350 3153 4404 in
3201 4349 3465 4421 Epistola
3494 4351 3565 4405 ad
3601 4351 3706 4407 He-

2053 4440 2238 4495 braeos
2271 4456 2284 4494 :
2320 4437 2472 4493 «Isti
2517 4441 2657 4493 sunt
2704 4436 3185 4493 administratorii
3235 4436 3500 4507 spiritus,
3535 4436 3704 4491 missi

280 4555 456 4594 cens:
485 4562 512 4589 ‹‹
536 4542 652 4596 Aut
688 4523 917 4597 dimitte
934 4540 1017 4597 eis
1038 4523 1192 4597 hanc
1209 4523 1558 4612 noxam,aut
1588 4542 1715 4598 dele
1746 4560 1839 4599 me
1874 4544 1945 4599 de

2060 4532 2290 4601 propter
2317 4543 2416 4582 eos
2436 4525 2537 4597 qui
2558 4525 2912 4580 haereditatis
2932 4523 3235 4596 possident
3255 4528 3505 4581 satutem
3520 4525 3700 4597 (Hebr.

279 4626 432 4683 libro
452 4631 554 4684 tuo
577 4629 769 4699 (Exod.
792 4633 1028 4699 xxxn).c
1054 4630 1414 4686 Recordatus
1435 4634 1526 4685 est
1541 4630 1717 4686 etiam
1742 4632 1941 4705 populi
1974 4618 2012 4624 ”
2053 4623 2114 4688 ι)-
2148 4640 2176 4668 ”
2213 4618 2493 4705 δθίῖυίίυῑῖ
2522 4631 2535 4669 ε

280 4716 375 4772 sui
399 4717 497 4788 qui
512 4717 769 4775 salvatus
785 4720 1047 4775 oratione
1060 4719 1375 4785 Mosi,dum
1398 4735 1533 4774 eum
1556 4718 1728 4775 vellet
1743 4737 1939 4792 percu-

278 4808 401 4861 tere
424 4822 610 4879 usque
632 4808 705 4863 ad
738 4807 1218 4864 internecionem.
1239 4807 1457 4863 Idcirco
1495 4810 1691 4862 autem
1730 4807 1941 4864 horum

279 4893 624 4951 recordatus
648 4899 756 4964 est,
777 4896 918 4968 quia
939 4914 1055 4952 non
1079 4900 1203 4952 erat
1223 4894 1323 4968 qui
1348 4895 1561 4952 levaret
1583 4912 1686 4967 pro
1708 4896 1792 4950 eis
1812 4914 1937 4952 ora-

270 4979 499 5038 tionem
527 4988 586 5039 et
614 5001 649 5040 a
677 4989 912 5056 peccato
941 4984 1305 5040 infidelitatis
1336 5001 1436 5041 eos
1470 4984 1763 5053 liberaret,
1789 4982 1969 5041 sicut'

276 5071 580 5144 quondam
606 5072 751 5130 Mosi
784 5074 1043 5130 oratione
1074 5077 1130 5128 et
1171 5074 1411 5128 obtentu
1464 5072 1691 5129 liberati
1740 5078 1880 5129 sunt
1910 5091 1945 5129 a

270 5159 509 5232 ﬂagello
537 5165 593 5216 et
624 5162 696 5218 ab
727 5179 921 5218 errore
944 5160 1304 5217 idololatrias.
1330 5162 1609 5233 Sequitur
1638 5179 1650 5218 :
1678 5163 1831 5219 «Ubi
1854 5166 1945 5219 est

274 5248 381 5321 qui
401 5248 602 5304 eduxit
623 5250 694 5307 de
713 5251 863 5307 mari
885 5268 1020 5307 cum
1044 5249 1377 5322 pastoribus
1398 5250 1593 5323 gregis
1614 5251 1744 5306 sui?
1759 5274 1786 5302 »
1801 5253 1944 5308 Prae-

272 5336 480 5394 videns
507 5340 798 5412 propheta
830 5340 1011 5397 Isaias
1058 5337 1445 5410 abjectionem
1492 5337 1692 5410 populi
1742 5339 1834 5395 sui
1883 5344 1941 5395 et

273 5423 578 5483 miseriam
598 5432 774 5500 atque
786 5428 1165 5484 afﬂictionem
1187 5441 1314 5497 quae
1329 5425 1414 5481 eis
1438 5424 1940 5497 imminebat,pro—

272 5516 408 5587 pter
435 5516 810 5589 negationem
842 5516 974 5572 Filii
1017 5515 1137 5586 Dei,
1173 5512 1536 5569 condolendo
1576 5511 1939 5569 exclamabat

272 5602 479 5662 dicens
502 5621 519 5663 εν
544 5604 653 5662 Ubi
673 5609 763 5665 est
781 5605 1094 5664 clementia
1115 5602 1534 5678 omnipotentis
1547 5602 1647 5662 Dei
1673 5603 1772 5679 qui
1793 5602 1934 5663 edu-

2122 4730 2149 4757 ‹‹
2172 4705 2266 4761 Sic
2284 4703 2577 4760 adduxisti
2601 4701 2885 4775 populum
2906 4706 3135 4769 tuum,»
3154 4701 3437 4757 subaudis
3457 4701 3529 4757 de
3552 4705 3704 4759 terra

2051 4794 2293 4869 Egypti,
2324 4813 2350 4846 α
2380 4796 2445 4848 ut
2477 4794 2694 4848 faceres
2714 4792 2819 4847 tibi
2854 4808 3064 4846 nomen
3094 4790 3295 4863 gloriae
3323 4795 3492 4858 tuae,»
3522 4791 3580 4846 id
3613 4796 3704 4847 est

2050 4890 2118 4941 ut
2148 4900 2358 4940 nomen
2390 4886 2559 4937 tuum
2581 4881 3007 4954 gloriﬁcaretur
3026 4884 3084 4935 et
3112 4879 3451 4935 laudaretur
3466 4885 3703 4937 aeterna-

2051 4973 2202 5028 liter.
2224 4973 2340 5026 Hac
2369 4971 2441 5025 de
2473 4987 2532 5026 re
2555 4968 2848 5043 percussit
2868 4969 3154 5025 Dominus
3179 4968 3467 5041 Egyptios
3497 4969 3701 5026 multis

2053 5060 2327 5135 plagis,et
2349 5058 2908 5131 liberavitpOpulum
2925 5075 3098 5114 suum
3116 5057 3549 5113 transducendo
3563 5075 3698 5114 eum

2053 5168 2156 5223 per
2175 5166 2333 5204 mare
2363 5153 2419 5204 et
2448 5166 2551 5220 per
2582 5153 2794 5212 terram
2826 5147 3067 5214 inviam,
3090 5148 3150 5203 in
3187 5151 3399 5204 terram
3423 5148 3699 5204 omnibus

2049 5236 2371 5295 meliorem.

2123 5350 2151 5377 ‹‹
2179 5326 2425 5380 Attende
2455 5326 2527 5381 de
2549 5324 2712 5393 ccelo,
2745 5330 2803 5381 et
2830 5326 2960 5381 vide
3000 5327 3071 5382 de
3119 5324 3451 5382 habitaculo
3494 5329 3697 5382 sancto

2048 5422 2150 5474 tuo
2180 5418 2237 5469 et
2267 5412 2461 5482 gloriae
2495 5417 2629 5468 tuas.
2657 5436 2685 5462 »
2717 5414 2798 5469 Ex
2826 5431 3077 5486 persona
3105 5414 3303 5488 populi
3334 5415 3693 5483 Judzeorum,

2048 5499 2450 5580 pwnitentinm
2481 5501 2709 5572 agentis
2732 5507 2790 5557 et
2808 5509 3111 5575 peccatum
3143 5521 3318 5561 suum
3349 5519 3700 5576 cognoscen-

2045 5596 2143 5666 tis,
2177 5587 2438 5663 loquitur
2464 5589 2639 5647 modo
2670 5591 2975 5665 prepheta,
2993 5596 3052 5649 et
3080 5593 3224 5651 dicit
3253 5593 3325 5650 ad
3352 5593 3540 5651 Deum
3567 5610 3579 5650 :
3603 5594 3698 5650 At-
