4106 6190
488 313 644 374 1059
670 320 676 327 ”

853 305 1261 369 HAYMONIS
1309 299 1844 362 HALBEBSTA’I‘.
1894 296 2138 358 EPISC.
2185 294 2360 355 OPP.
2403 294 2608 354 PARS
2653 293 2700 353 Ι.
2749 326 2825 336 -—
2868 291 3275 352 COMMENT.
3323 290 3520 351 BIBL.

3729 291 3867 352 I060

487 445 660 502 tende
672 441 894 500 decoelo
907 444 964 496 et
985 435 1410 492 miserere.Non
1427 434 1710 489 debemus
1728 436 2126 506 putareDeum
2157 430 2209 497 Α
2240 427 2564 484 orationem
2599 425 2994 482 fundant.Sed
3026 424 3272 496 quaestio
3294 423 3482 480 oritur
3502 423 3617 478 isto
3637 423 3696 478 in
3718 423 3828 479 loco
3853 441 3864 480 :

486 533 946 603 omnipotentem
977 525 1238 582 localiter
1257 527 1316 578 et
1334 523 1703 579 solummodo
1721 539 1849 577 esse
1870 521 1927 576 in
1949 519 2092 576 coelo
2117 537 2130 576 :

485 623 621 678 licet
645 614 1150 690 prephetadieat,u
1166 614 1396 669 attende
1411 614 1481 667 de
1493 612 1635 668 ecelo
1648 613 1786 667 etde
1797 608 2134 666 habitaculo

485 712 686 764 sancto
719 711 852 773 tuo;
881 727 906 754 ››
933 705 1034 759 sed
1065 705 1122 758 in
1156 703 1300 757 caelo
1331 706 1387 756 et
1414 701 1472 756 in
1501 705 1653 756 terra
1677 699 1845 754 illum
1877 699 2135 754 esse.Se-

483 796 742 852 cundum
761 793 917 866 quod
937 793 1060 864 ipse
1077 791 1223 846 dixit
1247 808 1260 845 :
1287 814 1315 840 ‹‹
1339 789 1548 845 caelum
1583 794 1639 844 et
1665 794 1880 844 terram
1908 786 2134 866 egoim:

482 885 671 958 pleo,»
695 889 752 939 et
772 883 950 938 etiam
970 882 1126 936 intra
1155 881 1374 945 omnia,
1389 884 1550 934 extra
1579 879 1780 934 omnia
1807 876 2134 932 esse.Sicut

483 975 690 1030 beatus
721 970 1036 1043 Gregorius
1067 969 1210 1024 dicit
1241 986 1254 1024 :
1292 967 1610 1041 Implendo,
1633 963 2134 1038 inquiens,omnia

481 1061 890 1128 circumdat,et
914 1058 1334 1114 circumdando
1355 1055 1554 1112 omnia
1573 1055 1805 1127 implet:
1824 1053 2130 1126 praesiden-

480 1153 555 1207 do
577 1151 848 1216 sustinet,
869 1146 1210 1203 sustinendo
1249 1145 1624 1217 [)NDSIdBLEt
1659 1161 1794 1198 cum
1819 1147 1976 1198 totus
2009 1141 2129 1197 ubi-

480 1257 592 1312 que
607 1239 684 1294 sit
697 1255 797 1310 per
817 1235 1242 1308 plenitudinem
1257 1233 1579 1288 divinitatis
1593 1233 1912 1300 sine,datur
1935 1234 2128 1285 tamen

478 1325 884 1384 habitaculum
906 1328 963 1378 et
981 1320 1144 1378 loeus
1165 1323 1294 1393 ejus
1329 1339 1457 1377 esse
1487 1321 1545 1376 in
1569 1322 1663 1377 his
1686 1339 1814 1394 quae
1837 1321 2130 1375 sanctiora

480 1421 620 1472 sunt
635 1431 646 1470 :
663 1413 989 1470 secundum
1001 1412 1154 1484 quod
1180 1409 1302 1482 ipse
1317 1411 1456 1466 dicit
1479 1427 1491 1465 :
1520 1435 1546 1458 ‹‹
1563 1410 1786 1466 Caelum
1805 1409 2129 1464 mihisedes

478 1507 570 1559 est
595 1504 724 1576 (Isa.
751 1503 920 1568 LXVI).
949 1523 975 1549 n
1008 1501 1076 1554 Et
1097 1499 1408 1554 Psalmista
1433 1516 1445 1554 :
1476 1500 1620 1565 «Qui
1647 1498 1894 1566 habitat,
1913 1498 2124 1571 inquit,

478 1591 539 1646 in
569 1589 1017 1658 caalo,irridcbit
1047 1606 1146 1644 eos
1190 1588 1362 1658 (Psal.
1387 1591 1471 1657 ιι).
1509 1611 1536 1638 ››
1578 1587 1920 1658 Ubicunque
1969 1587 2124 1641 enim

476 1681 543 1735 ﬁt
570 1679 839 1736 voluntas
861 1679 1011 1750 ejus,
1028 1677 1107 1732 ibi
1131 1683 1220 1733 est
1241 1675 1644 1732 habitaculum
1673 1680 1730 1731 et
1751 1677 1962 1731 domus
1983 1675 2084 1730 Dei
2109 1692 2122 1730 ε

477 1769 766 1842 praecipue
797 1767 856 1822 in
887 1766 1110 1840 angelis
1141 1782 1388 1839 quorum
1420 1755 1781 1821 conversatio
1805 1763 1863 1820 in
1886 1763 2127 1820 ccelesti-
2153 1790 2211 1868 B-

475 1859 587 1914 bus
618 1861 726 1926 est,
759 1861 816 1913 et
845 1854 902 1910 in
935 1854 1155 1911 sanctis
1202 1853 1542 1910 hominibus
1589 1853 1688 1924 qui
1733 1857 2038 1908 manentes
2065 1853 2122 1907 in

472 1949 628 2001 terra
657 1960 914 2017 corpore,
947 1943 1206 1998 coelestia
1227 1944 1420 1997 mente
1445 1940 1936 2013 eontemplantur.
1961 1941 2124 2007 Quod

473 2051 610 2107 ergo
641 2034 783 2089 dicit
809 2033 1090 2104 propheta
1119 2049 1186 2087 ex
1224 2047 1472 2102 persona
1503 2029 1701 2102 populi
1733 2029 1998 2101 loquens,
2033 2035 2123 2084 δια

472 2124 645 2180 tende
674 2125 744 2178 de
767 2121 910 2178 coelo
939 2125 996 2177 et
1025 2121 1155 2175 vide
1177 2120 1247 2175 de
1267 2119 1601 2176 habitaculo
1623 2123 1824 2174 saneto
1847 2122 1967 2188 tuo’,
1992 2136 2122 2174 sen-

473 2229 577 2268 sus
607 2215 733 2268 est:
766 2211 1060 2266 «Attende
1090 2211 1162 2264 de
1187 2208 1331 2264 cmlo
1361 2213 1421 2264 et
1449 2209 1520 2264 de
1548 2208 1883 2263 habitaculo
1921 2213 2122 2263 sancto

471 2305 574 2354 tuo
603 2304 660 2354 et
683 2299 878 2371 gloriae
901 2302 1034 2364 tuze,
1060 2302 1116 2353 et
1146 2297 1294 2366 vide,
1323 2319 1349 2344 »
1379 2297 1438 2350 id
1469 2301 1577 2364 est,
1606 2296 2123 2352 miserere.Videre

473 2386 630 2442 enim
654 2386 754 2440 Dei
773 2385 1036 2440 misereri
1059 2384 1354 2454 est,juxta
1375 2383 1520 2438 illud
1547 2401 1559 2439 :
1585 2383 1800 2438 Videns
1835 2384 1946 2438 vidi
1973 2383 2121 2438 affli-

471 2474 726 2530 ctionem
758 2473 955 2546 populi
986 2473 1122 2540 mei,
1159 2473 1215 2528 id
1247 2477 1354 2539 est,
1388 2471 1502 2527 vidi
1537 2475 1593 2526 et
1623 2471 1899 2527 misertus
1930 2489 2084 2527 sum.

545 2586 572 2613 «
608 2562 714 2618 Ubi
737 2567 826 2617 est
841 2562 1000 2618 zelus
1031 2565 1234 2628 tuus,»
1253 2561 1308 2616 id
1333 2565 1420 2616 est
1441 2577 1606 2615 amor
1625 2565 1764 2615 tuus
1785 2578 1900 2632 quo
1921 2561 2122 2616 dilexi-

473 2651 548 2708 sti
577 2669 685 2707 nos
715 2654 771 2706 et
802 2655 997 2722 patres
1023 2649 1294 2706 nostros?
1324 2673 1351 2699 ‹‹
1387 2651 1456 2704 Et
1487 2649 1762 2704 fortitudo
1797 2653 1953 2718 tua,»
1976 2651 2119 2706 sub-

475 2738 645 2795 audis
671 2738 769 2794 ubi
801 2737 974 2805 est,in
1007 2754 1124 2810 qua
1138 2737 1386 2794 eduxisti
1417 2741 1610 2810 patres
1634 2741 1864 2793 nostros
1881 2755 1948 2794 ex
1967 2743 2126 2812 Egy-

473 2831 574 2900 pto
592 2828 621 2884 ‘I
642 2852 664 2881 ι
693 2826 1008 2883 Multitudo
1029 2825 1315 2882 viscerum
1340 2830 1578 2880 tuorum
1601 2829 1660 2879 et
1682 2823 2121 2880 miserationum

473 2920 736 2982 tuarum,
761 2938 789 2965 »
818 2914 1103 2970 subaudis
1135 2913 1233 2970 ubi
1263 2914 1396 2969 est?
1427 2937 1456 2963 «
1491 2914 1680 2984 Super
1707 2929 1799 2968 me
1830 2913 2126 2970 continue-

471 3009 610 3060 runt
641 3021 703 3060 se
727 3026 756 3054 »
781 3003 962 3070 zelus,
987 3002 1257 3058 videlicet
1287 3001 1564 3056 fortitudo
1595 3005 1768 3073 atque
1799 3000 2118 3058 miseratio.

470 3093 640 3149 Zelus
661 3091 954 3166 duplicem
979 3092 1156 3148 habet
1185 3091 1610 3158 sensum,sieut
1632 3089 1952 3162 sepissime
1977 3091 2124 3146 mul-

2243 518 2432 582 Quare
2461 515 2752 571 Abraham
2783 520 2840 570 et
2870 513 3066 579 Israel,
3090 513 3148 568 id
3179 517 3268 568 est
3295 511 3498 576 Jacob,
3532 527 3742 566 nomen
3787 529 3867 584 po-

2244 592 2444 671 suerit,
2478 607 2536 658 et
2564 605 2728 659 Isaac
2760 601 3016 658 medium
3059 600 3478 656 intermiserit?
3506 600 3592 654 Ad
3625 601 3774 672 quod
3793 601 3866 656 di-

2242 695 2514 758 cendum,
2549 692 2690 763 quia
2718 709 2820 764 per
2849 691 3038 763 prima
3068 693 3125 745 et
3153 689 3364 744 ultima
3389 688 3566 744 etiam
3601 688 3783 743 media
3800 689 3870 744 in-

2240 781 2582 854 telligimus.
2615 779 2757 834 Cum
2787 779 2942 834 enim
2976 777 3122 833 dixit
3149 777 3443 832 Abraham
3492 781 3554 832 et
3606 777 3789 840 Israel,
3817 777 3864 832 in

2241 869 2334 924 his
2362 871 2593 924 duobus
2623 871 2782 924 Isaac
2815 884 3046 938 quoque
3077 866 3134 920 in
3177 867 3369 920 medio
3400 865 3862 938 comprehendit:

2240 962 2298 1012 et
2327 975 2440 1013 non
2473 957 2665 1014 solum
2699 955 2888 1022 illum,
2917 956 3016 1010 sed
3049 954 3224 1010 etiam
3255 953 3402 1010 alios
3431 957 3669 1009 sanctos
3697 960 3864 1025 patres

2239 1048 2648 1118 praecedentes.
2683 1069 2711 1094 ‹‹
2748 1046 2856 1110 Tu,
2882 1043 3146 1108 Domine,
3175 1043 3342 1097 Pater
3390 1047 3612 1109 noster,
3635 1065 3661 1092 υ
3695 1043 3747 1097 id
3791 1047 3865 1098 est

2238 1139 2493 1203 Creator,
2528 1157 2556 1184 »
2591 1134 2962 1204 Redemptor,
2991 1155 3017 1181 »
3051 1131 3335 1188 subaudis
3383 1135 3609 1196 noster,
3639 1133 3731 1204 qui
3775 1149 3864 1187 nos

2240 1223 2538 1278 redemisti
2569 1223 2639 1277 de
2668 1223 2937 1294 .Egypto:
2975 1245 3000 1269 υ
3037 1238 3071 1275 a
3110 1219 3321 1274 sarculo
3369 1236 3586 1274 nomen
3636 1225 3809 1286 tuum,
3841 1243 3860 1267 ι»

2237 1314 2547 1382 subaudis,
2581 1317 2852 1367 sanctum
2887 1314 3210 1383 permanet.

2312 1425 2339 1452 ‹‹
2370 1405 2558 1468 Quare
2591 1417 2786 1456 errare
2817 1399 3002 1454 fecisti
3035 1416 3162 1465 nos,
3193 1397 3459 1464 Domine,
3486 1398 3560 1454 de
3593 1399 3702 1454 viis
3741 1400 3858 1470 tuis,

2237 1490 2524 1546 indurasti
2549 1507 2648 1546 cor
2678 1493 2942 1544 nostrum
2967 1503 3038 1542 ne
3059 1487 3402 1542 timeremus
3420 1486 3517 1542 te?
3539 1508 3568 1535 »ι
3595 1487 3740 1543 Deus
3761 1505 3862 1547 om-

2237 1581 2669 1650 nipotens,cum
2688 1577 2981 1634 neminem
3001 1575 3176 1632 faciat
3197 1593 3388 1631 errare
3411 1579 3470 1630 et
3484 1593 3519 1631 a
3546 1575 3644 1631 via
3661 1575 3861 1632 rectitu-

2236 1669 2391 1724 dinis
2412 1668 2664 1734 deviare,
2685 1671 2740 1722 et
2776 1683 2910 1722 cum
2951 1664 3171 1720 nullius
3193 1663 3451 1720 hominis
3471 1681 3574 1720 cor
3603 1665 3819 1720 induret
3844 1683 3856 1719 :

2235 1759 2452 1814 dicitur
2472 1761 2668 1812 tamen
2692 1757 2876 1811 facere
2898 1770 3090 1810 errare
3111 1758 3170 1809 et
3189 1753 3464 1810 indurare
3485 1769 3588 1809 cor
3609 1753 3856 1822 hominis,

2233 1865 2368 1902 eum
2399 1864 2518 1902 non
2549 1849 2776 1901 revocat
2808 1845 2880 1900 ab
2911 1859 3124 1910 errore,
3157 1847 3214 1899 et
3257 1859 3394 1898 cum
3443 1860 3480 1898 a
3525 1842 3738 1899 duritia
3777 1860 3858 1898 cor

2233 1935 2394 1992 illius
2427 1952 2540 1990 non
2566 1933 2809 1990 emollit.
2840 1932 3002 1988 Sicut
3027 1933 3098 1987 de
3119 1932 3418 1987 Pharaone
3447 1931 3668 1987 dicitur
3691 1931 3854 2004 (Exod.

2233 2044 2308 2094 1x,
2341 2043 2376 2080 Χ
2406 2029 2464 2080 et
2491 2024 2590 2096 χι),
2624 2023 2778 2096 quod
2811 2022 3103 2076 induravit
3127 2021 3410 2076 Dominus
3430 2038 3531 2076 eor
3549 2023 3700 2093 ejus,
3713 2022 3765 2075 id
3783 2025 3859 2076 est

2233 2133 2348 2170 non
2393 2113 2694 2169 emollivit.
2727 2113 2806 2167 Eo
2853 2111 3026 2166 modo
3075 2109 3401 2182 loquuntur
3446 2109 3544 2165 isti
3599 2110 3854 2177 dicentes,

2233 2220 2412 2276 quare
2443 2201 2764 2275 permisisti
2796 2217 2904 2256 nos
2933 2216 3146 2266 errare,
3181 2197 3444 2264 Domine,
3478 2199 3550 2254 de
3595 2199 3706 2254 viis
3736 2198 3857 2268 tuis,

2233 2293 2289 2348 id
2323 2295 2413 2348 est
2440 2291 2499 2346 in
2533 2289 2826 2346 mandatis
2857 2293 2915 2344 et
2935 2289 3180 2360 judiciis
3201 2289 3354 2343 tuis?
3376 2289 3446 2342 Et
3465 2304 3648 2360 quare
3675 2287 3858 2360 permi-

2233 2381 2360 2436 sisti
2381 2378 2647 2434 indurari
2677 2396 2774 2435 eos
2806 2377 3523 2450 nostrum,suspendendo
3545 2376 3855 2450 ﬂagella,ne

2234 2467 2576 2522 timeremus
2608 2465 2708 2521 te?
2741 2467 2923 2535 (Prov.
2955 2465 3064 2536 III.)
3095 2465 3392 2520 Sciremus
3441 2464 3644 2536 utique
3691 2463 3853 2520 zelum

2233 2560 2426 2622 tuum,
2461 2555 2516 2608 id
2551 2558 2641 2610 est
2668 2571 2928 2609 amorem
2957 2558 3148 2623 tuum,
3163 2553 3469 2609 nobiscum
3499 2570 3651 2620 esse,
3683 2569 3856 2608 secun-

2233 2647 2374 2700 dum
2392 2644 2535 2699 illud
2563 2660 2574 2697 :
2601 2645 2827 2709 «Quem
2847 2643 3039 2716 diligit
3061 2642 3341 2698 Dominus
3361 2639 3856 2715 corripit,tlagellat

2233 2750 2467 2790 omnem
2481 2733 2667 2788 filium
2689 2749 2865 2804 quem
2889 2731 3149 2804 recipit.»
3173 2732 3396 2800 Quibus
3415 2745 3552 2788 vero
3572 2731 3854 2787 vehemen-

2233 2827 2321 2879 ter
2347 2827 2436 2878 est
2465 2822 2672 2889 iratus,
2707 2839 2740 2876 a
2767 2821 3148 2893 percutienda
3175 2837 3419 2876 manum
3466 2821 3770 2892 suspendit
3801 2819 3852 2874 ia

2231 2911 2522 2986 praesenti,
2539 2915 2605 2966 ut
2618 2911 2674 2966 in
2692 2911 2884 2966 futuro
2899 2899 3427 2966 remunerationem
3452 2909 3734 2981 recipiant
3751 2925 3852 2963 suis

2229 3000 2580 3074 iniquitatis.
2615 2999 2778 3056 Unde
2809 3000 3164 3072 quibusdam
3193 2998 3336 3054 dicit
3363 3015 3376 3054 :
3412 3023 3439 3048 ‹‹
3463 2999 3592 3053 Non
3613 2997 3853 3063 visitabo,

2228 3089 2524 3161 inquiens,
2542 3105 2718 3160 super
2740 3087 2891 3144 filias
2907 3092 3128 3144 vestras
3158 3105 3293 3142 cum
3318 3087 3534 3143 fuerint
3559 3087 3855 3156 fornicata,

469 3182 546 3238 tis
577 3181 635 3236 in
667 3181 810 3237 locis
843 3181 1065 3236 dictum
1095 3185 1205 3236 est.
1235 3181 1338 3235 Est
1366 3179 1522 3234 enim
1555 3179 1714 3234 zelus
1747 3178 2118 3247 malus,invi-
2151 3170 2194 3237 C
2233 3183 2291 3234 et
2319 3195 2496 3250 super
2526 3177 2678 3233 ﬁlios
2708 3181 2932 3233 vestros
2968 3194 3100 3232 sum
3133 3175 3686 3248 adultaverint(0.sc.
3717 3177 3804 3243 iv).
3831 3196 3856 3222 ι»

474 3270 584 3324 dia:
615 3275 673 3324 et
703 3271 893 3326 fervor
923 3269 1182 3324 malitiae.
1213 3271 1283 3324 Et
1311 3272 1402 3324 est
1430 3269 1591 3325 zelus
1631 3285 1795 3322 amor
1823 3268 2034 3336 bonus,
2066 3272 2125 3324 et

473 3358 662 3411 fervor
681 3356 1012 3412 dilectionis
1035 3357 1133 3412 Dei
1155 3361 1213 3412 et
1243 3355 1510 3428 proximi,
1531 3357 1600 3412 de
1623 3373 1738 3429 quo
1781 3355 1876 3411 hic
1907 3357 2120 3429 agitur,

470 3445 529 3500 id
549 3448 640 3500 est
667 3445 738 3500 de
767 3444 888 3500 zelo
917 3445 1154 3501 amoris.
1170 3444 1406 3500 Viscera
1427 3449 1568 3500 sunt
1589 3445 1864 3500 interiora
1882 3446 2120 3501 ventris.

471 3535 542 3590 Et
572 3534 700 3590 ideo
731 3551 834 3608 per
858 3534 1082 3590 viscera
1109 3552 1226 3590 non
1258 3533 1550 3590 immerito
1581 3536 1822 3591 affectus
1859 3535 2124 3592 dilectio-

470 3623 562 3679 nis
594 3621 653 3678 in
687 3623 794 3680 hoc
826 3624 952 3680 Ioco
984 3622 1358 3697 intelligitur.
1379 3623 1482 3679 Ubi
1515 3628 1623 3690 est,
1649 3624 1858 3696 inquit,
1883 3625 2125 3682 affectus

470 3713 662 3770 nimiae
685 3713 1034 3784 dilectionis,
1069 3731 1184 3786 quo
1217 3731 1323 3770 nos
1353 3713 1644 3770 dilexisti?
1675 3714 1952 3787 Sequitur
1986 3732 1998 3771 :

539 3825 570 3854 ‹‹
595 3804 682 3859 Tu
713 3803 872 3859 enim
901 3803 1068 3860 Pater
1097 3808 1312 3870 noster,
1348 3825 1374 3853 »
1409 3804 1465 3858 id
1496 3808 1585 3860 est
1625 3804 1862 3859 Creator
1891 3810 2120 3875 noster;

470 3915 496 3946 ι
531 3894 588 3947 et
605 3890 898 3948 Abraham
933 3891 1174 3948 nescivit
1204 3908 1310 3946 nos
1332 3895 1389 3946 et
1411 3890 1585 3948 Israel
1619 3891 1908 3963 ignoravit
1939 3910 2064 3961 nos,
2093 3916 2122 3942 ››

465 3979 526 4036 id
556 3983 646 4036 est
677 3997 792 4036 non
823 3979 1092 4052 cognovit
1124 3996 1228 4035 nos
1260 3996 1388 4035 esse
1415 3979 1567 4034 filios
1601 3996 1928 4052 suos,quos
1949 3998 1984 4036 a
2005 3981 2122 4038 Deo

465 4085 576 4126 suo
607 4068 945 4141 intelligunt
973 4085 1088 4124 non
1121 4067 1541 4124 amari.Patres
1562 4068 1714 4140 justi
1746 4073 1803 4124 et
1823 4069 2012 4125 sancti
2033 4070 2121 4125 di-

467 4161 684 4211 cuntur
701 4155 968 4228 ignorare
989 4160 1121 4226 post
1141 4160 1390 4212 mortem
1416 4155 1565 4212 ﬁlios
1587 4174 1728 4213 suos
1751 4142 1956 4224 malos,
1974 4175 2123 4230 quos

467 4241 858 4297 videntaDeo
889 4244 1154 4300 recedere
1207 4249 1264 4300 ct
1313 4261 1422 4300 sua
1465 4244 1709 4318 vestigia
1756 4264 1872 4302 non
1903 4247 2067 4319 sequi
2104 4265 2117 4303 :

469 4327 608 4402 quia
639 4346 754 4385 non
784 4328 1160 4402 interpellant
1189 4331 1373 4386 Deum
1407 4349 1509 4404 pro
1544 4333 1708 4405 ipsis,
1736 4351 1924 4406 neque
1963 4334 2121 4391 enim

468 4417 906 4488 exaudirentur,
941 4436 1129 4492 neque
1158 4425 1401 4492 possent
1431 4419 1678 4476 liberare
1695 4439 1795 4478 eos
1815 4423 2124 4480 avindicta

2233 3291 2260 3318 ‹‹
2289 3269 2590 3323 Revertere
2619 3271 2856 3338 propter
2885 3283 3080 3322 servos
3110 3270 3265 3334 tuos,
3299 3289 3328 3316 «
3362 3265 3648 3320 subaudis
3689 3268 3857 3337 patres

2232 3359 2487 3423 nostros,
2511 3355 2830 3424 Abraham,
2863 3354 3024 3410 Isaac
3051 3357 3108 3410 et
3136 3353 3338 3418 Jacob,
3371 3351 3472 3425 qui
3504 3352 3677 3408 modo
3713 3351 3857 3425 igno-

2234 3449 2366 3500 rant
2396 3461 2524 3510 nos,
2557 3443 2820 3500 videntes
2852 3460 2959 3500 nos
2981 3460 3015 3499 a
3035 3447 3092 3498 te
3123 3460 3238 3497 non
3285 3441 3492 3508 amari,
3513 3465 3535 3491 αι
3562 3445 3622 3497 et
3649 3443 3860 3514 propter

2232 3534 2422 3590 tribus
2453 3533 2810 3588 haereditatis
2861 3537 2996 3588 tum.
3033 3554 3060 3582 »
3095 3533 3419 3599 Revertere,
3449 3529 3661 3604 inquit,
3684 3529 3738 3585 id
3782 3531 3859 3583 est

2233 3623 2353 3678 redi
2404 3623 2476 3677 ad
2509 3639 2615 3676 nos
2645 3622 2717 3676 ad
2768 3621 3229 3677 misericordiam
3261 3625 3423 3675 tuam
3459 3638 3473 3676 :
3507 3625 3567 3676 et
3616 3620 3715 3674 boc
3757 3632 3855 3673 non

2233 3709 2450 3766 nostris
2481 3709 2706 3766 meritis
2747 3708 3245 3782 promerentibus;
3278 3709 3380 3764 sed
3432 3712 3668 3780 propter
3714 3711 3854 3760 tuam

2234 3799 2697 3856 misericordiam
2717 3798 3153 3866 exuberantem,
3176 3802 3233 3852 et
3253 3802 3490 3870 propter
3525 3813 3714 3854 servos
3739 3799 3856 3850 tuos

2234 3893 2429 3962 patres
2460 3892 2690 3944 nostros
2711 3885 2810 3959 qui
2840 3887 2944 3942 tibi
2977 3886 3338 3958 placuerunt.
3357 3888 3616 3952 Quorum
3646 3883 3745 3940 ﬁlii
3770 3900 3855 3939 su-

2234 3995 2368 4034 mus
2400 3993 2502 4050 per
2538 3992 2796 4043 carnem,
2828 3975 2962 4031 licet
2999 3976 3072 4032 ab
3127 3975 3245 4031 illis
3295 3992 3410 4031 non
3461 3989 3857 4048 cognoscamur

2233 4069 2469 4140 propter
2499 4065 2646 4120 iram
2677 4064 2920 4136 peccati.

2305 4177 2333 4206 ‹‹
2367 4153 2542 4221 Quasi
2576 4152 2826 4208 nihilum
2859 4153 3246 4226 possederunt
3287 4153 3572 4226 populum
3612 4155 3854 4210 sanctum

2232 4243 2626 4316 tuum,hostes
2650 4241 2832 4298 nostri
2855 4241 3339 4298 conculcaverunt
3359 4242 3854 4298 sanctiﬁcatioaem

2233 4337 2396 4388 tuam
2423 4349 2436 4388 :
2462 4331 2597 4387 facti
2629 4348 2838 4387 sumus
2863 4331 3019 4387 sicut
3049 4331 3108 4386 in
3141 4330 3449 4404 principio,
3474 4349 3608 4388 cum
3637 4346 3743 4387 non
3765 4328 3856 4382 do-

2233 4421 2543 4478 minareris
2575 4420 2778 4488 nostri,
2815 4437 3004 4492 neque
3033 4419 3400 4476 invocaretur
3445 4437 3658 4477 nomen
3701 4431 3858 4489 super

469 4508 890 4602 omnipotentis
912 4509 1196 4576 Dei,sicut
1215 4510 1288 4565 ad
1309 4510 1626 4567 Jercmiam
1645 4511 1798 4568 Deus
1819 4511 2117 4585 loquitur:
2151 4538 2198 4602 D
2229 4527 2394 4566 nos.»
2418 4508 2594 4575 Quasi
2628 4508 2901 4577 nihilum,
2918 4509 3202 4581 inquit,id
3235 4513 3324 4566 est
3354 4511 3482 4566 sine
3505 4507 3854 4566 reluctatione

469 4619 499 4646 «
523 4597 674 4664 Noli,
697 4598 908 4671 inquit,
923 4616 1089 4654 orare
1119 4616 1223 4671 pro
1254 4599 1468 4672 populo
1491 4599 1776 4672 isto,quia
1809 4618 1924 4656 non
1957 4619 2120 4657 exau-

471 4685 630 4741 diam
661 4690 716 4741 te
745 4687 876 4756 (Jer.
899 4691 1020 4756 vn).
1050 4710 1078 4737 ››
1105 4687 1482 4745 Manifestum
1512 4693 1603 4744 est
1633 4689 1789 4745 enim
1818 4690 1968 4745 ﬁlios
2000 4707 2123 4762 per-

469 4791 667 4830 versos
697 4779 756 4830 et
784 4792 819 4830 a
843 4775 958 4830 Deo
985 4775 1341 4844 recedentes,
1373 4778 1636 4833 oratione
1682 4783 1740 4834 et
1787 4778 2119 4851 interpella-

470 4861 629 4918 tione
661 4868 893 4936 patrum
929 4881 1044 4919 non
1077 4881 1248 4935 posse
1295 4865 1503 4920 salvari
1539 4883 1552 4922 :
1587 4865 1722 4922 licet
1771 4866 1880 4938 ipsi
1927 4871 2122 4938 patres

461 4950 612 5022 justi
643 4950 878 5006 fuerint.
899 4950 1060 5006 Unde
1085 4951 1363 5008 Dominus
1386 4954 1456 5008 ad
1483 4954 1838 5011 Ezechielem
1861 4955 2124 5028 loquitur

470 5037 700 5095 dicens:
722 5063 750 5090 ‹‹
764 5039 904 5096 Vivo
921 5040 1526 5112 ego,dicitDominus:
1553 5041 1693 5112 quia
1709 5043 1756 5098 si
1773 5043 1990 5099 fuerint
2005 5050 2122 5101 tres

469 5127 576 5184 viri
608 5127 707 5184 isti
738 5129 796 5182 in
829 5128 1022 5184 medio
1053 5128 1438 5197 Hierusalem,
1466 5130 1838 5199 Noe,‘Daniel
1887 5137 1944 5187 et
1989 5133 2120 5200 Job,

471 5216 658 5274 ﬁlium
681 5220 739 5273 et
769 5216 952 5272 ﬁliam
979 5233 1094 5272 non
1117 5215 1478 5287 liberabunt;
1505 5219 1606 5274 sed
1631 5217 1739 5291 ipsi
1761 5219 1866 5274 soli
1891 5221 2128 5291 justitia

471 5322 580 5361 sua
600 5303 936 5361 liberabunt
956 5303 1187 5360 animas
1216 5321 1356 5360 suas
1381 5305 1592 5378 (Ezech.
1625 5305 1799 5377 x1v).»
1822 5306 1970 5372 Quia
1989 5323 2126 5380 ergo

473 5393 572 5448 isti
595 5397 927 5464 peccatores
957 5397 1143 5462 erant,
1163 5397 1220 5448 et
1249 5413 1284 5448 a
1312 5393 1406 5449 via
1425 5393 1524 5448 Dei
1549 5394 1861 5450 recessisse
1881 5411 2125 5468 cognos-

473 5480 702 5550 cebant,
726 5481 934 5538 dicunt
965 5498 978 5538 :
1013 5481 1308 5544 Abraham
1349 5485 1408 5537 et
1452 5481 1650 5550 Israel,
1683 5482 1742 5537 id
1793 5489 1880 5538 est
1921 5483 2126 5554 Jacob,

473 5565 747 5644 ignorant
775 5587 882 5628 nos
911 5569 1065 5628 ﬁlios
1093 5587 1222 5628 esse
1253 5587 1412 5642 suos,
1437 5570 1509 5628 ad
1541 5569 1650 5631 hoc
1697 5575 1763 5628 ut
1810 5588 1916 5646 pro
1957 5570 2127 5629 nobis

2233 4603 2526 4666 nostra,et
2555 4597 2683 4653 sine
2713 4615 2820 4653 suo
2851 4597 3049 4654 labore
3081 4598 3390 4670 possedere
3412 4615 3522 4654 nos
3550 4599 3739 4654 hostes
3765 4607 3854 4647 no.

2229 4685 2618 4755 stri,Chalda2i
2659 4685 2928 4741 videlicet
2975 4692 3150 4758 atque
3194 4687 3440 4744 Romani
3467 4705 3482 4743 :
3508 4684 3852 4743 conculcave-

2229 4780 2368 4831 runt
2384 4774 2903 4830 sanctiﬁcationem
2922 4776 3171 4844 tuam,id
3193 4781 3283 4832 est
3307 4775 3594 4849 templum
3613 4778 3852 4831 sanctum

2230 4869 2422 4930 tuum,
2438 4868 2557 4918 tam
2573 4863 2872 4935 Babylonii
2895 4881 3074 4936 quam
3090 4865 3334 4920 Romani
3360 4883 3374 4920 :
3399 4865 3654 4937 factique
3673 4873 3854 4918 sumus

2232 4954 2385 5009 sicut
2407 4953 2464 5008 in
2488 4951 2776 5024 principio
2799 4970 2932 5008 cum
2954 4970 3067 5008 non
3092 4953 3480 5009 dominareris
3499 4949 3764 5020 nostri,id
3782 4951 3856 5003 est

2231 5046 2548 5112 antequam
2577 5057 2922 5096 vocaremur
2943 5042 3001 5096 in
3021 5041 3496 5114 Abraham,quia
3521 5041 3705 5098 There
3724 5035 3857 5094 idola

2234 5128 2416 5185 coluit
2439 5129 2737 5200 quondam
2765 5147 2778 5185 :
2803 5129 2891 5186 vel
2913 5131 3147 5202 quando
3177 5147 3413 5186 eramus
3435 5131 3497 5186 in
3517 5131 3752 5204 Egypto
3777 5141 3857 5180 co-

2237 5219 2422 5274 lentes
2451 5217 2627 5286 idola,
2662 5235 2776 5274 non
2811 5219 3097 5276 habentes
3126 5235 3554 5292 regem,neque
3571 5216 3856 5292 principes,

2235 5323 2424 5379 neque
2452 5307 2902 5379 prophetas,sed
2925 5325 3161 5364 eramus
3197 5308 3322 5364 sine
3343 5309 3556 5376 Deo,et
3583 5307 3704 5364 sine
3729 5303 3853 5374 lege.

2234 5401 2292 5451 et
2339 5395 2468 5451 sine
2498 5396 2818 5452 sacerdote.
2853 5396 2983 5452 Haec
3014 5395 3150 5452 licet
3193 5413 3263 5453 ex
3289 5400 3458 5470 parte
3487 5400 3619 5453 ante
3648 5387 3855 5450 Domini

2235 5485 2548 5540 adventum
2579 5483 2870 5558 completa
2897 5485 3036 5555 sint,
3055 5484 3256 5541 omnia
3283 5489 3484 5542 tamen
3503 5488 3636 5558 post
3656 5473 3856 5539 Domini

2234 5573 2568 5648 passionem
2591 5573 2836 5648 impleta
2850 5579 2991 5632 sunt
3014 5591 3026 5632 :
3047 5574 3383 5649 et'quotidie
3398 5573 3716 5650 implentur
3732 5569 3854 5626 dum
