4106 6190
282 336 431 398 1061

1338 337 1747 402 COMMENT.
1792 341 1871 401 IN
1915 338 2211 405 ISAIAM.
2246 377 2322 385 -—
2354 342 2501 404 LIB.
2550 342 2655 405 ΙΙΙ.

3542 359 3567 417 1
3579 356 3697 418 062

283 474 487 526 manet
536 487 716 543 super
760 468 893 527 illos
938 470 1039 527 illa
1088 471 1442 541 maledictio,
1475 490 1654 544 quam
1686 473 1797 528 sibi
1827 473 1936 529 im-
1966 477 2023 544 Α
2054 492 2185 529 men
2218 480 2408 531 tuum.
2446 476 2545 532 Sin
2579 482 2776 533 autem
2821 478 3138 551 legerimus
3177 486 3503 541 secundum
3542 491 3698 559 quod

282 559 502 632 precati
554 565 695 616 sunt
741 560 999 616 dicentes
1032 578 1045 615 :
1075 582 1102 611 «
1136 561 1388 634 Sanguis
1420 563 1549 633 ejus
1603 579 1783 634 super
1834 580 1940 618 nos

280 654 341 705 et
397 666 576 721 super
634 649 786 705 filios
844 655 1076 705 nostros
1126 651 1329 718 (Matth.
1378 655 1576 719 xxvn).
1608 675 1629 703 ι
1668 652 1939 717 Quandiu

281 737 441 793 enim
486 737 545 792 in
585 741 878 793 vetustate
918 738 1064 811 legis
1105 740 1556 811 permanserint,
1591 744 1648 794 et
1680 742 1940 809 Evange-

282 825 345 880 lii
392 826 697 882 veritatem
744 844 859 881 non
902 827 1243 898 receperint,
1278 844 1650 899 nequaquam
1690 829 1940 899 populus

281 915 388 970 Dei
444 915 767 987 vocabitur,
812 920 876 971 ut
929 934 963 971 a
1009 916 1239 971 Christo
1285 916 1653 972 Christianus
1708 935 1937 972 nuncu-

281 1008 475 1076 petur.

884 1093 1118 1150 CAPUT
1161 1094 1346 1150 LXIV.

357 1206 383 1231 «
412 1182 645 1238 Utinam
667 1183 1037 1254 dirumperes
1060 1183 1257 1251 caelos,
1283 1189 1340 1238 et
1360 1185 1763 1240 descenderes.
1781 1187 1821 1239 A
1857 1185 1937 1240 fa-

282 1272 370 1325 cie
391 1277 491 1326 tua
509 1272 1255 1339 montesdeﬂuerent,sicut
1271 1274 1496 1329 exustio
1520 1273 1671 1343 ignis
1688 1274 1941 1327 tabesce-

285 1364 416 1415 rent
444 1364 621 1433 atque
650 1362 921 1417 arderent
954 1362 1132 1433 igni.»
1154 1362 1284 1417 Sive
1314 1363 1637 1417 secundum
1669 1363 1941 1433 Symma-

285 1448 485 1516 chum,
511 1466 675 1521 aquze
698 1450 769 1505 de
791 1450 939 1505 mari
969 1451 1241 1505 arderent
1263 1450 1384 1522 igni
1412 1473 1439 1502 ‹‹
1458 1455 1522 1506 ut
1553 1456 1755 1507 notum
1780 1452 1943 1506 ﬂeret

285 1553 499 1592 nomen
522 1543 691 1593 tuum
723 1538 982 1593 inimicis
1006 1539 1147 1595 tuis.
1170 1540 1217 1594 A
1239 1539 1382 1595 facie
1405 1544 1506 1595 tua
1526 1543 1728 1612 gentes
1751 1540 1943 1595 turba-

285 1635 490 1681 rentur
519 1649 548 1676 »
580 1627 889 1695 subaudis,
926 1627 975 1682 si
1020 1628 1423 1685 descenderes.
1447 1628 1775 1684 Praevidens
1805 1646 1941 1700 pro-

285 1714 463 1787 pheta
493 1715 675 1770 Isaias
697 1715 918 1788 Spiritu
952 1721 1155 1772 sancto
1177 1716 1288 1773 sibi
1313 1716 1602 1773 revelante
1628 1718 1941 1773 adventum

284 1803 521 1860 Domini
553 1804 839 1872 futurum,
874 1806 1220 1878 mysterium
1263 1805 1484 1862 scilicet
1522 1806 1943 1862 incarnationis
1970 1844 2021 1910 B

288 1892 415 1948 Filii
446 1892 572 1960 Dei,
603 1898 662 1949 et
692 1893 1077 1964 abjectionem
1122 1895 1323 1967 populi
1355 1895 1469 1961 sui,
1491 1899 1549 1951 et
1576 1896 1939 1951 vocationem

284 1982 574 2053 gentium,
606 1981 868 2055 loquitur
895 2000 963 2038 ex
1004 2000 1254 2054 persona
1285 2001 1393 2038 sua
1422 1990 1480 2039 et
1508 1983 1773 2040 omnium
1801 2002 1940 2039 san-

284 2074 518 2125 ctorum
561 2071 1024 2142 patriarcharum
1055 2076 1114 2127 et
1151 2073 1592 2144 prophetarum,
1624 2074 1939 2129 adventum

284 2158 448 2214 illius
473 2158 934 2215 desiderantium
961 2177 975 2216 :
1003 2160 1234 2217 Utinam
1258 2161 1646 2234 dirumperes.
1672 2162 1937 2230 Domine,

287 2246 467 2304 cmlos
484 2252 542 2303 et
562 2249 968 2318 descenderes,
994 2249 1051 2304 id
1079 2254 1189 2315 est,
1214 2250 1439 2305 utinam
1463 2250 1718 2323 aperires
1740 2251 1937 2318 caelos,

285 2341 347 2392 et
382 2338 763 2394 descenderes
796 2339 867 2394 de
899 2338 1031 2393 sinu
1065 2342 1318 2411 paterna:
1352 2339 1678 2410 majestatis
1709 2340 1793 2407 (in
1825 2356 1940 2411 quo

286 2425 710 2484 inaccessibilis
732 2431 789 2481 et
812 2426 1124 2482 invisibilis
1145 2443 1207 2481 es
1238 2426 1456 2482 nostris
1482 2428 1859 2498 aspectibus),
1883 2432 1941 2482 et

283 2518 343 2569 te
364 2514 735 2570 incarnatum
771 2518 947 2588 atque
974 2515 1267 2570 visibilem
1297 2515 1575 2570 humanis
1605 2515 1939 2587 aspectibus

287 2604 645 2659 ostenderes.
679 2605 749 2659 Et
776 2604 903 2675 ipso
938 2620 1135 2659 amore
1167 2604 1408 2659 ardebat
1440 2604 1770 2669 Psalmista,
1804 2621 1938 2659 cum

286 2692 520 2747 dicebat
547 2710 595 2748 τι(
622 2692 838 2759 Excita,
870 2692 1135 2755 Domine,
1160 2692 1483 2765 potentiam
1512 2697 1694 2760 tuam,
1724 2698 1781 2747 et
1808 2693 1938 2747 veni

285 2782 459 2854 (Psal.
484 2781 729 2854 LXXIX).»
752 2783 833 2837 Ex
855 2781 965 2838 hoc
987 2781 1276 2838 desiderio
1303 2781 1587 2854 ﬂagrabat
1608 2781 1941 2853 patriarcha

281 2869 600 2938 Abraham,
634 2870 706 2925 de
745 2886 861 2941 quo
909 2871 1194 2927 Dominus
1245 2870 1389 2926 dixit
1434 2870 1937 2926 JudaeiszuAbra-

282 2959 425 3014 bam
457 2963 622 3030 pater
648 2963 841 3015 vester
869 2959 1180 3016 exsultavit
1209 2963 1273 3015 ut
1301 2959 1522 3016 videret
1553 2959 1708 3015 diem
1740 2976 1938 3014 meum

282 3047 654 3117 (Joan.vm).»
672 3046 954 3103 Similiter
973 3064 1178 3104 omnes
1200 3047 1385 3104 sancti
1411 3049 1484 3104 ab
1508 3047 1676 3103 initio
1708 3048 1935 3116 mundi,

283 3137 387 3208 qui
411 3135 643 3192 Domini
665 3137 983 3193 adventum
1008 3137 1065 3192 in
1084 3154 1257 3193 carne
1278 3137 1792 3209 futurum,Spiritu
1811 3155 1940 3193 san-

2049 566 2437 636 Symmachus
2455 567 2778 632 transtulit,
2793 572 2850 623 et
2869 587 3032 640 aquae
3056 571 3235 626 maris
3253 575 3520 629 arderent
3542 577 3661 648 igni
3684 595 3696 633 :

2050 668 2152 723 per
2179 671 2363 725 aquas
2394 656 2677 710 debemus
2710 656 3035 729 intelligere
3066 659 3312 729 populos
3337 661 3515 731 hujus
3537 680 3703 718 mun-

2049 740 2129 805 di,
2151 743 2247 812 qui
2275 742 2685 813 significantur
2707 762 2809 816 per
2829 763 3010 814 mare,
3036 748 3093 800 in
3117 749 3333 819 quibus
3354 757 3703 822 consumpta

2048 833 2137 881 est
2164 828 2481 886 infidelitas
2514 833 2584 887 ah
2621 833 2752 902 igne
2794 834 3046 905 Spiritus
3087 836 3382 903 sancti,de
3414 855 3530 909 quo
3560 840 3702 893 dicit

2049 917 2333 973 Dominus
2354 935 2401 973 ;‹‹
2429 921 2623 992 ignem
2646 922 2773 975 veni
2800 922 3029 978 mittere
3052 922 3111 977 in
3136 925 3647 998 terram(Luc.xu):
3672 949 3700 975 ››

2048 1007 2105 1059 et
2136 1005 2501 1063 inﬂammata
2525 1014 2614 1064 est
2635 1009 2945 1066 dilectione
2966 1012 3065 1067 Dei
3086 1016 3143 1066 et
3162 1013 3430 1084 proximi.
3456 1017 3699 1070 Notum-

2049 1109 2161 1164 que
2190 1094 2410 1149 factum
2445 1114 2657 1152 nomen
2691 1102 2780 1152 est
2809 1098 3065 1155 inimicis
3098 1101 3257 1157 illius
3286 1103 3526 1171 Judaeis,
3544 1105 3698 1176 quod

2047 1182 2221 1236 Jesus
2255 1187 2576 1247 vocaretur,
2602 1184 2657 1238 id
2690 1190 2779 1239 est
2811 1186 3091 1254 Salvator,
3115 1190 3214 1260 qui
3247 1189 3489 1247 salvavit
3516 1210 3699 1263 popu-

2049 1268 2173 1323 lum
2206 1270 2263 1323 in
2297 1288 2355 1324 se
2384 1272 2921 1337 credentem.0uod
2953 1280 3149 1329 autem
3182 1280 3467 1349 sequitur,
3491 1297 3524 1335 a
3557 1281 3701 1335 facie

2051 1362 2151 1412 tua
2179 1363 2382 1430 gentes
2413 1360 2812 1425 turbarentur,
2834 1367 2893 1417 et
2932 1362 2991 1416 in
3037 1362 3153 1418 alia
3182 1366 3562 1423 translatione
3590 1368 3702 1424 ha—

2049 1447 2219 1502 betur
2248 1450 2793 1515 commovebuntur,
2816 1451 2890 1506 ad
2925 1452 3101 1507 fidem
3138 1453 3401 1524 gentium
3429 1456 3699 1527 pertinet,

2050 1552 2299 1607 quarum
2332 1538 2506 1593 corda
2534 1543 2693 1593 mota
2724 1544 2866 1593 sunt
2892 1541 2965 1594 ad
3000 1542 3428 1611 paenitentiam,
3453 1549 3509 1599 et
3528 1545 3599 1599 de
3620 1561 3704 1600 er-

2050 1642 2177 1680 rore
2209 1627 2281 1681 ad
2313 1626 2511 1697 ﬁdem,
2540 1644 2666 1698 quae
2700 1633 2876 1683 antea
2906 1627 3236 1685 immobilia
3264 1631 3324 1685 in
3356 1631 3703 1688 infidelitate

2052 1715 2386 1770 manebant.

2124 1825 2151 1854 «
2184 1802 2328 1857 Cum
2362 1803 2565 1859 feceris
2599 1805 2770 1874 mira,
2805 1822 2919 1861 non
2964 1807 3412 1864 sustinebimus.
3440 1831 3468 1859 »
3500 1810 3702 1865 Consi-

2051 1892 2263 1947 derans
2291 1892 2574 1964 prepheta
2602 1892 2898 1965 lapideum
2924 1913 3023 1950 cor
3041 1897 3404 1966 Judaaorum,
3428 1902 3485 1954 et
3508 1901 3701 1971 praevi-

2050 1980 2195 2035 dens
2224 1997 2425 2035 eorum
2458 1981 2736 2037 duritiam
2768 1988 2942 2055 atque
2975 1984 3427 2057 blasphemiam,
3459 1988 3605 2043 dixit
3634 2005 3704 2043 ex

2050 2086 2300 2141 persona
2324 2070 2651 2125 infidelium
2676 2088 2689 2126 :
2715 2071 2863 2126 Cum
2895 2072 3099 2129 feceris
3123 2074 3441 2148 (inquiens)
3469 2076 3704 2132 mirabi-

2051 2158 2130 2213 lia
2159 2159 2344 2213 multa
2372 2158 2432 2214 in
2463 2160 2635 2215 terris
2666 2165 2924 2232 tempore
2964 2162 3390 2220 incarnationis
3419 2171 3551 2232 tuae,
3584 2183 3702 2221 non

2051 2247 2339 2318 patienter
2364 2248 2811 2305 sustinebimus.
2836 2252 2998 2316 Quod
3021 2268 3088 2306 ex
3112 2252 3314 2309 multis
3344 2253 3486 2308 locis
3513 2255 3701 2309 sancti

2050 2335 2343 2408 Evangelii
2376 2352 2694 2407 possumus
2726 2339 3071 2409 approbare,
3092 2340 3151 2393 in
3181 2341 3399 2411 quibus
3432 2346 3705 2396 narratur

2049 2425 2283 2479 Judaeos
2316 2440 2549 2497 semper
2582 2427 2807 2480 Domini
2840 2425 3141 2482 miraculis
3172 2429 3496 2497 obstitisse,
3525 2436 3582 2485 et
3612 2448 3708 2502 pa-

2052 2518 2208 2567 ratos
2230 2530 2357 2568 esse
2380 2514 2451 2567 ad
2475 2513 3028 2584 blasphemandum.
3052 2518 3120 2571 Et
3141 2519 3309 2588 quasi
3324 2520 3452 2590 jam
3475 2519 3707 2574 exaudi-

2048 2606 2145 2655 tus
2166 2606 2322 2655 esset
2352 2602 2637 2672 propheta
2668 2620 2736 2656 ex
2765 2603 2875 2657 hoc
2906 2606 3062 2674 quod
3097 2606 3270 2675 paulo
3302 2608 3577 2678 superius
3608 2625 3703 2663 ex-

2049 2689 2400 2743 clamaverat
2420 2690 2683 2759 dicens,«
2700 2691 2925 2745 utinam
2950 2693 3316 2763 dirumperes
3338 2695 3512 2749 cwlos
3533 2700 3591 2749 et
3611 2696 3706 2750 de-

2050 2778 2415 2844 scenderes,»
2433 2778 2738 2849 subjunxit
2759 2780 2962 2835 dicens
2986 2797 3041 2835 :«
3067 2782 3484 2851 Descendisti,»
3506 2782 3563 2837 id
3590 2787 3699 2851 est,

2050 2865 2347 2921 «Verbum
2372 2882 2505 2921 caro
2529 2869 2745 2921 factum
2768 2872 2914 2935 est,»
2933 2890 2960 2917 ‹‹
2985 2873 3042 2923 et
3063 2886 3097 2924 a
3120 2869 3265 2925 facie
3286 2874 3408 2939 tua,
3427 2892 3454 2919 »
3476 2870 3534 2925 id
3555 2875 3645 2926 est
3668 2888 3704 2927 a

2050 2955 2359 3028 praesentia
2388 2960 2491 3009 tua
2512 2978 2539 3004 ‹‹
2564 2960 2795 3011 montes
2817 2956 3206 3026 deﬂuxerunt,
3225 2981 3253 3008 ››
3274 2959 3331 3014 id
3354 2963 3463 3026 est,
3486 2960 3701 3015 daemo-

2050 3061 2154 3099 nes
2185 3048 2241 3098 et
2270 3044 2456 3098 Judaei
2506 3042 2900 3111 crediderunt,
2950 3050 3298 3117 potestatem
3347 3052 3406 3103 et
3453 3047 3701 3120 gloriam

2049 3132 2384 3189 amittentes
2405 3148 2582 3203 quam
2607 3132 2897 3187 habebant
2917 3132 2977 3187 in
3004 3134 3114 3190 hoc
3136 3135 3379 3191 mundo.
3405 3135 3568 3190 Unde
3589 3136 3701 3191 Do-

286 3228 381 3280 cto
412 3224 702 3281 revelante
733 3230 1130 3298 cognoverunt
1162 3243 1174 3282 :
1209 3231 1268 3283 et
1296 3226 1773 3282 desideraverunt
1801 3243 1934 3281 eum
1965 3210 2009 3278 C
2051 3223 2249 3278 minus
2266 3224 2336 3276 de
2355 3220 2585 3276 diabolo
2603 3222 2806 3277 dicit:«
2824 3223 2989 3278 Nunc
3008 3224 3278 3296 princeps
3298 3224 3477 3296 hujus
3495 3225 3700 3281 mundi

280 3313 482 3370 venire
506 3318 563 3369 et
584 3315 796 3383 videre,
816 3315 969 3371 sicut
989 3314 1115 3388 ipse
1138 3315 1423 3371 Dominus
1446 3315 1595 3370 dixit
1617 3314 1898 3387 apostolis
1923 3331 1937 3369 ε

282 3426 315 3453 ‹‹
351 3402 509 3458 Beati
542 3402 695 3459 oculi
725 3404 825 3476 qui
855 3404 1053 3459 vident
1082 3421 1211 3476 quae
1239 3421 1341 3460 vos
1361 3403 1591 3458 videtis.
1616 3404 1754 3459 Dico
1780 3404 1938 3460 enim

280 3491 618 3564 vobis,quia
638 3492 808 3548 multi
831 3510 997 3566 reges
1019 3498 1078 3549 et
1100 3493 1395 3565 prophetae
1417 3491 1726 3548 voluerunt
1744 3491 1940 3548 videre

282 3597 417 3652 quae
446 3595 547 3635 vos
576 3581 803 3649 videtis,
828 3587 879 3638 et
914 3599 1030 3638 non
1060 3582 1333 3638 viderunt
1366 3581 1577 3650 (Matth.
1602 3584 1748 3652 x111),
1777 3605 1804 3631 »
1827 3586 1936 3638 etc.

282 3668 512 3724 Tamen
531 3684 665 3723 cum
683 3669 823 3725 dicit
839 3671 1142 3743 propheta,
1155 3693 1175 3721 α
1198 3671 1425 3727 utinam
1444 3671 1635 3726 dirum
1644 3688 1811 3744 peres
1834 3690 1940 3728 coe-

282 3755 376 3811 los
398 3759 456 3811 et
476 3756 915 3824 descenderes,»
929 3776 1043 3815 non
1062 3759 1344 3816 debemus
1366 3764 1570 3832 putare
1586 3761 1770 3815 Deum
1793 3760 1942 3815 loca-

172 3869 191 3886 ο
284 3845 423 3901 liter
449 3844 768 3915 habitasse,
794 3849 895 3903 sed
917 3849 1150 3905 credere
1171 3849 1453 3904 debemus
1476 3849 1650 3920 (sicut
1673 3852 1940 3904 auctores

283 3936 516 4006 dicunt)
546 3935 715 3992 illum
757 3937 974 4010 ubique
1013 3955 1162 4007 esse,
1188 3943 1247 3995 et
1276 3938 1375 3994 ubi
1424 3943 1548 3994 erat
1582 3939 1662 3994 ibi
1702 3955 1939 3994 assum-

285 4023 478 4096 psisse
499 4026 905 4098 carnem,quia
930 4026 1148 4099 ubique
1170 4030 1328 4083 totus
1346 4026 1718 4083 erat.Ccelum
1741 4030 1938 4083 autem

286 4112 603 4185 appellavit
632 4113 1059 4185 plenitudinem
1082 4121 1336 4188 paternze
1367 4116 1712 4187 majestatis,
1740 4116 1799 4172 in
1822 4134 1940 4189 qua

282 4200 414 4273 ipse
445 4203 687 4274 aequalis
746 4207 836 4260 est
888 4205 1061 4261 Patri.
1085 4206 1154 4260 Et
1183 4206 1354 4278 quasi
1412 4210 1551 4261 tunc
1611 4207 1936 4274 descendit,

280 4291 522 4362 quando
542 4290 875 4348 humiliavit
890 4294 1273 4366 semetipsum
1291 4293 1664 4367 suscipiendo
1676 4311 1935 4350 carnem.

277 4378 604 4435 Videamus
621 4382 775 4452 quod
800 4382 1124 4455 subjungat
1144 4383 1446 4454 propheta.
1466 4383 1525 4439 Si
1547 4384 1786 4457 (inquit)
1808 4401 1939 4456 ape-

280 4466 434 4522 rires
456 4466 631 4524 ctelos
654 4473 710 4524 et
736 4469 1140 4539 descenderes,
1164 4488 1199 4526 a
1219 4471 1364 4526 facie
1387 4476 1506 4538 tua,
1531 4471 1589 4526 id
1620 4476 1708 4527 est
1737 4490 1771 4527 a
1800 4490 1941 4544 prm-

2049 3312 2316 3383 ejicietur
2336 3312 2489 3367 foras
2511 3312 2686 3383 (Joan.
2709 3315 2871 3380 κω.»
2888 3313 2958 3368 Et
2981 3314 3051 3369 de
3070 3314 3101 3369 J
3112 3315 3291 3371 udteis
3316 3333 3365 3370 ;‹‹
3389 3314 3651 3370 Tolletur
3671 3332 3706 3370 a

2048 3402 2213 3458 vobis
2243 3417 2489 3473 regnum
2534 3401 2635 3457 Dei
2665 3402 2869 3473 (Matth.
2896 3404 3035 3477 xxx),
3061 3425 3089 3451 ››
3113 3402 3172 3458 id
3204 3408 3317 3473 est,
3346 3421 3513 3460 sacra
3545 3405 3698 3460 Scri-

2049 3497 2243 3563 ptura,
2274 3496 2332 3546 et
2361 3490 2554 3546 omnis
2584 3491 2771 3564 gloria
2801 3492 2922 3547 sive
2953 3492 3232 3565 dignitas.
3270 3494 3583 3564 Sequitur:
3614 3495 3701 3549 «Δ

2048 3581 2260 3636 smculo
2294 3598 2410 3635 non
2464 3581 2796 3646 audierunt,
2827 3601 2855 3628 ››
2889 3581 2945 3635 id
2979 3585 3088 3647 est,
3122 3582 3195 3635 ab
3243 3580 3411 3635 initio
3460 3581 3579 3636 sive
3628 3581 3702 3637 ab

2049 3670 2283 3726 exordio
2316 3669 2544 3735 mundi,
2570 3691 2597 3717 «
2626 3683 2816 3738 neque
2848 3668 3111 3735 auribus,
3139 3691 3168 3716 »
3191 3669 3476 3724 subaudis
3506 3687 3704 3741 corpo-

2050 3760 2151 3825 ris,
2183 3780 2209 3810 α
2240 3760 2645 3829 perceperunt,
2667 3775 2694 3807 η
2733 3756 3019 3812 subaudis
3058 3757 3234 3824 bona,
3256 3780 3283 3807 «
3308 3775 3433 3827 quae
3473 3775 3700 3830 praepa-

2048 3846 2190 3902 rasti
2223 3846 2445 3901 sanctis
2477 3843 2613 3900 tuis.
2637 3866 2665 3894 ››
2691 3867 2719 3894 ‹‹
2746 3844 2982 3913 Oculus,
3008 3868 3036 3895 ››
3061 3844 3347 3901 subaudis
3379 3846 3697 3916 humanus,

2054 3962 2074 3989 α
2104 3954 2218 3992 non
2238 3935 2401 4002 vidit,
2423 3935 2596 4001 Deus,
2622 3935 2843 4006 absque
2866 3939 2942 4002 te,
2957 3951 3083 4005 quae
3107 3936 3447 4007 przeparasti
3471 3953 3702 4009 exspec-

2048 4025 2311 4082 tantibus
2339 4028 2415 4079 te.
2441 4045 2469 4073 »
2501 4023 2675 4078 Auris
2724 4041 2840 4078 non
2880 4023 3125 4091 audivit,
3147 4022 3287 4095 quia
3334 4041 3450 4080 non
3498 4030 3588 4080 est
3617 4025 3697 4080 ibi

2049 4132 2249 4171 sonus.
2274 4112 2491 4169 Oculus
2540 4129 2657 4167 non
2702 4111 2867 4180 vidit,
2907 4112 3047 4183 quia
3091 4129 3206 4167 non
3236 4117 3326 4168 est
3364 4112 3444 4168 ibi
3485 4129 3698 4185 corpus

2049 4220 2237 4277 neque
2267 4201 2444 4257 color.
2470 4201 2533 4256 In
2566 4216 2665 4255 cor
2697 4199 2957 4255 hominis
2990 4218 3106 4255 non
3132 4202 3418 4270 ascendit,
3443 4200 3582 4274 quia
3601 4218 3702 4257 cor

2048 4299 2311 4349 nostrum
2339 4290 2480 4345 illuc
2504 4288 2677 4361 dirigi
2703 4289 3035 4355 debet.Quze
3056 4294 3197 4346 sunt
3226 4306 3361 4364 ergo
3393 4289 3494 4346 illa
3523 4292 3697 4363 bona,

2048 4400 2173 4455 quae
2206 4380 2551 4453 praeparavit
2579 4378 2735 4433 Deus
2767 4378 2967 4434 electis
2998 4378 3166 4435 suis?
3192 4378 3403 4450 Utique
3432 4380 3699 4452 semetip-

2047 4489 2202 4539 sum,
2221 4470 2280 4524 id
2306 4473 2415 4536 est,
2436 4467 2829 4539 cognitionem
2852 4467 3030 4522 totius
3054 4466 3378 4534 Trinitatis,
3398 4467 3552 4522 sicut
3572 4467 3698 4539 ipse

274 4554 471 4610 sentia
499 4559 620 4624 tua,
655 4562 886 4613 montes
916 4560 1257 4629 defluerent,
1291 4559 1400 4615 hoc
1435 4564 1524 4615 est
1553 4560 1847 4617 daemones
1877 4565 1933 4617 et
1961 4575 2009 4640 D
2044 4564 2225 4626 Filius
2251 4559 2394 4616 dixit
2420 4576 2468 4612 :u
2495 4558 2624 4612 Haec
2646 4560 2735 4611 est
2757 4556 2991 4629 (inquit)
3012 4555 3130 4611 vita
3150 4558 3471 4623 aeterna,ut
3490 4573 3698 4629 cogno-

272 4643 466 4699 Judaei
499 4648 674 4717 atque
722 4662 927 4703 omnes
958 4647 1336 4719 qui,tumore
1386 4648 1670 4721 superbiae
1721 4650 1928 4718 inﬂati,

272 4734 560 4789 adversus
589 4734 895 4791 scientiam
933 4736 1029 4790 Dei
1079 4753 1140 4790 se
1187 4737 1442 4810 erigunt,
1476 4742 1533 4791 et
1563 4744 1797 4810 propter
1827 4758 1931 4796 su-

234 4890 240 4895 _
273 4820 543 4893 perbiam
576 4827 804 4878 montes
834 4823 1224 4896 appellantur,
1259 4842 1293 4879 a
1322 4825 1632 4896 praesentia
1660 4831 1761 4882 tua
1791 4829 1930 4883 defi-

273 4914 498 4965 cerent.
523 4911 593 4966 Et
623 4912 1005 4980 tabescerent,
1038 4913 1096 4967 id
1123 4918 1213 4970 est
1242 4919 1751 4984 consumerentur,
1782 4916 1935 4972 sicut

272 4999 511 5054 exustio
541 4998 716 5073 ignis,
740 5001 850 5056 hoc
881 5007 970 5057 est
999 5003 1152 5057 sicut
1188 5002 1348 5076 ligna
1376 5008 1433 5059 et
1462 5003 1689 5077 stipulae
1722 5022 1931 5061 consu-

273 5092 530 5143 muntur
551 5089 623 5144 ab
645 5089 797 5162 igne.
821 5092 1009 5162 Atque
1030 5092 1301 5147 arderent
1320 5092 1432 5165 ipsi
1454 5098 1685 5150 montes
1706 5093 1847 5167 igni,
1875 5094 1931 5149 id

270 5180 389 5242 est,
416 5178 711 5234 sententia
730 5183 832 5235 tua
852 5184 1361 5246 consumerentur,
1383 5184 1536 5253 quod
1569 5183 1628 5237 in
1660 5183 1752 5238 die
1774 5183 1933 5254 judi-

270 5265 351 5321 cii
386 5265 808 5339 adimplebitur
839 5284 851 5322 :
895 5285 1030 5324 cum
1073 5269 1370 5324 audierint
1407 5286 1611 5325 omnes
1652 5272 1879 5342 reprobi
1915 5289 1926 5327 :

268 5377 302 5405 ‹‹
331 5354 437 5422 Ite,
471 5354 791 5423 maledicti,
825 5357 884 5412 in
926 5358 1120 5431 ignem
1164 5362 1445 5413 aeternum
1473 5357 1677 5427 (Matth.
1702 5363 1931 5427 xxvx).'»

266 5443 346 5499 Et
376 5442 488 5499 hoc
513 5445 740 5516 quare?
770 5444 844 5501 Ut
864 5450 1070 5501 notum
1102 5446 1266 5502 ﬁeret
1296 5461 1509 5501 nomen
1532 5451 1703 5501 tuum
1736 5446 1931 5502 inimi-

263 5532 360 5588 cis
380 5532 502 5589 tuis
522 5549 629 5605 per
647 5534 969 5606 potentiam
988 5539 1173 5603 tuam,
1193 5536 1558 5593 daemonibus
1577 5535 1818 5603 scilicet,
1835 5538 1934 5593 Ju-

262 5619 416 5679 dasis
444 5624 624 5696 atque
647 5622 925 5681 omnibus
956 5623 1324 5699 adversariis,
1352 5626 1507 5701 quod
1537 5626 1709 5688 Jesus
1729 5627 1807 5687 sit
1836 5645 1934 5688 no-

2043 4658 2210 4713 scant
2233 4657 2288 4707 te
2308 4664 2511 4704 verum
2536 4645 2727 4701 solum
2750 4646 2956 4711 Deum,
2973 4648 3030 4707 et
3049 4661 3224 4716 quem
3252 4644 3467 4700 misisti
3488 4646 3694 4702 Jesum

2041 4745 2336 4801 Christum
2364 4740 2541 4809 (Joan.
2568 4735 2726 4807 xvn).
2756 4757 2783 4783 »
2808 4735 2937 4789 Haec
2985 4739 3137 4789 certe
3188 4738 3327 4789 sunt
3374 4734 3613 4806 praemia
3639 4740 3696 4791 et

2042 4834 2257 4908 gaudia
2281 4830 2409 4885 vitae
2431 4832 2676 4892 zeternae,
2698 4841 2826 4896 qua:
2855 4841 3025 4878 nemo
3046 4823 3358 4879 electorum
3386 4824 3540 4879 videt
3569 4842 3692 4879 ma-

2042 4941 2188 4980 nens
2218 4922 2275 4975 in
2310 4932 2569 4989 corpore,
2612 4913 2764 4969 sicut
2804 4913 2959 4968 idem
3004 4913 3184 4969 Filius
3225 4912 3370 4967 dixit
3403 4930 3415 4967 :
3446 4935 3473 4963 ‹‹
3507 4913 3691 4968 Deum

2043 5029 2213 5068 nemo
2260 5006 2406 5063 vidit
2455 5020 2715 5077 unquam
2750 5003 2796 5075 (I
2821 5004 2978 5058 Joan.
3010 5002 3156 5074 1v),»
3192 5003 3478 5057 subaudis
3518 5000 3692 5057 sicuti

2042 5103 2150 5156 est.
2184 5096 2290 5164 Qui
2323 5111 2459 5167 ergo
2489 5094 2771 5149 videbunt
2811 5108 2947 5147 eum
2967 5090 2995 5146 ‘P
3018 5113 3045 5142 ‹‹
3080 5091 3236 5146 Beati
3269 5092 3489 5146 mundo
3519 5091 3693 5147 corde

2040 5188 2243 5261 (Matth.
2275 5190 2349 5253 v).
2375 5205 2404 5235 »

2115 5301 2142 5328 «
2174 5273 2460 5333 Occuristi
2506 5270 2725 5328 lzetanti
2771 5274 2829 5325 et
2876 5270 3107 5327 facienti
3148 5269 3549 5342 justitiam,in
3580 5269 3690 5327 viis

2040 5367 2158 5421 tuis
2180 5363 2700 5420 recordabuntur.»
2731 5361 2841 5416 lloc
2864 5359 3082 5433 duplici
3108 5361 3282 5416 modo
3305 5365 3495 5432 potest
3516 5360 3687 5416 intel-

2038 5454 2162 5527 ligi.
2197 5450 2515 5507 Occurrisli
2547 5450 2762 5505 laetanti
2794 5454 2851 5505 et
2891 5450 3124 5506 facienti
3161 5450 3455 5522 justitiam
3487 5451 3558 5506 de
3585 5455 3688 5507 tuo

2040 5543 2315 5605 adventu,
2349 5542 2414 5592 ut
2455 5538 2713 5593 Simeoni
2744 5539 3196 5612 quadragesimo
3235 5538 3326 5595 die
3366 5539 3688 5597 nativitatis

2040 5635 2175 5691 tuae.
2211 5628 2275 5688 In
2304 5627 2415 5687 viis
2444 5626 2587 5696 tuis,
2616 5627 2675 5683 id
2704 5629 2794 5684 est
2822 5626 2882 5683 in
2921 5630 3225 5706 praeceptis
3256 5629 3394 5705 tuis,
3418 5630 3682 5690 recorda-
