4046 6188
445 304 602 366 1063

817 299 1222 362 HAYMONIS
1267 295 1804 357 HALBERSTAT.
1851 293 2096 356 EPISC.
2144 293 2316 354 OPP.
2365 294 2564 354 PARS
2609 295 2654 354 Ι.
2703 328 2778 336 —
2823 292 3233 356 COMMENT.
3284 296 3482 356 BIBL.

3635 295 3924 356 -1064'

439 437 665 493 buntur
691 433 857 491 electi
889 433 970 487 tui
993 433 1142 502 (Luc.
1162 430 1248 498 ιι),
1271 432 1339 484 ut
1368 429 1523 484 idem
1555 428 1814 498 Simeon,
1837 430 1896 482 et
1920 427 2089 481 Anna
2115 427 2170 494 Α
2199 425 2301 498 qui
2330 429 2647 499 consurgat
2675 426 2748 481 ad
2778 425 3101 483 orationem
3129 444 3350 498 veram,
3382 433 3442 483 et
3471 430 3670 484 teneat
3696 432 3748 484 te
3774 443 3836 484 ne

441 527 640 594 vidua,
672 523 888 593 aliique
947 519 1168 575 ﬁdeles.
1201 517 1384 575 Aliter
1419 536 1432 574 :
1476 515 1812 585 Occurristi,
1865 515 1921 570 id
1982 519 2090 584 est,

444 610 785 676 subvenisti,
821 611 876 663 et
923 607 1204 664 auxilium
1255 606 1556 681 praebuisti
1605 605 1822 662 laetanti
1853 605 1924 661 de
1955 608 2010 659 te
2037 608 2094 660 ct

442 697 779 766 conﬁdenti,
811 701 869 753 et
898 697 1132 753 facienti
1169 697 1489 769 justitiam,
1521 700 1585 751 ut
1634 694 1810 750 David
1845 698 1902 748 et
1927 693 2092 749 Judie

441 787 796 845 Machahaeo.
833 807 862 837 ‹‹
894 786 1038 841 Ecce
1066 790 1131 841 tu
1176 785 1364 842 iratus
1401 803 1464 841 es
1509 789 1568 840 et
1609 781 2000 856 peccavimus,
2031 781 2091 836 in

438 877 586 951 ipsis
616 875 840 932 fuimus
871 892 1102 948 semper
1131 879 1189 930 et
1219 873 1596 931 salvabimur.
1618 875 1689 929 Et
1715 873 1852 928 facti
1883 887 2093 928 sumus

440 969 508 1022 ut
529 965 878 1020 immundus
898 979 1101 1020 omnes
1124 979 1252 1030 nos,
1269 963 1437 1036 quasi
1462 979 1694 1036 pannus
1717 965 2092 1017 menstruatae

399 1099 403 1104 .
441 1053 725 1110 universae
749 1053 994 1126 justitiae
1017 1057 1249 1108 nostrae.
1271 1075 1298 1102 ››
1320 1053 1401 1107 Ex
1431 1067 1680 1124 persona
1699 1049 1898 1122 populi
1925 1050 2091 1105 Judae

439 1143 720 1217 loquitur,
744 1142 843 1215 qui
868 1141 1058 1198 noluit
1077 1141 1326 1198 transire
1351 1143 1423 1198 ad
1444 1142 1744 1197 veritatem
1772 1138 2089 1211 Evangelii,

441 1232 689 1290 Domino
719 1231 1088 1304 praedicante.
1115 1233 1184 1286 Et
1205 1231 1434 1303 positus
1455 1231 1512 1285 in
1533 1229 1930 1295 tribulatione,
1965 1245 2089 1299 poe—

442 1322 748 1379 nitentiam
780 1319 1121 1392 praeferebat
1162 1319 1220 1374 in
1263 1335 1419 1387 voce,
1445 1336 1622 1392 quam
1675 1335 1790 1373 non
1841 1317 2093 1373 habebat

443 1411 502 1466 in
535 1427 726 1482 opere.
749 1411 820 1466 Et
846 1413 938 1464 est
979 1409 1121 1464 ordo
1164 1413 1576 1481 praeposterus,
1598 1424 1731 1462 cum
1773 1406 1936 1474 dicit,
1960 1423 2092 1462 ecce

441 1504 508 1557 tu
541 1499 726 1554 iratus
771 1515 855 1567 es,
887 1501 944 1552 et
992 1513 1099 1552 nos
1148 1497 1536 1569 peccavimus.
1562 1496 1732 1552 Prius
1778 1495 1936 1552 enim
1986 1512 2093 1552 nos

442 1585 833 1662 peccavimus,
857 1589 915 1640 et
940 1585 1233 1657 peccando
1260 1584 1702 1657 provocavimus
1722 1602 1857 1640 eum
1881 1585 1952 1640 ad
1973 1585 2096 1640 vin-

442 1677 681 1732 dictam.
705 1675 904 1747 Neque
933 1673 1075 1746 quia
1105 1673 1202 1729 ille
1233 1673 1419 1729 iratus
1439 1678 1528 1729 est
1560 1691 1667 1730 nos
1700 1673 2090 1746 peccavimus,

439 1770 498 1820 et
529 1763 586 1818 in
619 1762 874 1836 peccatis
931 1762 1153 1818 fuimus
1211 1779 1462 1836 semper,
1492 1767 1549 1819 et
1577 1763 1937 1819 salvabimur
1993 1767 2093 1818 tua
2119 1800 2170 1866 Β

437 1854 630 1928 gratia
659 1871 772 1909 non
818 1853 1035 1909 nostris
1090 1853 1338 1921 meritis,
1371 1857 1429 1908 et
1457 1853 1593 1909 facti
1651 1870 1861 1909 sumus
1889 1869 2094 1909 omnes

439 1947 507 2000 ut
534 1942 900 2009 immundus,
937 1941 995 1996 id
1046 1945 1156 2010 est,
1189 1941 1342 1998 sicut
1369 1941 1638 2015 leprosus
1687 1945 1788 1998 aut
1835 1940 2095 2013 pollutus

439 2031 554 2088 alia
600 2047 680 2087 re.
713 2031 787 2087 Et
819 2030 1101 2086 universae
1146 2030 1396 2102 justitiae
1442 2034 1655 2086 nostrae
1704 2029 2092 2098 circumcisio,

440 2119 664 2176 scilicet
712 2119 1036 2176 immolatio
1079 2120 1238 2194 agni,
1272 2121 1598 2177 observatio
1636 2121 1884 2189 sabbati,
1927 2125 2095 2194 post—

436 2227 620 2282 quam
644 2209 802 2265 venit
829 2209 1021 2282 gratia
1051 2209 1370 2282 Evangelii,
1402 2210 1566 2266 factae
1598 2215 1738 2266 sunt
1775 2211 2094 2266 immundae

429 2297 610 2369 quasi
639 2314 872 2368 pannus
902 2301 1278 2352 menstruatae
1335 2298 1617 2367 mulieris,
1650 2317 1766 2371 quo
1815 2299 1959 2354 nihil
2008 2303 2098 2354 est

439 2383 830 2440 immundius.
861 2385 908 2438 A
946 2383 1088 2440 luna
1135 2401 1265 2456 quae
1317 2385 1590 2442 hebraice
1617 2392 1858 2443 vocatur
1904 2404 2096 2456 mene,

444 2471 722 2529 dicuntur
753 2476 1130 2528 menstruatae
1161 2473 1458 2543 mulieres,
1501 2492 1628 2547 quae
1657 2475 1908 2549 singulis
1941 2493 2100 2531 men-

446 2561 614 2618 sibus
645 2559 836 2618 solent
867 2561 1085 2616 iluxum
1120 2561 1426 2634 sanguinis
1465 2563 1604 2634 pati,
1638 2564 1858 2636 quibus
1887 2565 2096 2620 diebus

445 2650 753 2706 observare
783 2666 847 2706 se
879 2650 1050 2706 debet
1092 2651 1504 2724 unusquisque
1534 2653 1622 2708 vir
1651 2654 1722 2709 ab
1759 2670 1934 2710 uxore
1966 2672 2092 2710 sua.

440 2739 522 2795 Ex
553 2737 652 2795 illo
681 2737 839 2794 enim
878 2738 1193 2794 concubitu
1224 2739 1588 2812 plerumque,
1615 2740 1731 2796 Deo
1762 2741 2097 2814 permitten-

443 2832 520 2897 te,
542 2832 867 2884 nascuntur
893 2827 1118 2900 parvuli
1143 2827 1364 2884 debiles
1396 2831 1452 2884 et
1483 2829 1764 2885 membris
1789 2829 2092 2900 contracti,

444 2919 509 2974 ut
539 2917 678 2990 quia
704 2916 856 2990 patri
889 2921 947 2972 et
972 2916 1146 2972 matri
1171 2933 1286 2972 non
1318 2917 1430 2972 fuit
1456 2917 1805 2975 verecundia
1836 2923 2095 2992 tempore

441 3009 746 3061 menstruo
767 3006 836 3062 ad
861 3005 1241 3062 concubitum
1269 3006 1329 3062 in
1351 3006 1609 3063 conclavi
1640 3008 1892 3077 misceri,
1915 3008 2096 3065 simul

441 3093 555 3166 ipsi
607 3111 776 3150 suam
825 3095 1236 3152 verecundiam
1294 3095 1490 3168 palam
1521 3097 1798 3154 omnibus
1840 3097 2093 3154 videant.

2201 515 2468 570 eil‘undas
2497 516 2751 570 furorem
2783 519 2954 570 tuum
3004 533 3184 589 super
3213 534 3344 586 nos,
3378 519 3445 572 ut
3484 515 3628 572 olim
3667 517 3838 574 Moses

2201 603 2472 672 surrexit,
2504 608 2562 660 et
2601 603 2788 660 tenuit
2833 609 2891 660 te
2936 604 3062 659 suis
3119 607 3392 677 precibus
3441 605 3836 678 (Exodxxxn).

2202 715 2230 743 ‹‹
2253 693 2626 748 Abscondisti
2657 693 2866 750 faciem
2899 697 3085 762 tuam,
3111 717 3140 743 ››
3164 695 3220 750 id
3263 698 3354 750 est
3396 694 3766 768 praesentiam
3793 700 3843 751 et
3875 753 3890 765 ο

2201 781 2484 836 auxilium
2533 786 2702 837 tuum
2733 805 2761 832 ‹‹
2797 799 2833 838 a
2860 782 3052 837 nobis.
3084 783 3154 838 Et
3185 782 3419 840 allisisti
3451 801 3581 850 nos,
3614 806 3642 832 ››
3671 783 3729 838 id
3765 788 3844 838 est

2201 870 2543 943 percussisti
2572 875 2631 926 et
2659 871 2920 927 afflixisti
2953 894 2980 922 ‹‹
3011 872 3072 927 in
3104 889 3306 942 manu,
3330 895 3358 924 »
3384 872 3494 928 hoc
3520 877 3608 928 est
3632 870 3690 927 in
3721 889 3847 945 ope-

2201 958 2424 1016 ratione
2453 959 2785 1032 iniquitatis
2828 964 2886 1016 et
2924 961 3182 1034 perﬁdiae
3218 966 3452 1017 nostrae.
3487 961 3770 1034 Iniquitas
3795 965 3846 1017 et

2201 1049 2400 1104 omnia
2430 1051 2667 1120 peccata
2695 1065 2910 1105 manus
2951 1048 3191 1118 habent,
3216 1049 3274 1104 id
3305 1054 3397 1105 est
3433 1049 3844 1122 operationem,

2200 1155 2301 1210 per
2324 1155 2501 1210 quam
2523 1154 2630 1193 nos
2650 1137 2884 1194 strictos
2903 1142 3099 1194 tenere
3121 1139 3478 1194 desiderant.
3495 1139 3650 1196 Unde
3669 1137 3840 1194 dicit:

2201 1250 2229 1277 «
2263 1226 2419 1283 Mors
2450 1230 2508 1281 et
2533 1226 2648 1282 vita
2675 1227 2736 1282 in
2767 1227 3044 1284 manibus
3075 1226 3289 1300 linguae
3314 1228 3502 1298 (Prov.
3526 1231 3700 1298 vm).»

2270 1337 2299 1366 «
2325 1315 2394 1370 Et
2423 1332 2600 1382 nunc,
2634 1315 2898 1383 Domine,
2932 1319 3097 1388 pater
3135 1321 3333 1372 noster
3357 1333 3423 1372 es
3461 1321 3548 1388 tu,
3581 1333 3682 1372 nos
3715 1333 3844 1374 vero

2199 1403 2412 1472 lutum,
2438 1408 2494 1460 et
2524 1405 2692 1460 fictor
2722 1409 2922 1460 noster
2941 1409 3004 1460 tu
3031 1427 3060 1453 ››
3083 1404 3184 1476 qui
3207 1403 3350 1460 olim
3373 1405 3736 1478 dignatuses
3765 1406 3844 1460 di-

2201 1509 2329 1548 cere
2363 1509 2376 1548 :
2401 1515 2430 1543 «
2459 1492 2703 1548 Dimitte
2733 1492 2922 1548 filium
2953 1509 3150 1548 meum
3184 1491 3362 1550 Israel
3383 1493 3577 1566 (Exod.
3598 1495 3712 1565 v).n
3739 1495 3842 1550 Et:

2205 1602 2232 1631 ‹‹
2267 1579 2442 1637 Filios
2470 1580 2644 1654 genui
2674 1585 2734 1636 et
2764 1580 3008 1638 exaltavi
3043 1583 3171 1654 (Isa.
3195 1581 3256 1654 ι).
3279 1605 3307 1632 ››
3331 1582 3447 1638 Nos
3475 1599 3610 1639 vero
3637 1581 3844 1651 lutum,

2201 1670 2260 1724 id
2289 1673 2378 1725 est
2402 1673 2576 1739 terra,
2600 1673 2658 1726 et
2679 1686 2749 1726 ex
2772 1671 2978 1726 eadem
3011 1669 3192 1742 stirpe
3213 1671 3658 1727 descendentes.
3681 1672 3772 1726 Tu
3792 1688 3848 1728 es

2203 1759 2370 1814 ﬁctor
2399 1762 2617 1827 noster,
2645 1759 2703 1814 id
2733 1763 2824 1814 cst
2855 1757 3180 1831 plasmator
3211 1763 3428 1827 noster,
3453 1765 3512 1816 et
3536 1776 3714 1832 opera
3743 1776 3851 1816 ma-

2203 1865 2388 1904 nuum
2409 1851 2646 1904 tuarum
2665 1864 2986 1920 omnesque
3009 1866 3115 1905 nos
3136 1847 3384 1922 ideoque
3403 1866 3522 1904 non
3543 1865 3853 1922 possumus

2204 1938 2477 1994 resistere
2497 1937 2770 2010 potentiae
2793 1942 2929 1993 tuae.
2948 1938 3018 1994 Et
3036 1943 3126 1994 est
3145 1955 3385 1996 sensus:
3402 1939 3530 1995 Non
3551 1939 3625 1994 de
3647 1937 3854 1994 nostris

2203 2027 2430 2082 meritis
2451 2030 2894 2098 praesumentes,
2911 2044 3038 2098 quae
3061 2027 3227 2082 nulla
3246 2025 3566 2094 sunt,talia
3587 2027 3854 2095 dicimus,

2205 2115 2306 2172 sed
2339 2115 2408 2170 de
2439 2119 2542 2170 tua
2571 2114 2880 2172 clementia
2915 2119 2972 2172 et
3012 2116 3386 2173 miseratione
3416 2121 3853 2190 praesumentes,

2207 2203 2493 2260 audemus
2533 2221 2734 2276 preces
2782 2204 3046 2262 fundere.
3069 2229 3096 2255 ‹‹
3131 2205 3213 2261 Ne
3261 2205 3560 2277 irascaris,
3591 2205 3855 2271 Domine,

2207 2292 2372 2362 satis,
2397 2297 2454 2348 et
2474 2310 2544 2349 ne
2567 2293 2722 2349 ultra
2740 2293 3080 2351 memineris
3104 2293 3436 2367 iniquitatis
3459 2299 3692 2352 nostrae.
3716 2295 3856 2350 Ecce

2208 2381 2452 2454 respice,
2485 2381 2741 2455 populus
2793 2388 2932 2438 tuus
2983 2400 3189 2439 omnes
3219 2400 3350 2440 nos.
3378 2384 3510 2440 »Ne
3563 2383 3859 2450 irascaris,

2203 2470 2469 2540 Domine,
2502 2472 2673 2540 satis,
2700 2471 2758 2526 id
2805 2475 2895 2527 est
2951 2471 3152 2541 nimis,
3170 2472 3258 2528 vel
3289 2471 3448 2528 ultra
3476 2489 3652 2545 quam
3707 2473 3863 2530 ferre

2203 2564 2394 2632 potest
2424 2563 2623 2616 nostra
2651 2559 2935 2633 fragilitas
2960 2577 2972 2616 :
3006 2565 3066 2616 et
3105 2579 3177 2616 ne
3211 2559 3364 2618 ultra
3393 2561 3729 2618 memineris
3746 2561 3862 2616 ini-

2201 2649 2446 2721 quitatis
2477 2653 2709 2704 nostra.
2732 2649 2896 2716 Ecce,
2927 2649 3150 2721 respice
3221 2651 3294 2706 ad
3358 2667 3486 2722 nos,
3517 2655 3576 2706 et
3629 2651 3865 2707 attende

2201 2737 2662 2794 misericordiam
2693 2742 2856 2793 tuam
2891 2755 2904 2794 :
2938 2738 3192 2811 populus
3249 2742 3390 2797 tuus
3420 2740 3722 2812 quondam
3750 2740 3864 2796 fui-

2203 2843 2338 2883 mus
2367 2843 2572 2883 omnes
2606 2845 2644 2882 Il
2655 2843 2742 2883 08.

2283 2940 2311 2966 ‹‹
2337 2915 2553 2972 Civitas
2579 2915 2766 2972 sancti
2794 2915 2879 2972 tui
2911 2915 3063 2972 facta
3081 2921 3173 2974 est
3201 2917 3432 2974 deserta
3452 2917 3618 2987 Sion,
3639 2919 3868 2976 deserta

2212 3005 2365 3061 facta
2395 3007 2486 3060 est
2514 3004 2900 3071 Hierusalem,
2923 3005 3186 3062 desolata
3215 3006 3428 3063 domus
3457 3008 3870 3065 sanctiﬁcatio-

2210 3092 2304 3148 nis
2336 3097 2548 3150 nostrae
2574 3097 2632 3148 et
2653 3093 2849 3166 gloriae
2879 3099 3111 3164 nostrae,
3135 3095 3236 3150 ubi
3267 3095 3659 3153 laudaverunt
3687 3102 3746 3153 te
3779 3115 3870 3170 pa-

445 3183 610 3238 Sicut
637 3200 774 3256 ergo
805 3201 1037 3258 pannus
1057 3189 1433 3240 menstruam:
1457 3186 1723 3243 mulieris
1749 3187 2096 3243 immundus
2127 3169 2170 3236 C
2210 3187 2328 3239 tres
2360 3183 2570 3252 nostri,
2596 3183 2747 3239 facta
2779 3189 2866 3240 est
2888 3183 2947 3240 in
2979 3185 3344 3240 exustionem
3377 3185 3552 3258 ignis,
3576 3191 3639 3242 et
3665 3186 3874 3242 omnia

447 3274 754 3341 reputatur
782 3272 854 3326 ab
901 3273 1201 3341 omnibus,
1233 3273 1314 3329 ita
1356 3276 1530 3330 modo
1577 3275 1902 3332 observatio
1951 3275 2098 3350 legis

446 3373 625 3428 quam
649 3357 836 3413 Judaei
862 3359 1174 3415 carnaliter
1197 3361 1604 3434 impleverunt,
1628 3370 1938 3438 postquam
1962 3366 2100 3422 data

445 3449 536 3500 est
564 3445 755 3518 gratia
783 3445 1106 3520 Evangelii,
1135 3447 1294 3505 velut
1335 3449 1643 3507 immunda
1688 3457 1954 3526 reputate
1984 3459 2093 3510 est.

445 3533 728 3606 Sequitur
753 3551 768 3591 :

521 3645 543 3673 ι
579 3624 650 3679 Et
679 3623 1002 3682 cecidimus
1031 3647 1060 3677 ››
1084 3627 1192 3682 sub
1224 3627 1419 3700 gladio
1454 3629 1846 3686 Romanorum
1877 3632 2092 3704 «quasi

443 3711 649 3768 folium
682 3712 958 3784 universi,
987 3719 1044 3772 et
1075 3715 1420 3790 iniquitates
1451 3723 1662 3774 nostrae
1691 3721 1857 3792 quasi
1889 3725 2096 3777 ventus

444 3801 817 3859 abstulerunt
847 3820 974 3859 nos.
1003 3827 1032 3854 »
1053 3805 1278 3861 Ventus
1306 3807 1362 3861 in
1390 3825 1556 3864 sacra
1587 3809 1887 3881 Scriptura
1905 3810 2096 3868 varias

443 3890 622 3946 habet
678 3889 1157 3963 signiﬁcationes.
1206 3895 1534 3968 Aliquando
1593 3897 1748 3952 enim
1805 3899 2098 3972 signiﬁcat

443 3981 898 4037 commotionem
927 3982 1097 4050 aeris,
1127 3986 1193 4038 ut
1225 3983 1365 4039 illud
1395 4001 1449 4040 :«
1481 3985 1792 4058 Imperavit
1823 3989 2010 4044 ventis
2040 3993 2098 4044 et

447 4069 594 4124 mari
625 4069 776 4141 (Luc.
799 4071 945 4142 Vill).
974 4094 1002 4121 »
1024 4071 1350 4144 Aliquando
1381 4073 1664 4146 Spiritum
1705 4081 1996 4146 sancttun,
2033 4083 2099 4135 ut

447 4157 510 4212 in
529 4157 770 4212 Actibus
793 4159 1187 4229 apostolorum
1213 4177 1260 4217 :«
1284 4161 1493 4218 Factus
1515 4164 1849 4236 est(inquit)
1864 4171 2098 4239 repente

449 4259 632 4300 sonus
680 4247 964 4316 tanquam
1015 4248 1378 4305 advenientis
1437 4252 1682 4324 spiritus
1736 4254 2098 4312 vehementis

451 4331 584 4404 (Act.
610 4331 732 4403 11).»
755 4331 1011 4405 Spiritus
1033 4335 1110 4390 ibi
1133 4353 1238 4407 pro
1261 4343 1429 4394 vento
1451 4341 1706 4412 ponitur.
1726 4343 1789 4398 In
1813 4343 2101 4418 signiﬁca-

448 4419 607 4476 tione
619 4419 874 4492 Spiritus
888 4423 1072 4478 sancti
1088 4423 1403 4496 aliquando
1417 4425 1709 4498 signiﬁcat
1721 4433 2098 4490 tentationctn

449 4509 784 4565 daemonum
807 4513 866 4566 et
896 4510 1186 4567 malorum
1209 4512 1538 4584 hominum,
1567 4520 1629 4572 ut
1659 4517 1716 4572 in
1749 4521 2056 4593 Evangelio
2082 4539 2095 4578 :
2130 4543 2178 4610 D

448 4597 750 4654 Venerunt
801 4599 1068 4670 ﬂumina,
1117 4602 1404 4659 [laverunt
1448 4606 1603 4662 venti
1634 4608 1856 4678 (Matth.
1881 4615 2004 4679 vn),
2039 4611 2098 4667 id

449 4691 539 4744 est
567 4688 814 4743 tentatio
835 4689 1168 4746 daemonum
1191 4691 1278 4748 vel
1305 4693 1634 4765 hominum,
1659 4697 1718 4752 in
1741 4715 1860 4770 qua
1888 4697 2106 4772 signiti-

452 4773 680 4830 catione
707 4773 885 4830 etiam
919 4775 976 4831 in
1010 4779 1278 4849 praesenti
1309 4779 1434 4845 loco
1466 4783 1704 4854 ponitur
1729 4802 1742 4840 :
1773 4785 2103 4842 Cecidimus

452 4862 774 4935 (inquiunt)
807 4862 1002 4936 gladio
1040 4867 1438 4924 Romanorum
1491 4871 1764 4945 universi,
1791 4875 1962 4947 quasi
2014 4877 2102 4932 fo-

450 4949 620 5006 lium.
645 4951 715 5006 Et
744 4951 1086 5024 iniquitates
1131 4961 1367 5022 nostrae,
1397 4958 1455 5013 id
1486 4964 1596 5026 est,
1620 4968 1856 5034 peccata
1903 4969 2104 5020 nostra

450 5043 509 5096 et
531 5040 763 5113 negatio
782 5039 842 5094 in
863 5045 938 5109 te,
955 5043 1124 5114 quasi
1144 5048 1351 5100 ventus
1373 5045 1744 5104 abstulerunt
1765 5067 1892 5118 nos,
1910 5051 1964 5108 id
1989 5058 2100 5123 est,

448 5129 695 5186 tentatio
725 5129 1059 5186 daemonum
1105 5136 1163 5187 et
1212 5133 1607 5190 Romanorum
1641 5141 1967 5208 persecutio
1999 5143 2098 5197 ab-

451 5217 746 5275 stulerunt
793 5237 900 5275 nos
945 5238 980 5276 a
1028 5221 1338 5293 praesentia
1381 5227 1502 5291 tua,
1525 5229 1584 5280 et
1614 5241 1648 5280 a
1677 5229 1831 5282 terra
1879 5234 2095 5300 nostra,

451 5308 608 5364 sicut
634 5307 824 5365 aufert
851 5313 1060 5366 ventus
1089 5309 1226 5366 folia
1254 5313 1324 5366 de
1355 5313 1682 5369 arboribus.

525 5419 554 5447 «
575 5398 701 5454 Non
723 5403 814 5454 est
834 5400 936 5470 qui
956 5399 1184 5455 invocet
1201 5417 1415 5456 nomen
1441 5405 1631 5470 tuum,
1651 5403 1752 5474 qui
1784 5410 2101 5479 consurgat

453 5489 512 5539 et
537 5489 730 5542 teneat
760 5491 835 5542 te.
859 5509 889 5536 »
923 5487 1046 5544 Non
1088 5492 1198 5560 est,
1229 5489 1516 5546 subaudis
1565 5492 1739 5548 modo
1786 5493 2002 5566 aliquis
2031 5513 2100 5553 ex

458 5570 648 5644 nobis,
673 5573 772 5650 qui
801 5574 1027 5634 invocet
1057 5593 1269 5635 nomen
1301 5581 1468 5636 tuum
1492 5580 1686 5652 corde,
1709 5597 1806 5640 ore
1825 5587 1885 5640 et
1904 5601 2097 5661 opere,

2207 3271 2624 3328 desiderabilia
2654 3276 2854 3328 nostra
2881 3289 3048 3329 versa
3087 3277 3227 3328 sunt
3264 3273 3325 3328 in
3365 3273 3628 3340 ruinas,»
3651 3273 3873 3330 Civitas

2209 3361 2394 3418 sancti
2448 3360 2555 3429 tui,
2579 3359 2688 3416 hoc
2744 3365 2834 3418 est
2889 3361 3210 3418 sanctuarii
3241 3361 3328 3418 tui
3355 3361 3445 3418 vel
3503 3361 3715 3434 templi
3766 3361 3873 3432 tui,

2209 3449 2363 3506 facta
2389 3452 2480 3506 est
2503 3449 2734 3506 deserta
2763 3449 2901 3507 Sion
2923 3467 2958 3506 a
2977 3454 3054 3506 te.
3080 3449 3218 3506 Sion
3239 3455 3298 3507 et
3325 3450 3712 3520 Hierusalem,
3737 3451 3877 3508 licet

2211 3539 2326 3594 duo
2357 3537 2598 3594 nomina
2626 3537 2767 3606 sint,
2795 3543 2992 3596 tamen
3023 3555 3204 3595 unam
3238 3539 3736 3613 significationem
3767 3540 3876 3597 ha-

2208 3627 2348 3682 bent
2371 3627 2563 3682 istoin
2589 3627 2810 3694 loco,id
2832 3633 2920 3683 est
2941 3627 3228 3700 templum
3249 3633 3308 3684 et
3327 3628 3615 3684 civitatem
3639 3629 3882 3703 signifi-

2207 3715 2480 3784 c‘ant,ubi
2506 3715 2804 3788 quondam
2829 3715 2938 3771 fuit
2959 3715 3265 3789 speculum
3293 3723 3352 3773 et
3375 3717 3513 3773 visio
3531 3716 3728 3788 pacis.
3759 3719 3882 3775 Sed

2206 3810 2524 3878 postquam
2573 3804 2886 3861 Dominum
2936 3805 3168 3878 negavit
3209 3805 3462 3878 populus
3495 3805 3862 3862 Judaeorum

2207 3893 2436 3950 deserta
2463 3895 2617 3949 facta
2642 3897 2733 3950 est
2763 3893 3124 3950 Hierusalem
3149 3910 3184 3950 a
3213 3896 3347 3962 Deo,
3367 3896 3533 3966 juxta
3557 3896 3733 3966 quod
3756 3887 3885 3953 Sal:

2203 3986 2371 4038 vator
2388 3981 2472 4039 eis
2496 3983 2661 4038 dixit.
2689 3983 2754 4038 In
2776 3981 3022 4040 historia
3037 3983 3435 4040 ecclesiastica
3457 3983 3676 4039 dicitur
3707 4001 3726 4040 :
3749 4003 3883 4058 qua

2207 4071 2418 4128 auditae
2437 4070 2736 4128 sintvoces
2753 4071 2814 4127 in
2832 4071 3050 4145 templo
3069 4072 3331 4129 dicentes
3350 4090 3362 4130 :
3379 4074 3793 4130 Transeamus
3809 4074 3884 4130 ab

2207 4159 2301 4216 his
2333 4161 2593 4216 sedibus.
2615 4160 2836 4216 Domus
2857 4161 3342 4218 sanctificationis
3371 4166 3580 4218 nostrae
3607 4179 3748 4235 quae
3773 4180 3886 4219 nos

2208 4249 2630 4318 senctiﬁcabat,
2658 4250 2758 4306 ubi
2790 4248 3246 4307 immolabamns
3272 4255 3335 4308 et
3356 4251 3765 4308 oﬂ’erebamus
3794 4269 3885 4309 sa-

2207 4337 2797 4408 criﬁcium,desolata
2815 4343 2906 4395 est
2935 4356 2967 4396 a
2993 4344 3069 4406 te,
3093 4343 3151 4395 et
3171 4341 3386 4397 domus
3406 4339 3606 4414 gloriae
3633 4347 3884 4408 nostrae,

2209 4428 2269 4482 in
2329 4445 2446 4500 qua
2502 4426 2920 4500 gloriabamur.
2952 4429 3176 4484 Domus
3234 4429 3335 4486 ubi
3389 4429 3886 4486 laudaveruntte

2212 4520 2410 4588 patres
2440 4517 2648 4585 nostri,
2680 4518 2832 4573 facta
2863 4521 2952 4573 est
2995 4517 3054 4572 in
3107 4518 3470 4575 exustionem
3521 4518 3712 4591 ignis,
3749 4537 3886 4576 suc-

2213 4623 2388 4662 censa
2417 4609 2507 4662 est
2551 4622 2586 4660 a
2635 4606 2839 4675 Roma,
2871 4610 2926 4662 et
2955 4607 3155 4662 omnia
3183 4607 3600 4664 desiderabilia
3648 4614 3886 4678 nostra,

2214 4695 2271 4750 id
2303 4699 2392 4750 est
2419 4699 2622 4751 sancta
2651 4698 3010 4764 sanctorum,
3044 4700 3180 4766 etc.,
3203 4713 3331 4769 quae
3374 4697 3448 4752 ad
3492 4695 3889 4754 honestatem

2214 4784 2601 4856 pertinebant,
2623 4800 2792 4842 versa
2811 4789 2951 4841 sunt
2977 4785 3038 4840 in
3069 4785 3295 4842 ruinas.
3321 4785 3542 4842 Domus
3564 4785 3675 4842 Dei
3707 4804 3894 4860 gene-

2213 4873 2414 4929 raliter
2441 4877 2646 4930 sancta
2681 4873 2938 4931 Ecclesia
2995 4878 3102 4944 est,
3129 4874 3459 4948 specialiter
3481 4891 3621 4932 vero
3681 4892 3898 4934 unus-

2211 4963 2462 5035 quisque
2492 4963 2702 5032 fidelis,
2728 4962 2832 5035 qui
2863 4968 3004 5020 tunc
3033 4963 3154 5037 igni
3185 4968 3244 5019 et
3285 4963 3560 5020 incendio
3593 4965 3894 5034 traditur,

2211 5053 2445 5124 quando
2475 5051 2716 5106 luxuriae
2747 5055 2804 5108 et
2833 5053 3086 5109 avaritiae
3117 5054 3360 5110 aestibus
3390 5054 3668 5111 deservit.

2283 5141 2611 5212 «Nunquid
2644 5158 2822 5214 super
2845 5141 2937 5198 his
2967 5141 3296 5198 continebis
3319 5147 3396 5212 te,
3421 5141 3698 5212 Domine,
3728 5149 3902 5202 tace-

2208 5227 2299 5284 bis
2329 5233 2388 5284 et
2408 5229 2523 5284 afﬂi
2531 5247 2633 5304 ges
2655 5247 2762 5286 nos
2781 5230 3244 5288 vehementer?»
3270 5231 3552 5304 Nunquid
3576 5249 3780 5306 super
3801 5235 3903 5293 his

2207 5318 2464 5375 miseriis
2495 5319 2714 5375 nostris
2744 5319 3071 5377 continebis
3098 5325 3174 5390 te,
3210 5321 3472 5389 Domine,
3507 5324 3576 5378 ut
3603 5338 3736 5378 non
3775 5325 3905 5380 im-

2207 5409 2430 5481 pendas
2463 5407 2630 5464 nobis
2661 5407 3122 5466 miscricordiam
3143 5409 3172 5466 ‘2
3215 5409 3498 5483 Nunquid
3527 5411 3804 5482 tacebis,
3843 5415 3906 5472 id

2205 5501 2296 5554 est
2325 5496 2593 5570 nunquid
2616 5497 2882 5556 manebis
2915 5497 2975 5554 in
3005 5498 3114 5558 hac
3143 5499 3384 5572 duritia,
3406 5503 3475 5558 ut
3504 5500 3758 5576 afﬂigas
3785 5521 3905 5562 nos

2203 5587 2580 5646 vehementer
2600 5586 2630 5644 ‘I
