4046 6188
481 347 641 432 1075

910 369 1320 432 HAYMONIS
1354 370 1892 431 llALBERSTAT.
1928 369 2170 430 EPISC.
2205 369 2377 431 OPP.
2409 368 2607 429 PARS
2638 369 2686 429 Ι.
2717 401 2793 411 —-
2822 365 3226 428 COMMENT.
3258 363 3456 426 BlBL.

3725 361 3857 424 {0'16

477 503 1037 576 tustate,postquam
1067 501 1331 558 venerint
1361 501 1433 558 ad
1465 502 1660 570 ﬁdem,
1681 519 1797 558 non
1829 503 2126 558 nocebunt
2155 503 2208 570 Α
2237 503 2600 574 QuaprOpter
2629 501 2770 556 dicit
2800 499 3083 556 Dominus
3123 497 3497 570 omnipotens
3525 495 3597 552 ad
3625 493 3748 552 illos
3775 497 3856 569 qui

477 593 646 664 agnis
676 595 734 646 et
763 590 973 656 bobus,
1005 590 1063 645 id
1097 595 1187 646 est
1215 591 1542 647 mansuetis
1572 596 1629 646 et
1657 590 2120 648 humilibus.Vel

475 697 593 736 non
623 679 918 736 nocebunt
965 679 1336 748 alterutrum,
1372 699 1558 754 neque
1589 680 1852 736 occident
1883 681 2029 735 alios
2063 681 2119 735 in

476 767 748 841 praesenti
779 767 1038 824 Ecclesia
1067 769 1153 825 vel
1184 770 1243 824 in
1293 769 1512 825 caelesti
1573 769 1956 825 Hierusalem.
1992 770 2122 846 Haec

475 857 676 914 omnia
703 857 890 912 Judaei
923 858 1234 914 carnaliter
1261 858 1614 932 intelligunt,
1642 859 1954 914 referentes
1967 876 2035 913 ea
2049 859 2120 914 ad

474 949 710 1018 tempus
744 944 900 1002 mille
929 963 1218 1002 annorum
1241 951 1298 1002 et
1319 947 1391 1002 ad
1413 947 1627 1002 Christi
1659 946 1750 1001 sui
1784 948 2120 1015 adventum,

475 1038 534 1090 et
549 1033 754 1091 dicunt
784 1035 921 1107 quia
950 1038 1114 1091 tanta
1145 1053 1256 1108 pax
1269 1039 1326 1091 et
1345 1037 1630 1092 securitas
1653 1036 1764 1092 erit
1783 1035 1888 1102 eis,
1923 1041 1988 1090 ut
2018 1054 2122 1090 an-

476 1123 818 1196 gustissime
848 1123 972 1197 lupi
1007 1128 1065 1181 et
1093 1124 1250 1197 agni,
1283 1125 1480 1181 leones
1509 1130 1565 1181 et
1592 1127 1789 1193 boves,
1823 1129 2122 1197 serpentes

476 1217 536 1269 et
549 1211 1024 1280 homines,simul
1045 1215 1356 1270 comedent
1373 1218 1430 1270 et
1451 1214 1666 1286 pariter
1686 1217 2124 1269 commorantur

477 1299 701 1357 amissa
729 1301 888 1356 omni
947 1299 1250 1356 severitate
1283 1317 1296 1355 :
1331 1305 1389 1357 et
1420 1301 1511 1356 his
1541 1301 1758 1357 innoxii
1793 1302 1914 1357 sint
1941 1301 2039 1374 qui
2065 1301 2123 1356 in

477 1387 696 1462 templo
715 1387 806 1444 vel
830 1389 888 1443 in
912 1393 1109 1445 monte
1131 1392 1332 1445 sancto
1355 1389 1746 1446 habitaverint
1769 1407 1782 1446 :
1810 1408 1878 1446 ex
1898 1407 2012 1463 quo
2045 1390 2129 1445 in-

477 1477 764 1550 telligitur
793 1493 998 1534 omnes
1027 1477 1378 1534 occidendos
1408 1477 1508 1552 qui
1539 1483 1704 1536 extra
1733 1483 1991 1535 montem
2012 1480 2130 1534 fue-

481 1567 618 1623 rint.
651 1567 762 1623 Sed
789 1565 906 1622 ista
933 1566 1132 1623 omnia
1162 1565 1306 1623 falso
1337 1584 1530 1624 errore
1553 1568 1876 1641 excogitata
1896 1569 2132 1625 sunt.Et

482 1670 555 1712 ne
583 1671 690 1711 nos
719 1653 848 1728 ipso
877 1655 1122 1712 Judaico
1149 1672 1342 1712 errore
1373 1657 1940 1730 decepti,carnaliter
1953 1674 2020 1712 ea
2036 1657 2131 1712 in-

481 1742 880 1816 telligeremus
910 1743 1306 1817 adimplenda,
1328 1746 1696 1818 subsequens
1726 1763 1918 1802 sermo
1951 1746 2134 1802 mani-

482 1831 678 1900 festat,
711 1831 934 1890 dicens.

1075 1958 1308 2016 CAPUT
1359 1959 1548 2016 LXVI.

559 2123 589 2152 «
615 2101 744 2156 "ac
769 2099 910 2157 dicit
931 2101 1244 2158 Dominus:
1261 2101 1483 2158 leum
1516 2104 1683 2158 sedes
1705 2120 1836 2160 mea
1855 2108 1962 2171 est,
1985 2108 2140 2160 terra

485 2193 683 2246 autem
707 2189 1028 2246 seabellum
1046 2191 1260 2264 pedum
1279 2207 1604 2248 meorum.»
1619 2193 1748 2247 Haec
1760 2191 1934 2248 etiam
1951 2193 2136 2248 Judazi

486 2276 1286 2350 carnaliterintelligunt.Sed
1300 2296 1480 2351 quare
1492 2281 1646 2336 Deus
1657 2281 2027 2354 omnipotens
2039 2281 2139 2353 qui

487 2366 709 2438 ubique
729 2368 890 2420 totus
911 2369 1002 2422 est
1022 2367 1223 2422 sedere
1253 2384 1316 2423 se
1337 2367 1492 2422 dicat
1519 2369 1576 2422 in
1609 2369 1953 2441 coelo,paulo
1975 2386 2140 2442 supe-

488 2453 635 2519 rius,
659 2451 906 2509 Domino
938 2453 1270 2525 adjuvante,
1295 2454 1544 2526 pleniter
1572 2457 1974 2512 tractavimus.
1995 2459 2142 2523 Qua-

494 2545 732 2616 propter
756 2542 930 2598 modo
951 2541 1200 2599 breviter
1221 2544 1730 2617 suocinctequeest
1753 2548 2135 2619 tangendum,

489 2629 702 2689 etillud
724 2631 1060 2705 ponendum
1075 2633 1228 2705 quod
1244 2633 1670 2706 perJeremiam
1695 2635 1935 2691 dicitur:
1965 2658 1992 2687 «
2015 2637 2138 2692 Cm-

490 2719 619 2778 lum
654 2725 713 2777 et
739 2725 956 2777 terram
984 2738 1089 2795 ego
1121 2721 1336 2796 impleo
1367 2723 1537 2794 (Hier.
1561 2724 1758 2795 xxxm)
1780 2741 1794 2792 ;
1817 2747 1846 2774 »
1879 2729 1937 2780 et
1958 2725 2097 2780 alibi
2121 2742 2136 2780 ε

495 2833 525 2862 ‹‹
561 2810 670 2876 Qui
699 2813 859 2866 tenet
889 2811 1099 2867 coelum
1132 2811 1348 2883 palmo,
1381 2817 1439 2868 et
1469 2819 1684 2868 terram
1743 2813 1962 2886 pugillo
2013 2815 2134 2885 (Isa.

490 2898 606 2972 XL.)
641 2921 668 2948 »
701 2899 807 2954 Per
835 2898 946 2954 hoc
991 2899 1282 2972 siquidem
1331 2901 1662 2958 ostenditur
1703 2903 1856 2957 Deus
1883 2907 1940 2957 et
1971 2903 2144 2958 forin-

493 3005 665 3044 secus
685 2991 742 3043 ct
763 2987 1210 3058 extrinsecus,et
1229 2989 1462 3046 infusus
1483 2995 1540 3045 et.
1559 2990 1953 3047 circumfusus
1977 3009 1990 3048 ε
2024 3010 2139 3048 non

494 3076 689 3134 solum
721 3076 846 3132 caeli
881 3081 940 3132 et
965 3079 1258 3146 terrae,sed
1291 3083 1350 3135 et
1379 3078 1760 3135 invisibilium
1793 3085 2020 3136 creator
2039 3099 2140 3136 an-

489 3163 779 3238 gelorum,
812 3165 1199 3238 omniumque
1227 3167 1513 3223 virtutum
1543 3167 2142 3224 cmlestiuanmnia

2229 590 2370 646 talia
2399 590 2760 662 cogitabant:
2789 592 2962 656 «Quae
2986 591 3076 644 est
3105 587 3219 644 ista
3248 588 3462 642 domus
3492 589 3616 641 tam
3647 602 3857 659 magna,

2231 685 2351 734 tam
2385 680 2852 750 speeiosa,quam
2885 676 3249 732 aedificabitis
3281 674 3447 740 mihi,
3471 680 3536 730 ut
3565 674 3644 728 ibi
3676 675 3730 729 in
3760 693 3857 731 uno

2230 768 2358 824 loco
2383 767 2738 823 concludar?
2752 783 2946 822 nonne
2957 766 3077 821 haec
3092 763 3290 821 omnia
3302 780 3519 818 manus
3531 780 3661 818 mea
3682 764 3858 820 fecit?»

2231 858 2400 913 Certe
2422 857 2620 912 omnia
2639 875 2766 928 quae
2792 857 2942 911 facta
2965 858 3102 910 sunt
3125 873 3158 910 a
3178 870 3269 909 me
3304 854 3459 908 facta
3487 857 3644 908 sunt.
3675 853 3777 908 Sed
3801 859 3856 908 ut

2233 947 2567 1003 ostenderet
2598 945 2695 1001 ubi
2723 950 2880 1001 esset
2911 944 3074 1000 locus
3096 941 3561 1015 ejus,subjunxit
3592 941 3856 1013 inquiens:

2237 1059 2264 1086 «
2293 1037 2375 1091 Ad
2409 1053 2582 1107 quem
2614 1039 2810 1090 autem
2843 1032 3178 1111 rpspiciam,
3206 1030 3319 1086 nisi
3353 1032 3425 1085 ad
3459 1047 3783 1103 pauperem,
3811 1036 3860 1086 et

2233 1126 2550 1182 contritum
2583 1123 2814 1196 Spiritu,
2847 1129 2906 1178 et
2938 1125 3285 1178 trementem
3317 1137 3618 1176 sermones
3650 1121 3857 1176 meos?»

2233 1215 2378 1270 Ecce
2409 1213 2574 1269 locus
2605 1213 2733 1285 ejus
2755 1231 2768 1268 :
2789 1227 3106 1285 pauperem
3137 1214 3196 1266 et
3225 1209 3546 1265 contritum
3573 1207 3860 1280 spiritu,at-

2236 1321 2349 1377 que
2382 1307 2725 1358 trementem
2778 1317 3078 1358 sermones
3127 1317 3268 1356 suos
3314 1296 3571 1370 appellat
3599 1297 3852 1354 humilem

2237 1393 2685 1468 quemlibet,qui
2703 1391 3018 1449 contritum
3037 1391 3216 1447 habet
3235 1387 3514 1462 spiritum
3533 1387 3860 1444 condolendo

2236 1486 2293 1538 et
2323 1480 2724 1554 proximorum
2772 1479 3122 1550 inﬁrmitati,
3155 1483 3212 1534 et
3260 1493 3371 1534 sua
3427 1481 3647 1548 peccata
3698 1475 3858 1548 plan-

2239 1572 2428 1644 gendo
2447 1589 2460 1639 ;
2476 1573 2534 1624 et
2551 1569 2653 1642 qui
2671 1569 2892 1626 timens
2914 1568 2998 1624 ire
3018 1568 3077 1623 in
3101 1566 3462 1640 supplicium
3480 1570 3684 1621 cateruae
3703 1567 3856 1620 dam-

2240 1660 2497 1716 nationis
2549 1663 2740 1714 cessat
2769 1675 2802 1713 a
2833 1657 3028 1730 pravis
3075 1655 3375 1729 operibus,
3407 1655 3518 1710 iste
3553 1658 3637 1710 est
3664 1671 3864 1726 pauper

2241 1755 2417 1821 atque
2439 1747 2718 1804 humilis:
2747 1748 2819 1803 de
2845 1763 2962 1820 quo
2993 1746 3256 1818 loquitur
3284 1743 3345 1800 in
3375 1743 3675 1817 Evangelia
3693 1742 3861 1799 Salva-

2161 1871 2208 1936 B
2239 1842 2332 1894 tor
2355 1854 2368 1893 :
2394 1861 2420 1888 «
2447 1837 2606 1892 Beati
2631 1852 2918 1910 pauperes
2939 1834 3173 1908 spiritu,
3197 1832 3478 1906 quoniam
3509 1832 3758 1936 ipsorum
3785 1837 3860 1888 est

2245 1944 2490 2001 regnum
2515 1925 2790 1982 caelorum
2801 1967 2814 1980 .
2825 1947 2851 1974 »
2864 1926 2934 1981 Et
2945 1923 3086 1980 alibi
3101 1941 3114 1979 :
3131 1947 3160 1974 «
3175 1923 3392 1978 Beatus
3403 1920 3504 1994 qui
3519 1919 3862 1994 intelligitsu-

2246 2034 2350 2090 per
2377 2031 2626 2087 egenum
2653 2019 2710 2070 ct
2740 2030 3117 2086 pauperem.»
3139 2012 3203 2067 1n
3222 2010 3353 2067 istis
3374 2026 3512 2082 ergo
3539 2009 3860 2083 pauperibus

2246 2110 2304 2162 et
2324 2105 2670 2160 timentibus
2691 2120 2994 2159 sermones
3025 2100 3125 2157 Dei
3157 2099 3386 2156 habitat
3413 2099 3568 2155 Deus
3596 2115 3689 2171 per
3703 2098 3858 2154 ﬁdem

2246 2195 2302 2250 et
2331 2194 2544 2249 bonam
2572 2191 2956 2258 voluntatem,
2990 2189 3222 2263 ipsique
3269 2191 3410 2244 sunt
3447 2186 3718 2260 templum
3748 2185 3850 2253 Dei,

2247 2283 2398 2338 sicut
2417 2280 2730 2354 Apostolus
2761 2279 2942 2335 dicit:
2967 2303 2993 2330 «
3008 2275 3320 2350 Templum
3351 2275 3455 2333 Dei
3487 2279 3740 2332 sanctum
3767 2280 3854 2342 est,

2246 2371 2400 2444 quod
2431 2370 2572 2426 estis
2601 2387 2704 2425 vos
2736 2370 2782 2439 (Ι
2809 2369 2931 2424 Cor.
2963 2368 3071 2440 ιιι).
3107 2389 3136 2417 ››

2317 2483 2344 2509 ‹‹
2363 2459 2470 2526 Qui
2492 2458 2762 2514 immolat
2783 2456 3188 2529 bovem,quasi
3210 2455 3311 2528 qui
3333 2454 3640 2510 interficiat
3655 2454 3856 2509 virum:

2247 2535 2347 2620 qui
2409 2551 2626 2602 mactat
2683 2564 2882 2620 pecus,
2910 2545 3079 2618 quasi
3111 2544 3213 2618 qui
3245 2545 3576 2600 excerebret
3601 2559 3809 2599 canem.
3836 2564 3857 2589 ιι

2247 2636 2456 2692 Omnia
2481 2633 2767 2690 sacrificia
2795 2634 3131 2689 Judaeorum
3155 2636 3307 2704 (quae
3330 2648 3404 2686 ne
3435 2629 3602 2686 idolis
3627 2627 3861 2685 immola-

2249 2729 2379 2780 rent
2401 2724 2487 2780 eis
2513 2740 2791 2779 concessa
2811 2720 3090 2789 erant,vel
3123 2724 3360 2793 propter
3389 2721 3630 2793 ﬁguram
3655 2719 3774 2774 veri
3793 2735 3859 2772 sa-

2249 2812 2475 2882 criﬁcii)
2496 2811 2577 2868 ita
2607 2811 2933 2867 annihilata
2961 2811 3253 2866 habentur
3283 2815 3416 2882 post
3445 2808 3666 2865 Domini
3687 2806 3862 2880 pradi-

2249 2904 2558 2974 cationcm,
2590 2918 2853 2973 veraeque
2883 2899 3040 2956 illius
3069 2898 3490 2955 immolationis
3521 2897 3859 2962 sacriﬁcium,

2250 2992 2646 3064 corporisque,
2679 3007 2746 3046 ac
2777 2988 3082 3061 sanguinis
3111 2989 3242 3060 ejus
3271 2986 3786 3044 consecrationem:
3814 2990 3861 3040 ut

2250 3083 2352 3155 qui
2409 3078 2801 3136 immolaverit
2857 3079 3081 3144 bovem,
3117 3077 3202 3134 sic
3254 3076 3483 3149 placeat
3509 3075 3559 3131 ei
3589 3075 3750 3148 quasi
3780 3073 3855 3146 qui

2249 3169 2564 3227 interﬁciat
2591 3168 2779 3223 virum
2808 3185 2822 3235 ;
2855 3166 2954 3238 qui
2989 3166 3330 3223 mactaverit
3367 3181 3565 3238 pecus,
3594 3163 3755 3237 quasi
3781 3161 3856 3234 qui

494 3250 652 3308 enim
683 3269 789 3322 per
817 3252 1014 3323 ipsum
1049 3255 1198 3309 facta
1227 3259 1387 3323 sunt,
1406 3260 1464 3312 et
1493 3256 1619 3312 sine
1643 3256 1770 3329 ipso
1803 3258 2020 3313 factum
2051 3263 2142 3314 est
2169 3239 2212 3305 (ἶ
2251 3259 2580 3316 execrebret
2602 3256 2905 3326 canem,de
2924 3271 3040 3326 quo
3063 3271 3166 3326 per
3191 3253 3430 3326 Moysen
3458 3253 3736 3325 scriptum
3755 3257 3854 3306 est:

495 3337 666 3393 nihil.
687 3359 717 3386 »
751 3339 858 3392 Et:
884 3359 913 3388 «
938 3340 1000 3392 In
1021 3341 1240 3396 mundo
1270 3347 1415 3408 erat,
1447 3347 1504 3398 et
1532 3347 1790 3401 mundus
1812 3363 1914 3418 per
1943 3347 2138 3418 ipsum

495 3424 689 3481 factus
718 3426 808 3479 est
835 3424 1014 3492 (Joan.
1048 3425 1156 3496 1).»
1189 3426 1408 3481 Idcirco
1439 3433 1632 3484 autem
1665 3432 1881 3487 dicitur
1911 3435 1966 3488 in
1999 3435 2141 3490 coelo

495 3511 716 3581 sedere,
733 3511 872 3584 quia
901 3511 1112 3568 ccelum
1143 3512 1419 3570 omnibus
1448 3514 1752 3572 elementis
1782 3523 1836 3572 et
1867 3522 2144 3578 omnibus

493 3600 642 3659 locis
669 3599 998 3675 elegantius
1029 3605 1120 3658 est
1155 3606 1212 3658 et
1243 3602 1431 3676 magis
1461 3603 1670 3660 nobile.
1703 3605 1834 3662 Sive
1861 3608 2144 3666 debemus

493 3708 598 3766 per
620 3689 832 3746 caalum
864 3690 1190 3765 intelligere
1221 3691 1549 3766 angelicam
1598 3698 1892 3765 naturam,
1925 3715 2051 3769 quae
2084 3699 2141 3754 in

494 3779 832 3836 caalestibus
863 3785 1282 3849 commoratur,
1316 3785 1373 3838 et
1401 3782 1671 3839 homines
1719 3789 1955 3843 sanctos
1985 3787 2146 3845 coale-

495 3871 646 3926 stem
679 3867 1123 3942 angelicamque
1148 3869 1330 3926 vitam
1374 3871 1654 3928 ducentes
1682 3873 1740 3928 in
1773 3875 1988 3947 quibus
2019 3876 2144 3949 ipse

495 3955 858 4014 habitat.Per
887 3961 1104 4014 terram
1137 3963 1332 4015 autem
1367 3977 1493 4033 quae
1521 3961 1634 4017 diei
1645 3966 1740 4018 tur
1765 3981 1892 4020 esse
1916 3966 2144 4022 scabel-

492 4044 620 4102 lum
650 4045 866 4117 pedum
887 4047 1326 4118 ejus,debemus
1349 4048 1672 4124 intelligere
1691 4055 1952 4109 terrenos
1963 4053 2148 4111 homi-

495 4149 622 4200 nes,
641 4133 743 4204 qui
761 4138 988 4190 terrens
1002 4135 1226 4203 vivunt,
1245 4141 1302 4192 et
1325 4142 1614 4195 amatores
1636 4141 1840 4196 mundi
1867 4142 2144 4214 existunt,

494 4224 555 4276 et
573 4219 812 4292 angelos
835 4221 933 4292 qui
955 4223 1026 4276 de
1049 4223 1382 4281 coelestibus
1414 4227 1486 4280 ad
1517 4231 1734 4284 terram
1765 4233 1823 4284 et
1853 4229 1913 4284 iri
1945 4230 2145 4305 caligi-

497 4323 634 4363 nem
667 4305 840 4362 istius
871 4308 1024 4364 aeris
1055 4309 1204 4381 lapsi
1235 4317 1550 4384 sunt,quos
1571 4316 1695 4386 ipse
1721 4334 1828 4372 suo
1849 4319 2074 4389 judicio
2091 4325 2150 4376 et

495 4398 788 4468 potestate
818 4395 1005 4452 calcat
1029 4415 1044 4466 ;
1070 4397 1318 4471 ideoque
1349 4401 1492 4456 dicit
1520 4404 1752 4472 coelum,
1785 4405 1896 4463 hoc
1925 4413 2013 4463 est
2043 4427 2144 4465 an-

495 4483 610 4559 geli
641 4488 699 4540 et
727 4483 996 4542 homines
1017 4487 1191 4558 justi.
1215 4489 1382 4544 sedes
1415 4505 1564 4546 mea.
1592 4493 1771 4548 Terra
1800 4497 2026 4564 vero,id
2059 4503 2149 4554 est

2253 3371 2281 3399 «
2302 3348 2428 3404 Non
2449 3347 2652 3402 offeres
2677 3344 2733 3400 in
2758 3343 2932 3399 domo
2963 3341 3195 3398 Domini
3227 3341 3314 3398 tui
3345 3342 3670 3398 mercedem
3699 3356 3856 3396 mere-

2248 3435 2434 3502 tricis,
2469 3450 2656 3505 neque
2686 3431 2937 3504 pretium
2969 3431 3133 3487 canis
3163 3433 3340 3501 (Deut.
3371 3433 3555 3498 xxm).
3593 3454 3620 3479 υ
3652 3427 3858 3485 Pulchre

2252 3523 2416 3578 canis
2437 3526 2494 3577 et
2513 3521 2790 3577 meretrix
2805 3520 3323 3593 copulantur,quia
3341 3525 3654 3592 utrumque
3671 3514 3858 3574 animal

2251 3629 2502 3685 pronum
2524 3616 2614 3666 est
2633 3613 2704 3666 ad
2739 3611 3064 3666 libidinem.
3087 3611 3242 3677 «Qui
3275 3610 3446 3666 oﬂ‘ert
3473 3609 3820 3672 oblationem,
3838 3627 3856 3653 ι

2253 3699 2604 3758 subauditur
2633 3699 2899 3773 legalem,
2933 3723 2960 3750 ‹‹
2981 3698 3148 3772 quasi
3182 3698 3282 3771 qui
3313 3699 3512 3754 offerat
3538 3695 3862 3767 sanguinem

2253 3789 2537 3847 suillum»
2570 3793 2772 3845 contra
2802 3787 2946 3861 legis
2977 3791 3364 3860 praeceptum:
3389 3784 3522 3858 «qui
3549 3782 3864 3840 recordatur

2251 3879 2503 3944 thuris,»
2536 3877 2908 3944 subauditur,
2941 3878 3012 3933 ad
3044 3876 3152 3932 hoc
3183 3880 3248 3932 ut
3275 3875 3499 3939 offerat,
3533 3894 3561 3924 «
3590 3871 3748 3944 quasi
3777 3869 3862 3941 qui

2253 3967 2560 4024 benedicat
2593 3966 2766 4033 idolo,
2805 3989 2832 4015 »
2864 3965 2921 4020 id
2949 3968 3039 4022 est
3091 3965 3422 4020 venerando
3478 3959 3689 4018 laudet.
3720 3957 3865 4015 Tales

2254 4060 2396 4114 sunt
2421 4054 2774 4111 cmremonia:
2796 4053 3234 4110 JudzeorumEt
3253 4052 3337 4109 ita
3355 4053 3644 4109 habentur
3662 4051 3864 4119 accepta

2254 4162 2456 4202 eorum
2515 4142 2821 4208 sacriﬁcia,
2857 4146 3170 4214 postquam
3213 4143 3430 4198 veritas
3477 4137 3760 4212 Evangelii
3785 4152 3865 4208 per

2254 4234 2554 4290 Christum
2587 4233 2721 4288 data
2750 4236 2877 4287 est:
2905 4255 2932 4281 «
2956 4231 3086 4286 Haec
3119 4229 3375 4298 omnia,»
3398 4229 3744 4286 subauditur
3761 4240 3863 4298 quae

2254 4321 2527 4394 superius
2557 4321 2712 4376 dicta
2742 4324 2883 4376 sunt
2913 4319 2984 4374 de
3013 4319 3421 4375 immolatione
3457 4339 3479 4366 α
3507 4315 3792 4390 elegerunt
3815 4312 3862 4366 in

2253 4411 2364 4468 viis
2394 4410 2520 4466 suis
2550 4413 2608 4465 ct
2637 4409 2694 4464 in
2726 4408 3270 4466 abominationibus
3300 4407 3428 4464 suis
3473 4406 3671 4464 anima
3695 4417 3862 4461 eorum

2255 4499 2542 4556 delectata
2572 4501 2680 4554 est.
2715 4519 2744 4547 »
2775 4499 2847 4553 Et
2877 4497 3174 4570 elegerunt
3202 4496 3442 4569 (inquit)
3501 4513 3607 4552 suo
3659 4489 3864 4550 arbitrio

495 4571 713 4628 terreni
771 4571 1063 4642 homines,
1095 4574 1416 4631 seabellum
1448 4577 1664 4649 pedum
1697 4596 1961 4636 meorum
1996 4599 2010 4637 :
2044 4586 2144 4656 qui
2179 4603 2222 4668 Π
2255 4607 2369 4644 non
2404 4578 2876 4654 mca‘voluntate,
2914 4591 3046 4658 post
3071 4601 3272 4641 verum
3313 4583 3666 4641 sacriﬁcium
3693 4582 3861 4638 offerre

493 4677 594 4717 eos
615 4677 747 4716 mea
778 4664 1070 4733 potestate
1099 4667 1276 4736 atque
1302 4667 1456 4720 recto
1479 4667 1704 4738 judicio
1736 4670 2058 4742 comprime
2089 4677 2146 4729 et

493 4748 676 4806 calco.
697 4771 724 4800 «
739 4752 874 4816 Quae
895 4754 986 4806 est
1003 4751 1117 4808 ista
1135 4752 1560 4826 domus,qnam
1583 4757 2146 4817 zediﬁcabitismihi?

494 4839 553 4893 et
573 4837 708 4909 quis
739 4841 830 4894 est
856 4836 967 4894 iste
995 4838 1159 4912 locus
1189 4840 1403 4912 quietis
1435 4859 1575 4901 meaa
1594 4845 1622 4900 ‘I
1653 4867 1682 4894 ››

567 4947 596 4976 ‹‹
631 4923 842 4982 Omnia
862 4926 1004 5000 hac,
1039 4951 1067 4977 n
1097 4930 1452 4986 subauditur
1480 4949 1607 5004 qua:
1637 4934 1790 4992 facta
1819 4942 2150 5004 sunt,«ma-

497 5032 610 5072 nus
632 5031 780 5083 mea,
819 5037 846 5066 »
870 5015 989 5073 sive
1032 5017 1292 5088 potentia
1321 5036 1453 5076 mea
1483 5045 1511 5070 «
1545 5022 1700 5089 fecit,
1733 5029 1791 5080 et
1820 5027 1972 5082 facta
2003 5033 2146 5085 sunt

494 5103 767 5161 universa
787 5103 918 5172 ista,
941 5129 969 5154 ››
993 5106 1346 5162 subauditur
1365 5125 1399 5164 a
1421 5125 1534 5178 me,
1563 5131 1591 5160 «
1615 5111 1756 5167 dicit
1777 5113 2080 5172 Dominus.
2115 5140 2142 5167 ››

492 5191 678 5249 Judaei
708 5195 994 5266 putabant
1025 5198 1081 5250 et
1107 5193 1380 5252 dicebant
1407 5199 1563 5270 quod
1586 5199 1740 5256 Deus
1771 5202 2143 5274 omnipotens

495 5281 658 5338 nullo
680 5281 738 5337 in
761 5281 885 5339 loco
906 5287 1062 5340 esset
1083 5302 1262 5358 super
1277 5287 1632 5356 terram,nisi
1655 5287 1715 5344 in
1741 5290 2139 5364 templo,quod

494 5374 620 5425 erat
653 5369 1064 5444 Hierosolymis
1108 5374 1324 5429 factum
1357 5392 1392 5428 a
1421 5375 1750 5446 Salomone,
1785 5379 2141 5437 {estimantes

497 5453 662 5512 illum
681 5457 923 5516 looalem
945 5477 1101 5517 esse:
1129 5479 1244 5517 non
1275 5465 1648 5522 recordantes
1678 5469 1832 5539 quod
1866 5469 2140 5526 Salomon

499 5539 722 5628 dixerat
753 5547 844 5602 die
875 5549 1270 5608 Dedicationis
1301 5553 1562 5624 ejusdem
1596 5555 1828 5628 templi:
1865 5559 1964 5614 «Si
1984 5559 2142 5615 enim

498 5625 626 5683 cmli
659 5630 934 5692 caelorum
965 5657 1080 5695 non
1112 5644 1360 5711 possunt
1389 5644 1445 5697 te
1476 5659 1678 5715 capere
1710 5625 1982 5714 (IIParal.
2007 5649 2084 5720 ιι).
2109 5672 2136 5700 »

2254 4677 2446 4733 adhuc
2476 4674 2868 4748 ﬁgurativa,et
2897 4674 2956 4728 in
2989 4673 3533 4730 abominationibus
3565 4673 3693 4739 suis,
3709 4669 3758 4724 id
3783 4667 3859 4720 est

2253 4765 2314 4820 in
2345 4764 2437 4820 his
2469 4781 2596 4836 quae
2626 4762 2954 4819 abominari
2987 4761 3546 4830 debuerant,anima
3571 4774 3752 4819 eorum
3779 4754 3863 4810 de-

2253 4853 2465 4909 lectata
2495 4856 2608 4908 est.

2325 4965 2352 4990 «
2387 4941 2551 4997 Unde
2579 4945 2638 4997 et
2666 4957 2772 5014 ego
2821 4940 3034 5014 eligam
3081 4939 3388 4998 illusiones
3427 4957 3651 5008 eorum,
3682 4941 3738 4994 et
3763 4949 3868 5007 quae

2253 5030 2540 5086 timebant
2585 5030 2874 5084 adducam
2924 5027 3029 5085 eis.
3061 5051 3090 5079 ››
3127 5028 3437 5086 Illusiones
3476 5028 3672 5102 posuit
3699 5041 3793 5099 pro
3817 5035 3868 5076 eo

2254 5119 2406 5191 quod
2463 5120 2553 5173 est
2598 5115 2888 5172 illusores.
2922 5116 3062 5174 Tale
3091 5119 3248 5190 quod
3281 5122 3340 5175 et
3360 5118 3680 5192 Apostolus
3708 5111 3867 5171 dicit:

2253 5229 2280 5256 «
2312 5205 2486 5262 Dabit
2529 5204 2615 5260 eis
2663 5205 3060 5277 operationem
3110 5206 3447 5279 iniquitatis
3475 5208 3650 5277 (Rom.
3683 5206 3744 5274 ι),
3777 5225 3801 5250 υ
3827 5198 3869 5254 id

2251 5299 2340 5352 est
2368 5293 2668 5350 diabolum
2690 5298 2748 5350 et
2764 5294 3498 5352 Antichristum.lllusores
3515 5311 3648 5350 vero
3668 5291 3870 5348 duobus

2253 5383 2443 5439 modis
2475 5400 2790 5456 possumus
2823 5383 3256 5456 intelligere,vel
3291 5385 3579 5458 pessimos
3609 5379 3871 5455 principes

2251 5477 2308 5528 et
2337 5474 2622 5538 doctores,
2655 5475 2720 5526 ut
2752 5471 2990 5527 fuerunt
3018 5473 3222 5528 scribae
3254 5477 3312 5529 et
3344 5471 3640 5541 Pharisazi,
3674 5474 3731 5526 et
3759 5463 3870 5522 mali

2251 5561 2673 5626 saccrdotes,ut
2703 5559 2939 5616 fuerunt
2970 5560 3074 5616 filii
3107 5561 3231 5617 Heli
3267 5561 3365 5634 qui
3398 5577 3433 5616 a
3461 5559 3711 5617 Domino
3733 5551 3868 5612 electi

2251 5647 2553 5720 sunt,quia
2583 5649 2852 5720 permissi
2885 5653 3022 5705 sunt
3051 5649 3124 5706 ab
3156 5649 3256 5707 illo
3287 5649 3572 5706 dominari
3599 5648 3661 5702 in
3683 5639 3867 5718 populo
