4106 6190
363 339 519 403 1077

1418 339 1823 402 COMMENT.
1870 338 1948 399 IN
1993 336 2287 400 ISAIAM.
2320 340 2571 403 —LIB.
2622 342 2729 405 III.

3626 353 3780 421 1078

359 471 599 532 illo.Vel
632 476 697 530 ut
726 471 826 530 alii
856 471 1082 543 dicunt,
1097 471 1368 530 illusores
1391 471 1488 529 hic
1519 471 1772 547 appellat
1791 472 2010 528 damo-
2041 472 2097 540 Α
2128 475 2237 541 est,
2255 475 2319 529 ut
2349 492 2467 530 una
2497 493 2632 548 pars
2663 473 2860 550 populi
2884 480 2943 534 et
2964 477 3333 538 sacerdotum
3353 485 3618 544 tenerent
3637 491 3779 547 tem-

358 582 466 622 nes
497 568 555 621 et
583 562 1136 635 Romanos,quibus
1155 562 1241 618 illi
1264 563 1462 618 traditi
1496 567 1657 619 sunt.
1672 563 1743 618 Et
1763 565 1852 618 est
1883 579 2015 618 sen-

359 672 510 712 sus:
544 653 689 721 Quia
723 669 860 727 ergo
910 652 1033 709 hac
1080 651 1280 708 omnia
1322 651 1665 723 delegerunt
1712 652 1771 706 in
1822 652 2016 724 pravis

357 743 710 811 actionibus,
744 746 802 798 et
828 759 934 815 ego
967 757 1200 814 quoque
1230 741 1568 813 permittam
1600 740 1684 796 eis
1716 740 1929 796 habere
1959 744 2015 796 et

353 831 646 889 dominari
675 830 895 887 multos
927 830 1221 903 principes
1270 831 1719 903 sacerdotesque
1770 847 1883 885 non
1933 847 2017 886 re-

352 926 499 989 ctos,
526 919 730 993 quales
771 923 1093 975 merentur.
1144 921 1215 975 Et
1260 918 1418 975 mala
1447 936 1574 992 qua
1627 919 1859 987 timent,
1893 919 2015 975 sive

354 1009 553 1081 famis,
578 1009 698 1065 sive
730 1007 1126 1076 mortalitatis,
1160 1025 1263 1064 seu
1313 1007 1667 1080 captivitatis
1722 1008 2011 1063 adducam

353 1099 441 1156 eis
464 1115 478 1154 :
502 1097 592 1155 vel
612 1098 841 1153 tradam
863 1114 962 1154 eos
985 1097 1354 1153 damonibus
1373 1096 1864 1169 Romanisque.Et
1885 1115 2012 1169 qua

355 1188 666 1254 timebant,
691 1186 950 1243 dicentes
980 1203 993 1241 :
1031 1208 1059 1237 ‹‹
1082 1187 1194 1243 Sed
1223 1185 1581 1241 dimittimus
1612 1203 1747 1241 eum
1765 1185 1868 1255 sic,
1893 1203 2014 1241 om-

358 1295 463 1334 nes
493 1277 731 1333 credent
770 1276 827 1332 in
878 1293 1034 1332 eum.
1067 1276 1242 1349 (Joan.
1275 1277 1376 1343 x1).
1414 1297 1441 1324 »
1473 1275 1543 1329 Et
1588 1274 1734 1330 forte
1780 1275 2014 1330 venient

358 1366 606 1423 Romani
629 1368 687 1422 et
705 1364 912 1422 tollent
935 1368 1204 1422 nostrum
1236 1364 1430 1421 locum
1463 1368 1522 1420 et
1541 1368 1774 1437 gentem
1800 1364 2013 1419 :addu-

356 1473 487 1512 cam
516 1454 623 1523 eis,
658 1459 716 1510 et
743 1455 990 1527 perdent
1019 1453 1213 1511 locum
1240 1453 1445 1526 templi
1476 1458 1533 1508 et
1561 1470 1775 1509 nomen
1823 1450 2007 1525 regni.

355 1546 725 1615 Causamque
755 1542 950 1598 reddit
977 1559 1159 1615 quare
1187 1541 1328 1598 talia
1359 1542 1444 1597 eis
1484 1541 1770 1597 intulerit.
1804 1565 1830 1591 ‹‹
1865 1540 2012 1607 Quia

355 1632 551 1689 vocavi
585 1654 613 1681 »
646 1631 885 1688 dicens:
913 1654 941 1682 ‹‹
966 1631 1378 1688 Panitentiam
1415 1629 1568 1703 agite
1599 1631 1805 1702 (Matth.
1840 1630 1947 1703 1v);
1981 1652 2009 1679 »

356 1726 416 1778 et
446 1738 460 1776 :
495 1744 523 1772 «
551 1719 759 1777 Venite
792 1720 863 1775 ad
897 1736 1009 1785 me,
1029 1736 1236 1775 omnes
1258 1718 1359 1791 qui
1381 1718 1664 1775 laboratis
1693 1722 1752 1775 et
1784 1718 2011 1774 onerati

355 1809 594 1877 estis,et
621 1825 728 1882 ego
755 1826 860 1865 vos
887 1807 1145 1864 reficiam
1167 1807 1376 1877 (Matth.
1400 1807 1505 1880 x1),
1534 1828 1562 1858 »
1598 1829 1626 1857 «
1657 1810 1714 1863 et
1742 1824 1857 1863 non
1886 1811 2012 1862 erat

355 1899 456 1973 qui
483 1899 924 1972 responderet.»
960 1898 1272 1969 Sequendo
1292 1900 1349 1952 et
1379 1896 1705 1953 obediendo
1727 1918 1755 1946 ‹‹
1781 1895 2012 1952 locutus

355 2005 489 2045 sum
512 1991 570 2044 et
596 2004 714 2043 non
743 1986 1115 2056 audierunt,»
1146 1986 1206 2042 id
1229 1989 1319 2043 est
1340 2003 1456 2041 non
1489 1985 1728 2041 fuerunt
1746 1984 2011 2040 obedien-

353 2081 466 2134 tes.
500 2099 529 2127 «
559 2076 959 2148 Feceruntque
989 2074 1213 2131 malum
1244 2074 1305 2130 in
1337 2074 1522 2130 oculis
1545 2074 1714 2142 meis,
1738 2096 1765 2124 ι)
1790 2073 1899 2130 hoc
1922 2078 2012 2130 est

357 2165 421 2221 in
463 2164 772 2237 prasentia
815 2181 966 2234 mea,
1004 2186 1032 2216 «
1058 2167 1115 2220 et
1144 2180 1273 2237 qua
1301 2163 1462 2219 nolui
1483 2163 1803 2237 elegerunt,
1838 2162 1895 2219 id
1923 2166 2012 2219 est

362 2269 621 2310 errorem
653 2253 888 2311 falsum.

436 2363 466 2392 «
492 2341 705 2398 Audite
722 2343 963 2399 verbum
996 2342 1228 2399 Domini
1261 2342 1361 2416 qui
1392 2341 1643 2398 tremitis
1665 2341 2008 2397 ad'verbum

358 2430 512 2503 ejus.
548 2430 828 2487 Dixerunt
848 2431 1056 2489 fratres
1086 2431 1264 2489 vestri
1292 2431 1557 2488 odientes
1604 2448 1729 2498 vos,
1761 2435 1818 2486 et
1863 2430 2008 2503 abji-

358 2517 579 2576 cientes
605 2525 846 2592 propter
877 2535 1091 2576 nomen
1116 2537 1315 2576 meum
1347 2536 1361 2575 :
1396 2518 1766 2576 Glorificetur
1813 2519 2009 2575 Domi-

360 2624 494 2679 nus,
527 2612 586 2664 et
631 2608 964 2664 videbimus
1020 2607 1079 2662 in
1129 2607 1331 2664 latitia
1380 2612 1574 2665 vestra
1607 2624 1618 2664 :
1650 2607 1762 2680 ipsi
1812 2612 2008 2664 autem

358 2696 853 2768 confundentur.»
875 2696 997 2751 Vox
1028 2696 1322 2769 propheta
1358 2696 1647 2751 hortantis
1674 2695 2007 2768 apostolos:

352 2786 589 2853 Audite,
614 2783 837 2857 populi,
859 2784 1102 2841 verbum
1135 2784 1505 2857 Domini,qui
1534 2784 1808 2851 tremitis,
1832 2784 1889 2839 id
1921 2788 2012 2840 est

354 2873 457 2947 qui
491 2873 874 2930 reverentiam
926 2872 1158 2929 habetis
1188 2874 1259 2929 ad
1310 2889 1639 2929 sermonem
1681 2874 1830 2945 ejus.
1856 2872 2012 2931 Dixe-

355 2966 496 3018 runt
519 2962 729 3018 fratres
750 2961 927 3017 vestri
947 2960 1134 3017 Judai
1156 2961 1421 3017 odientes
1442 2979 1563 3030 vos,
1587 2965 1643 3017 et
1672 2961 2011 3033 abjicientes

351 3066 457 3106 vos
488 3066 555 3106 eo
591 3050 745 3122 quod
763 3048 823 3104 in
846 3064 940 3104 me
961 3048 1219 3120 creditis,
1234 3053 1291 3105 et
1312 3053 1548 3122 propter
1567 3067 1778 3106 nomen
1797 3067 2008 3106 meum

356 3138 513 3211 quod
547 3136 950 3211 babetis,quia
981 3154 1015 3193 a
1036 3153 1129 3193 me
1147 3137 1379 3194 Christo
1400 3138 2010 3195 Christianivocamini

355 3226 833 3300 (Joan.1x.)Jam
882 3225 1040 3283 enim
1090 3225 1573 3299 conspiraverunt
1616 3228 1799 3283 Judaei
1849 3231 1916 3284 ut
1960 3228 2010 3284 si

356 3316 493 3389 quis
521 3316 900 3373 confiteretur
928 3332 1063 3372 eum
1095 3315 1394 3372 Christum
1429 3319 1591 3372 extra
1641 3316 2008 3390 Synagogam

354 3406 540 3461 fieret.
571 3406 800 3461 Fratres
831 3408 1028 3462 autem
1058 3408 1345 3461 vocantur
1373 3406 1699 3461 secundum
1747 3422 2009 3474 carnem,

356 3510 476 3548 non
515 3493 648 3561 fide,
672 3509 859 3565 neque
909 3493 1293 3567 operatione:
1330 3497 1396 3549 ut
1443 3492 1553 3566 ipsi
1605 3494 1817 3567 apstoli
1869 3512 2010 3551 suos

358 3584 763 3652 persecutores
792 3586 849 3637 et
878 3598 976 3639 eos
1008 3581 1106 3655 qui
1156 3599 1219 3638 se
1266 3582 1683 3638 abominantur
1714 3583 1772 3638 in
1812 3582 2007 3639 locum

357 3669 606 3723 fratrum
637 3667 1087 3727 habeant.Unde
1118 3672 1324 3727 Petrus
1354 3671 1501 3727 dixit
1533 3688 1545 3727 :
1579 3695 1607 3721 ‹‹
1630 3671 1753 3726 Viri
1778 3672 2007 3738 fratres,

354 3755 553 3812 audite
584 3756 718 3827 (Act.
752 3761 838 3827 ιι),
878 3783 906 3809 ››
938 3765 997 3815 et
1045 3759 1300 3815 Paulus:
1341 3782 1369 3809 «
1417 3760 1685 3815 Tristitia
1730 3764 1822 3815 est
1863 3758 2011 3815 mihi

355 3859 572 3917 magna
601 3859 705 3915 pro
734 3846 1017 3901 fratribus
1039 3846 1187 3900 meis
1219 3846 1317 3917 qui
1351 3850 1491 3900 sunt
1532 3846 1805 3901 Israelita
1835 3848 2006 3919 (Rom.

354 3935 519 4003 1v.).»
541 3930 827 3987 Dicebant
842 3947 979 4003 ergo
1000 3932 1187 3987 Judai
1204 3934 1275 3988 ad
1299 3934 1593 4005 apostolos
1616 3950 1630 3988 :
1654 3934 2013 4007 glorificetur

354 4021 666 4088 Dominus,
704 4019 763 4075 id
794 4024 885 4075 est
914 4025 1195 4093 appareat
1226 4021 1499 4078 sublimis
1547 4026 1604 4079 et
1631 4022 1920 4097 gloriosus
1950 4024 2011 4079 in

356 4110 669 4181 majestate
689 4112 746 4164 et
766 4107 972 4164 habitu
1000 4109 1318 4181 regnantis.
1332 4110 1403 4164 Et
1417 4110 1747 4167 videbimus
1763 4111 1933 4168 illum
1952 4113 2011 4168 in

354 4197 557 4253 latitia
585 4201 806 4265 nostra,
840 4196 898 4252 id
928 4200 1018 4253 est
1047 4196 1157 4252 hoc
1187 4196 1297 4252 erit
1325 4201 1528 4254 nostra
1555 4198 1754 4255 latitia
1782 4204 1840 4255 et
1868 4217 2010 4274 gau-

355 4284 542 4355 dium,
579 4301 715 4341 cum
745 4284 1079 4341 videbimus
1108 4301 1242 4341 eum
1281 4284 1624 4358 gloriosum.
1658 4287 1828 4344 Modo
1880 4306 2011 4344 vero

356 4373 539 4430 nolite
572 4374 742 4430 nobis
773 4373 1059 4430 humilem
1090 4378 1150 4430 et
1180 4374 1520 4447 despectum
1544 4375 1885 4448 pradicare;
1910 4378 2010 4432 sed

361 4462 674 4518 audiamus
707 4462 849 4535 quid
882 4461 1167 4535 sequitur.
1201 4462 1317 4535 Ipsi
1351 4466 1548 4518 autem
1585 4464 1771 4520 Judai
1805 4464 2013 4520 fratres

357 4548 539 4640 vestri
570 4549 665 4640 qui
701 4549 1076 4640 taliaAdicunt
1105 4551 1557 4617 confundantur,
1583 4556 1642 4606 et
1670 4552 2015 4609 erubescent
2041 4576 2090 4640 Ι)

355 4638 429 4694 de
462 4655 570 4694 sua
598 4637 1027 4709 incredulitate,
1060 4658 1194 4697 cum
1225 4640 1492 4697 Christus
1524 4640 1797 4698 sublimis
1821 4645 1878 4697 et
1897 4641 2014 4715 glo-

354 4726 546 4783 riosus
569 4727 909 4800 apparuerit
928 4730 1207 4785 omnibus
1223 4729 1566 4786 hominibus
1587 4730 1646 4784 in
1670 4731 1764 4786 die
1777 4729 2008 4802 judicii.

352 4815 454 4871 Vel
484 4814 660 4871 etiam
693 4817 832 4889 quia
859 4817 1000 4874 talia
1020 4818 1294 4874 dixerunt
1319 4814 1756 4874 donfundentur
1783 4823 1840 4875 et
1860 4817 2009 4890 peri-

351 4905 503 4961 bunt
528 4904 588 4959 in
621 4906 913 4976 prasenti,
938 4907 1094 4963 sicut
1123 4906 1431 4979 sequentia
1447 4907 1846 4963 manifestant.
1863 4907 2007 4961 Nam

353 4991 629 5048 subditur
652 5010 665 5048 :

423 5103 452 5129 ‹‹
482 5079 603 5135 Vox
630 5081 833 5154 populi
866 5082 938 5138 de
969 5081 1223 5150 civitate,
1255 5100 1363 5138 vox
1392 5084 1463 5140 de
1495 5082 1737 5157 templo,
1767 5101 1877 5139 vox
1906 5084 2014 5139 Do-

352 5167 498 5224 mini
531 5170 832 5226 reddentis
862 5168 1311 5226 retributionem
1333 5170 1591 5227 inimieis
1612 5172 1757 5228 suis.
1781 5196 1809 5222 ››
1829 5173 2012 5228 Adve-

351 5255 547 5313 niente
579 5257 843 5315 Romano
873 5258 1130 5315 exercitu
1169 5261 1227 5314 et
1274 5260 1676 5315 circumdante
1718 5260 2011 5315 civitatem

350 5344 529 5415 (sicut
557 5345 853 5419 Josephus
873 5346 1382 5420 historiographus
1416 5346 1663 5415 scribit),
1690 5348 1839 5402 versi
1874 5352 2015 5402 sunt

349 5434 454 5505 qui
488 5439 655 5491 erant
683 5435 840 5491 intra
867 5434 1160 5491 civitatem
1184 5435 1243 5489 in
1268 5435 1615 5491 seditionem
1641 5434 1699 5489 in
1740 5439 1856 5491 tres
1878 5454 2011 5508 par-

346 5525 457 5589 tes,
490 5525 909 5581 contendentes
936 5524 1006 5580 de
1036 5523 1392 5596 principatu.
1428 5522 1556 5579 Una
1601 5540 1739 5595 pars
1790 5524 2013 5597 eligens

343 5615 552 5694 istum,
588 5611 705 5669 alia
738 5612 944 5685 alium,
975 5612 1264 5684 tertiaque
1297 5612 1561 5669 tertium.
1587 5613 1657 5668 Et
1681 5612 1762 5669 ita
1791 5613 2012 5671 factum

2124 560 2310 634 plum,
2333 580 2469 636 pars
2500 564 2855 639 principium
2887 571 2944 623 et
2967 568 3167 641 populi
3193 587 3385 627 arcem
3418 574 3778 651 domumque

2124 652 2366 723 regiam,
2401 656 2458 709 et
2488 653 2662 709 tertia
2701 672 2838 727 pars
2886 656 3174 729 reliquam
3224 663 3451 731 partem
3500 662 3774 733 civitatis,

2125 740 2377 796 maxime
2407 745 2603 798 tamen
2635 743 2867 815 vulgus.
2903 745 3244 819 Pugnabam
3278 764 3413 822 ergo
3451 749 3777 812 forinsecus

2123 832 2328 885 contra
2356 829 2576 897 hostes,
2604 832 2962 889 intrinsecus
2993 839 3196 891 contra
3226 837 3527 895 cives.Sed
3562 840 3775 898 Roma-

2124 916 2218 971 nis
2249 918 2615 989 capientibus
2638 922 2979 989 urbem,vox
3000 924 3197 996 pepuli
3221 925 3554 999 plangentis
3575 929 3778 988 audita

2125 1008 2215 1059 est
2242 1004 2303 1059 in
2353 1007 2631 1065 Romanis
2678 1011 3131 1081 exsultantibus,
3164 1014 3264 1086 qui
3292 1016 3443 1087 ‘ejus
3480 1016 3776 1075 voluntate

2121 1099 2425 1162 venerunt,
2443 1098 2751 1154 reddentes
2772 1100 3214 1158 retributionem
3236 1103 3493 1162 inimicis
3524 1106 3648 1164 suis
3676 1109 3777 1165 Ju-

2122 1181 2282 1237 dais.
2298 1184 2369 1238 Et
2389 1202 2568 1256 quare
2587 1186 2788 1241 audita
2808 1192 2898 1243 est
2917 1207 3023 1243 vox
3046 1192 3416 1248 sacerdotum
3439 1195 3509 1250 de
3530 1196 3771 1268 templo,

2122 1270 2477 1344 principium
2501 1277 2557 1329 et
2579 1274 2732 1347 vulgi
2753 1276 2823 1331 de
2844 1276 3108 1346 civitate;
3134 1279 3271 1351 quia
3290 1298 3495 1339 omnes
3516 1288 3657 1340 sunt
3672 1289 3777 1341 aut

2121 1358 2316 1431 gladio
2350 1363 2555 1429 necati,
2590 1368 2693 1418 aut
2722 1364 2855 1437 igne
2883 1367 3146 1431 cremati,
3180 1372 3283 1423 aut
3323 1368 3455 1426 aliis
3499 1373 3772 1444 gentibus

2120 1448 2305 1519 pretio
2336 1450 2624 1522 distracti,
2660 1450 2745 1507 vel
2777 1455 3235 1523 venundati,aut
3264 1456 3442 1512 etiam
3463 1457 3521 1513 in
3539 1460 3774 1532 captivi-

2118 1540 2297 1592 tatem
2314 1540 2471 1594 ducti
2497 1556 2510 1594 :
2534 1544 2739 1611 prater
2756 1539 2888 1596 illos
2902 1541 2997 1613 qui
3018 1542 3263 1599 diversis
3282 1545 3534 1603 miseriis
3546 1547 3771 1617 afflicti,

2120 1625 2277 1681 intra
2290 1627 2589 1683 civitatem
2613 1633 2753 1684 tunc
2773 1629 3009 1684 mortui.
3026 1632 3189 1686 Tunc
3210 1649 3346 1705 ergo
3371 1634 3663 1705 completa
3681 1640 3774 1692 est

2120 1715 2501 1771 comminatio
2537 1718 2762 1773 Domini
2795 1718 3042 1774 dicentis
3076 1735 3088 1773 :
3125 1743 3152 1769 «
3180 1720 3566 1793 Relinquetur
3606 1723 3770 1781 vobis

2120 1802 2331 1860 domus
2360 1809 2555 1861 vestra
2584 1807 2815 1862 deserta
2844 1807 3050 1879 (Matth.
3082 1811 3263 1877 xxm).
3300 1832 3329 1858 »

2194 1914 2223 1942 «
2251 1895 2579 1967 Antequam
2629 1896 2967 1968 parturiret,
3020 1898 3244 1970 peperit
3275 1913 3288 1952 :
3322 1902 3635 1971 antequam
3673 1918 3769 1958 ve-

2121 1980 2274 2037 niret
2302 1987 2504 2054 partus
2534 1985 2682 2055 ejus,
2698 1984 2920 2056 peperit
2940 1986 3292 2042 masculum.
3321 2009 3347 2037 »
3378 1987 3497 2043 Hoc
3518 1988 3769 2061 duplici-

2120 2073 2209 2126 ter
2227 2076 2420 2143 potest
2446 2072 2693 2146 intelligi
2718 2090 2731 2128 :
2757 2077 3069 2146 antequam
3110 2074 3425 2146 parturiret
3453 2074 3615 2150 virgo
3647 2077 3768 2134 Ma-

2119 2159 2225 2229 ria,
2248 2164 2306 2216 et
2334 2165 2650 2234 antequam
2680 2163 2902 2219 veniret
2931 2168 3136 2235 partus
3179 2165 3328 2236 ejus,
3363 2165 3565 2238 genuit
3612 2167 3770 2224 Deus

2121 2249 2911 2319 Patermasculum,Verbum
2933 2251 3155 2307 scilicet
3171 2256 3227 2309 et
3240 2252 3447 2308 Filium
3463 2272 3638 2311 suum
3653 2256 3768 2311 for-

2118 2336 2440 2407 tissimum,
2457 2356 2559 2410 per
2578 2356 2753 2410 quem
2775 2340 2910 2395 fecit
2931 2345 2988 2395 et
3002 2341 3292 2412 gubernat
3311 2341 3531 2397 omnia.
3552 2342 3766 2399 Aliter:

2119 2430 2437 2499 antequam
2468 2429 2786 2499 parturiret
2807 2428 3091 2495 Sion,hoc
3114 2432 3202 2483 est
3243 2429 3538 2502 primitiva
3572 2431 3767 2488 Eccle-

2120 2515 2226 2580 sia,
2248 2520 2305 2570 et
2335 2520 2648 2587 antequam
2672 2516 2891 2571 veniret
2913 2521 3118 2588 partus
3134 2508 3348 2589 ejus,id
3372 2517 3539 2574 estin
3566 2520 3770 2576 veloci-

2118 2607 2236 2659 tate
2267 2605 2568 2677 temporis,
2603 2604 2824 2677 peperit
2854 2604 3183 2661 masculum
3235 2607 3464 2677 fortem,
3505 2606 3771 2665 videlicet

2118 2691 2423 2764 populum,
2440 2692 2674 2764 quando
2706 2710 2826 2748 una
2851 2692 2943 2748 die
2968 2693 3341 2749 crediderunt
3370 2693 3623 2765 quatuor
3643 2695 3771 2750 mil-

2119 2781 2218 2849 lia,
2251 2781 2436 2838 altera
2466 2783 2558 2837 die
2608 2782 2868 2854 quinque
2906 2781 3109 2849 millia,
3142 2800 3209 2838 ac
3256 2781 3531 2855 deinceps
3580 2783 3770 2842 multa

2120 2870 2305 2926 millia
2338 2888 2351 2926 :
2384 2888 2453 2925 ex
2484 2888 2734 2943 quorum
2785 2888 3028 2926 numero
3067 2870 3177 2926 fuit
3220 2870 3601 2928 beatissimus
3649 2873 3771 2929 Ste-

2118 2960 2372 3032 phanus,
2387 2959 2603 3031 aliique
2634 2959 3052 3032 quamplurimi
3088 2959 3191 3014 filii
3222 2959 3641 3033 apostolorum,
3666 2962 3769 3034 qui

2120 3052 2293 3105 antea
2312 3053 2631 3121 potuerunt
2646 3048 2828 3105 occidi
2849 3066 3028 3121 quam
3050 3066 3084 3103 a
3106 3049 3219 3105 fide
3241 3048 3455 3106 Christi
3483 3049 3764 3122 separari.

2120 3138 2247 3193 Non
2280 3142 2477 3193 autem
2500 3138 2571 3193 de
2601 3137 2817 3193 carnali
2852 3136 3236 3209 parturitione
3266 3142 3323 3193 et
3369 3138 3770 3211 procreatione

2042 3210 2085 3278 C
2124 3226 2233 3282 hoc
2264 3226 2496 3293 dicitur,
2517 3227 2618 3282 sed
2641 3227 2711 3282 de
2742 3225 3032 3299 spirituali
3058 3242 3071 3280 :
3097 3226 3236 3298 quia
3266 3226 3650 3299 spiritualiter
3668 3244 3769 3285 eos

2117 3318 2467 3389 genuerunt,
2487 3315 2662 3371 fidem
2694 3315 2909 3371 Christi
2940 3315 2999 3369 in
3031 3332 3235 3371 eorum
3267 3316 3544 3372 cordibus
3564 3315 3767 3372 infun-

2119 3404 2328 3460 dendo.
2345 3404 2561 3460 Omnes
2587 3421 2842 3475 namque
2866 3402 3128 3459 carnales
3148 3404 3553 3476 generationes
3577 3409 3774 3477 partu-

2118 3492 2352 3548 riuntur
2380 3497 2439 3548 et
2466 3492 2723 3565 pariunt,
2745 3491 3078 3564 spirituales
3102 3498 3296 3549 autem
3329 3492 3527 3549 dolore
3569 3496 3628 3549 et
3657 3510 3769 3550 usu

2117 3586 2337 3638 carent.

2191 3694 2217 3720 ‹‹
2254 3670 2394 3737 Quis
2425 3671 2647 3726 audivit
2676 3686 2937 3741 unquam
2979 3668 3137 3723 tale?
3165 3672 3222 3724 et
3268 3668 3403 3739 quis
3444 3668 3589 3724 vidit
3629 3668 3769 3725 huic

2119 3758 2395 3814 simile?»
2421 3758 2782 3814 Subauditur
2812 3762 2876 3812 ut
2902 3761 3057 3812 esset
3086 3757 3183 3828 qui
3237 3760 3411 3812 natus
3451 3760 3767 3828 antequam

2122 3846 2435 3919 parturiret
2455 3846 2666 3901 mulier
2690 3863 2702 3900 :
2728 3850 2829 3901 aut
2847 3845 2907 3899 in
2929 3848 3049 3900 tam
3073 3844 3229 3899 brevi
3252 3848 3513 3917 tempore
3529 3847 3615 3900 tot
3635 3843 3767 3900 mil-

2121 3935 2201 3991 lia
2249 3935 2555 3991 hominum
2605 3935 2739 4007 quis
2786 3934 2930 3991 vidit
2987 3931 3374 4005 spiritualiter
3420 3933 3770 4005 generatos?

2125 4046 2153 4074 «
2183 4023 2461 4096 Nunquid
2486 4023 2767 4096 parturiet
2797 4027 2951 4078 terra
2982 4022 3041 4076 in
3064 4020 3156 4077 die
3186 4038 3369 4087 una,»
3400 4020 3457 4075 id
3489 4024 3579 4077 est
3617 4038 3768 4077 nun-

2120 4111 2259 4184 quid
2281 4111 2583 4184 generabit
2601 4112 2800 4167 omnia
2820 4110 3047 4166 semina
3076 4110 3168 4165 die
3205 4127 3341 4164 una.
3366 4132 3394 4158 «
3418 4110 3533 4164 Aut
3562 4112 3767 4181 partu-

2123 4199 2459 4272 rieturgens
2472 4197 3139 4271 simul,quiaparturivit
3153 4200 3211 4253 et
3232 4195 3603 4269 peperitSion
3616 4196 3770 4255 filios

2123 4306 2321 4345 suos.»
2351 4289 2469 4344 Hoc
2491 4292 2581 4344 est
2609 4288 2855 4360 apostoli
2887 4291 2943 4343 et
2973 4286 3276 4359 apostolici
3298 4285 3406 4345 viri
3438 4286 3772 4344 multitudi-

2124 4393 2257 4432 nem
2291 4376 2669 4433 credentium.
2690 4376 2790 4431 Ille
2820 4375 3073 4448 populus
3095 4375 3195 4448 qui
3221 4375 3393 4430 modo
3413 4390 3557 4447 gens
3579 4374 3774 4448 appel-

2120 4464 2275 4521 latur
2305 4465 2361 4520 in
2387 4465 2479 4521 die
2503 4464 2729 4536 unalest
2748 4468 2807 4518 et
2827 4467 3057 4519 creatus
3079 4461 3497 4535 simul,quiain
3518 4461 3771 4534 Christo,

2122 4553 2221 4626 qui
2250 4558 2341 4609 est
2371 4553 2472 4609 lux
2500 4557 2558 4608 et
2589 4552 2734 4617 dies,
2770 4552 3154 4623 spiritualiter
3183 4551 3361 4607 creati
3413 4554 3553 4608 sunt
3592 4551 3772 4608 simul

2124 4643 2181 4697 in
2216 4643 2439 4697 unitate
2472 4640 2626 4695 fidei.
2662 4640 2919 4711 Apostoli
2950 4640 3474 4712 enim,gcnerando
3503 4640 3679 4697 fidem
3711 4641 3770 4696 in

2122 4729 2398 4786 cordibus
2431 4728 2786 4795 auditorum,
2820 4732 3037 4783 matres
3069 4730 3320 4783 fuerunt.

2192 4842 2218 4867 ‹‹
2246 4816 2523 4889 Nunquid
2550 4832 2655 4887 ego
2678 4815 2775 4885 qui
2803 4814 2949 4870 alios
2971 4833 3172 4887 parere
3191 4815 3396 4883 facio,»
3419 4818 3774 4874 subauditur

2120 4906 2431 4962 carnaliter
2450 4927 2477 4955 ‹‹
2500 4905 2625 4975 ipse
2644 4921 2755 4958 non
2780 4902 3063 4974 pariam,»
3086 4904 3437 4960 subauditur
3456 4905 3772 4978 spirituali-

2118 4999 2226 5061 ter,
2250 5018 2275 5044 ‹‹
2302 4993 2445 5049 dicit
2476 4991 2802 5048 Dominus?
2834 5014 2861 5041 »
2889 4992 3045 5047 Deus
3070 4992 3369 5063 Pater,qui
3403 4992 3549 5049 alios
3570 5011 3773 5067 parere

2120 5083 2257 5140 facit
2286 5081 2618 5151 carnaliter,
2634 5098 2749 5135 non
2781 5084 2871 5136 est
2890 5081 3110 5151 absque
3133 5079 3275 5135 Filio
3300 5096 3313 5134 :
3339 5080 3479 5151 quia
3496 5085 3631 5137 ante
3652 5098 3775 5138 om-

2122 5174 2222 5228 nia
2263 5170 2475 5227 sacula
2521 5168 2724 5243 genuit
2770 5168 3026 5224 Verbum
3078 5184 3252 5223 suum
3301 5166 3594 5239 coaquale
3633 5168 3771 5224 sibi.

2123 5262 2305 5317 Habet
2333 5260 2508 5316 etiam
2543 5257 2761 5313 multos
2794 5256 2944 5313 filios
2974 5272 3121 5327 quos
3158 5255 3281 5327 ipse
3330 5254 3555 5327 peperit
3581 5255 3774 5329 gratia

2122 5350 2337 5415 sua,de
2367 5348 2583 5419 quibus
2615 5346 2757 5401 dicit
2777 5346 3033 5400 Joannes
3059 5346 3116 5399 in
3151 5344 3461 5417 Evangelio
3490 5360 3503 5399 :
3538 5367 3566 5395 «
3601 5347 3773 5411 Quot-

2122 5441 2265 5509 quot
2287 5436 2662 5491 erediderunt
2684 5434 2741 5488 in
2766 5433 3098 5501 eum,dedit
3126 5434 3211 5489 eis
3233 5435 3579 5506 potestatem
3618 5432 3772 5490 ﬁlios

2121 5526 2222 5580 Dei
2256 5524 2380 5579 fieri
2411 5525 2586 5591 (Joan.
2624 5523 2729 5595 1).»
2764 5546 2791 5572 ‹‹
2829 5523 2887 5579 Si
2919 5523 3159 5595 ego,qui
3194 5520 3627 5596 generationem
3658 5539 3772 5580 caa-

2120 5612 2261 5670 teris
2290 5610 2736 5681 tribuo,sterilis
2767 5627 2886 5681 ero,
2920 5611 3000 5667 ait
3044 5611 3328 5670 Dominus
3358 5610 3514 5670 Deus
3536 5611 3713 5671 tuus?
3743 5633 3772 5661 »
