4046 6188
412 329 567 412 W9

795 325 1200 390 HAYMONIS
1234 319 1782 381 HALBERSTA'P.
1817 314 2060 380 EPISC.
2096 315 2274 376 OPP.
2311 315 2539 378 PARS.
2574 315 2622 376 Ι.
2654 348 2732 360 -
2761 315 3170 376 GOMMENT.
3204 313 3407 375 BlBL.

3660 313 3797 378 1080

407 459 782 532 subauditur,
812 475 930 513 non
958 471 1072 510 ero.
1108 453 1226 510 Hoc
1257 453 1331 508 ad
1364 452 1504 509 Sion
1535 451 1698 518 dicit,
1711 450 1770 506 id
1792 453 1903 516 est,
1936 448 2052 522 pri-
2082 447 2138 516 Α
2168 449 2551 505 velocitatem.
2596 447 2882 504 Velociter
2937 447 3096 504 enim
3144 447 3219 504 ad
3278 447 3457 504 fidem
3511 454 3790 504 venerunt.

403 547 668 610 mitivam
698 541 1038 602 Ecclesiam.
1063 543 1134 597 Et
1161 545 1251 598 est
1280 558 1491 598 sensus
1524 557 1538 595 :
1572 541 1688 611 Ego
1721 538 1822 611 qui
1852 555 2058 593 omnes

402 635 672 696 homines
702 631 890 688 creavi
923 647 990 686 ex
1021 629 1226 696 nihilo,
1263 629 1472 685 faciam
1507 627 1648 683 mihi
1680 645 1750 682 ex
1779 627 2056 682 omnibus

402 713 678 798 gentibus
730 737 909 776 unam
965 719 1185 792 pariter
1229 719 1287 773 in
1337 735 1430 773 me
1479 717 1811 773 credentem
1862 715 2054 771 Eccle-

407 804 582 882 siam.
1577 879 1583 886 η

477 924 504 950 ι(
525 898 823 960 Laetamini
843 915 978 955 cum
996 897 1438 963 llierusalem,et
1456 895 1742 952 exsultate
1763 895 1822 950 in
1844 912 2058 962 ea,om-

405 1004 512 1048 nes
535 987 635 1060 qui
666 985 912 1062 diligitis
945 1003 1097 1056 eam,
1129 986 1375 1060 gaudete
1405 1001 1537 1040 cum
1569 1001 1634 1039 ea
1666 983 1878 1057 gaudio
1921 983 2049 1038 uni-

402 1065 1015 1149 versi,quihlugebatis
1035 1093 1214 1147 super
1237 1091 1388 1141 eam,
1404 1078 1469 1128 ut
1497 1074 1742 1146 sugatis,
1763 1077 1820 1126 et
1842 1071 2058 1144 replea-

405 1165 552 1230 mini
573 1166 644 1224 ab
666 1165 946 1222 uberibus
966 1162 1382 1221 consolationis
1412 1162 1559 1232 ejus,
1586 1165 1651 1216 ut
1667 1159 1978 1232 mulgeatis
1999 1163 2060 1215 et

405 1246 629 1315 deliciis
657 1253 914 1312 aﬂluatis
946 1253 1020 1309 ab
1049 1251 1389 1308 omnimoda
1418 1249 1602 1322 gloria
1625 1251 1818 1321 ejus.»
1851 1249 2054 1320 Angeli

406 1342 563 1414 sicut
591 1343 663 1402 de
692 1346 893 1398 nostro
942 1341 1204 1414 profectu
1253 1339 1426 1396 modo
1472 1339 1748 1410 gaudent,
1781 1337 1863 1393 ita
1916 1336 2055 1394 tris-

409 1431 688 1501 tabantur
715 1429 856 1488 olim
886 1429 958 1485 de
990 1433 1190 1504 nostro
1237 1429 1466 1484 defectu
1507 1432 1565 1483 et.
1613 1427 1911 1493 servitute,
1941 1444 2058 1499 qua

406 1519 806 1582 serviebamus
835 1516 1363 1589 diabolo.Apostoli
1383 1515 1561 1572 etiam
1582 1515 1848 1572 videntes
1870 1533 2054 1588 popu-

404 1607 528 1685 lum
559 1607 896 1667 Judmorum
926 1605 984 1660 in
1018 1605 1360 1661 infidelitate
1382 1621 1640 1671 manere,
1658 1609 1716 1660 et
1744 1604 2057 1676 praeviden-

405 1700 492 1774 tes
523 1694 818 1753 civitatem
850 1693 1215 1750 Hierusalem
1261 1692 1677 1750 destruendam
1709 1710 1745 1748 a
1774 1692 2056 1748 Romanis

406 1783 586 1854 (sicut
615 1781 900 1848 Dominus
921 1780 1378 1856 prmdixerat),et
1405 1780 1691 1854 populum
1714 1781 2056 1836 subverten-

408 1871 574 1944 dum,
593 1869 981 1928 condolebant
1001 1874 1058 1926 et
1077 1869 1484 1926 tristabantur.
1499 1869 1611 1926 Sed
1643 1872 1764 1924 tota
1793 1867 2056 1924 consola-

408 1960 492 2018 tio
521 1959 758 2018 illorum
789 1959 847 2013 in
871 1958 979 2014 hoc
1003 1957 1130 2026 fuit,
1156 1957 1294 2030 quia
1309 1957 1583 2014 videbant
1601 1961 1804 2030 gentes
1826 1961 2060 2030 paratas

407 2065 536 2118 esse
555 2049 628 2106 ad
651 2047 1104 2115 credendum,ex
1126 2046 1342 2119 quibus
1359 2045 1703 2102 aedificanda
1721 2051 1846 2102 erat
1866 2046 2062 2102 llieru—

408 2136 614 2204 salem,
637 2135 697 2193 id
720 2141 810 2193 est
829 2153 1084 2208 praesens
1105 2135 1382 2204 Ecclesia,
1395 2133 1484 2192 vel
1505 2134 1790 2191 caelestis:
1818 2135 2063 2208 ideoque

409 2225 646 2297 dicitur,
679 2229 801 2282 tam
833 2224 1057 2297 angelis
1087 2242 1264 2297 quam
1315 2223 1617 2298 apostolis,
1651 2225 1751 2296 qui
1785 2224 2065 2296 lugebant

411 2331 590 2386 super
619 2312 1004 2380 Hierusalem,
1033 2311 1092 2368 id
1142 2317 1233 2368 est
1281 2330 1459 2384 super
1509 2313 1790 2384 populum
1824 2314 1972 2383 ejus,
1997 2317 2064 2366 ut

410 2387 682 2470 lletentur
707 2403 768 2455 et
794 2397 1055 2454 exultent
1103 2416 1239 2454 cum
1291 2399 1652 2455 Hierusalem
1702 2399 1941 2466 ccelesti,
1974 2399 2060 2454 vel

410 2487 682 2563 praesenti
704 2505 774 2543 ex
793 2487 1070 2544 omnibus
1091 2487 1368 2559 gentibus
1390 2487 1651 2554 collecta,
1669 2493 1726 2543 et
1755 2488 1815 2543 in
1851 2505 1937 2554 ea,
1954 2487 2062 2542 hoc

411 2581 503 2636 est
532 2577 591 2632 in
620 2577 734 2632 fide
762 2575 1020 2632 illorum.
1046 2576 1152 2633 Per
1182 2575 1270 2632 lac
1299 2581 1518 2642 autem,
1541 2577 1698 2648 quod
1729 2575 2065 2649 praecipitur

413 2670 484 2736 ut;
498 2669 720 2740 sugant
733 2663 844 2738 ipsi
869 2663 1202 2738 apostoli,et
1218 2663 1832 2739 mulgeant,debcmus
1859 2663 2069 2720 intelli-

414 2772 550 2837 gere
569 2755 748 2814 fidem
770 2753 1098 2826 simplicem
1123 2753 1483 2810 credentium
1506 2759 1563 2809 et
1580 2755 1734 2810 bona
1752 2771 1925 2826 opera
1945 2752 2068 2808 illo-

415 2861 570 2911 rum,
595 2842 657 2899 in
679 2841 897 2918 quibus
937 2841 1207 2899 delectati
1229 2847 1369 2898 sunt
1397 2841 1790 2914 apostoli.Per
1817 2843 1933 2897 duo
1963 2860 2066 2897 au-

414 2937 535 3000 tam
567 2917 749 2994 ubera
777 2931 893 2988 duo
913 2931 1288 2987 Testamenta
1316 2930 1743 3002 intelliguntur,
1765 2948 1834 2986 ex
1854 2932 2070 3003 quibus

416 3019 674 3082 trahitur
699 3019 811 3091 lac,
825 3019 934 3076 hoc
955 3023 1044 3074 est
1071 3017 1320 3092 simplex
1348 3023 1405 3075 et
1433 3018 1623 3078 dulcis
1643 3019 1908 3075 doctrina
1941 3019 2068 3091 Spi-

421 3111 574 3171 ritus
602 3107 811 3175 sancti.
825 3125 954 3181 quae
974 3107 1279 3165 convenire
1299 3108 1487 3180 possit
1505 3107 1896 3181 simplicibus.
1917 3109 2070 3164 Gau-

2165 562 2193 588 «
2226 540 2309 594 Ad
2346 539 2523 594 ubera
2550 537 2950 610 portabimini,
2979 560 3007 588 ››
3042 535 3399 592 subauditur
3427 536 3500 592 ab
3543 538 3790 610 Apostolo

2165 633 2223 683 et
2250 627 2643 700 praedicatore,
2677 625 2736 682 id
2767 631 2859 682 est
2889 627 2962 682 ad
2992 626 3146 681 dona
3186 625 3444 697 Spiritus
3488 627 3688 693 sancti,
3717 629 3786 684 vel

2165 717 2341 772 etiam
2375 718 2446 772 ad
2467 717 2794 771 doctrinam
2822 715 3045 770 Veteris
3066 719 3124 769 et
3140 713 3284 769 Novi
3303 715 3653 770 Testamenti
3676 733 3783 788 por-

2165 803 2611 875 tabimini,quia
2641 803 2796 874 quod
2833 801 3235 874 praedicabunt
3264 800 3375 855 hoc
3416 799 3660 872 primum
3689 804 3780 876 ipsi

2165 891 2438 964 operibus
2456 891 2956 964 adimplebunt,ut
2977 889 3210 944 illorum
3233 889 3512 962 exemplis
3533 891 3774 950 ducatum

2165 981 2487 1052 accipiatis.
2513 1006 2539 1029 «
2562 981 2630 1035 Et
2669 998 2846 1053 super
2882 995 3073 1050 genua
3107 978 3412 1033 blanditur
3437 979 3610 1047 vobis,
3642 1003 3666 1029 η
3693 999 3772 1036 su-

2166 1070 2446 1126 bauditur
2475 1069 2816 1141 apostoli,id
2849 1074 2938 1123 est
2967 1067 3026 1122 in
3075 1067 3410 1127 secretimet
3439 1071 3768 1128 sustentatio-

2165 1158 2548 1231 nibus,atque
2582 1157 3003 1213 blandimentis
3035 1157 3310 1212 favebunt
3339 1173 3461 1222 vos,
3488 1163 3550 1212 ut
3581 1159 3769 1216 facilius

2165 1247 2223 1302 in
2257 1249 2370 1303 fide
2398 1246 2752 1303 solidemini.
2787 1246 2946 1302 Unde
2975 1244 3290 1318 Apostolus
3321 1261 3334 1300 :
3373 1245 3652 1304 «Obsecro
3669 1265 3765 1314 vos,

2166 1337 2393 1398 fratres,
2415 1353 2516 1408 per
2529 1334 2990 1390 misericordiam
3007 1335 3122 1403 Dei,
3150 1335 3540 1392 utexhibeatis
3567 1352 3766 1409 corpora

2164 1430 2360 1481 vestra
2386 1424 2638 1480 hostiam
2661 1430 2926 1480 sanctam
2949 1425 3126 1492 (Rom.
3151 1425 3287 1496 xu);
3319 1448 3348 1475 »
3389 1429 3464 1490 et,
3498 1448 3524 1476 «
3555 1425 3762 1483 Obsecro

2163 1531 2266 1569 vos
2295 1519 2578 1586 tanquam
2629 1514 2882 1570 advenas
2929 1519 2988 1568 et
3035 1513 3374 1586 peregrinos
3414 1513 3459 1584 (l
3484 1515 3616 1570 Patr.
3645 1519 3711 1582 ιι).
3739 1539 3759 1562 »ν

2166 1603 2282 1658 Hoc
2315 1603 2386 1657 ad
2409 1603 2540 1659 illos
2571 1601 2795 1658 dictum
2825 1605 2916 1658 est
2939 1601 3042 1674 qui
3073 1601 3352 1658 credituri
3385 1606 3542 1658 erant
3567 1619 3628 1659 ex
3651 1620 3757 1676 gen-

2166 1690 2325 1747 tibus
2355 1709 2458 1763 per
2487 1689 3268 1763 przedicationemﬁpostoli.
3300 1689 3565 1763 Sequitur
3592 1709 3604 1748 :

2243 1804 2263 1830 ι
2289 1781 2588 1847 Quomodo
2613 1779 2767 1836 sicut
2789 1784 2975 1834 mater
2994 1777 3351 1847 consolatur,
3370 1778 3449 1834 ita
3467 1783 3520 1836 et
3545 1795 3636 1854 ego
3653 1797 3756 1836 cou-

2168 1869 2403 1925 solabor
2430 1867 2698 1935 vos,etin
2735 1866 3093 1923 Hierusalem
3127 1866 3760 1927 consolabimini.»Mise-

2169 1964 2328 2014 rator
2355 1962 2414 2012 et
2445 1955 2778 2012 misericors
2809 1955 3095 2012 Dominus
3141 1960 3442 2028 comparat
3479 1973 3534 2012 se
3572 1957 3754 2029 aquila,

2169 2045 2398 2120 gallinae
2421 2049 2477 2100 et
2525 2043 2717 2111 matri,
2745 2042 2948 2100 volens
2996 2061 3103 2100 nos
3150 2043 3277 2100 suis
3307 2043 3682 2100 blandimentis
3699 2044 3756 2100 ad

2168 2135 2529 2190 voluntatem
2553 2151 2720 2189 suam
2753 2133 3005 2199 trahere,
3022 2133 3175 2190 sicut
3197 2137 3384 2189 mater
3405 2131 3573 2188 ﬁlium
3598 2149 3753 2189 suum.

2171 2225 2375 2279 Adhuc
2401 2223 2576 2278 etiam
2602 2224 2884 2293 majorem
2915 2221 3384 2278 misericordiam
3414 2221 3562 2278 nobis
3580 2222 3756 2294 impen-

2172 2312 2258 2370 dit
2287 2330 2464 2384 quam
2499 2311 2852 2380 materiilio;
2887 2311 3025 2384 quia
3054 2311 3103 2366 si
3133 2310 3232 2368 illa
3257 2309 3589 2367 obliviscitur
3602 2309 3741 2372 illius,

2173 2401 2296 2472 ipse
2327 2405 2518 2456 tamen
2553 2418 2670 2456 non
2699 2399 3064 2455 obliviscitur
3093 2399 3464 2466 nostri,sieut
3495 2415 3639 2472 supra
3662 2413 3748 2468 per

2174 2489 2412 2560 Prophet
2425 2506 2517 2543 am
2532 2488 2641 2542 dici
2653 2494 2748 2542 tur
2763 2489 2836 2542 ad
2860 2487 3254 2544 Hierusalem:
3272 2511 3301 2536 ‹‹
3315 2489 3440 2543 Etsi
3450 2487 3648 2559 (inquit)
3658 2501 3760 2539 ma-

2173 2581 2262 2633 ter
2283 2582 2474 2650 potest
2493 2577 2756 2632 oblivisci
2777 2575 2882 2632 filii
2903 2576 3018 2644 sui,
3035 2593 3140 2648 ego
3164 2581 3366 2632 tamen
3383 2593 3489 2632 non
3506 2574 3763 2630 obliviscar

2175 2665 2281 2720 tui.
2298 2689 2325 2715 «
2342 2667 2410 2720 Et
2425 2666 2578 2722 sicut
2594 2665 2802 2737 aquilae
2828 2665 3171 2720 custodiunt
3192 2663 3389 2741 pullos
3409 2677 3762 2735 suos,quorum

2177 2758 2389 2809 natura
2408 2758 2497 2810 est
2527 2754 2615 2824 (ut
2637 2753 2860 2826 physici
2882 2753 3107 2821 dicunt)
3140 2752 3199 2808 in
3230 2752 3473 2809 excelsis
3491 2751 3763 2809 etinacces-

2177 2843 2261 2898 sis
2290 2841 2432 2898 locis
2481 2842 2651 2898 nidos
2695 2841 3000 2909 collocare,
3033 2859 3106 2898 ne
3152 2841 3394 2898 coluber
3439 2844 3581 2898 fetus
3610 2839 3769 2902 violet,

2177 2949 2293 3005 qua
2324 2935 2559 3003 propter
2587 2935 2645 2986 et
2674 2931 2834 3003 ponit
2865 2931 2923 2987 in
2955 2931 3148 2988 medio
3176 2929 3414 2986 illorum
3445 2930 3673 3003 lapidem
3701 2927 3778 2983 eti

2179 3025 2318 3087 tem,
2333 3037 2448 3092 quo
2477 3019 2676 3075 omnia
2695 3037 2916 3076 venena
2938 3021 3217 3094 fugantur
3244 3037 3258 3074 :
3282 3019 3368 3076 ita
3390 3019 3538 3076 Deus
3557 3018 3779 3089 omnipo-

2179 3114 2310 3165 tens
2327 3107 2485 3163 omni
2513 3107 2782 3163 custodia
2804 3125 2908 3164 nos
2931 3113 3142 3177 servat,
3159 3124 3231 3164 ne
3266 3125 3507 3180 serpens
3527 3105 3786 3178 antiquus,

417 3199 550 3270 dcte
579 3197 977 3276 (inquitjzcum
1008 3213 1078 3253 ea
1105 3201 1172 3252 ut
1199 3197 1493 3254 satiemini
1525 3197 1639 3253 fide
1668 3201 1725 3253 et
1754 3197 1926 3253 bonis
1949 3196 2073 3252 illo-
2102 3183 2147 3250 (ἶ
2184 3195 2474 3262 diabolus,
2497 3213 2716 3252 veneno
2746 3196 2836 3252 sui
2870 3196 3070 3253 livoris
3107 3197 3517 3253 commaculet.
3549 3197 3613 3252 Et
3657 3194 3795 3268 ponit

423 3301 556 3352 rum
589 3285 894 3356 operibus;
913 3289 974 3339 et
1003 3283 1344 3355 repleamini
1375 3285 1448 3340 ab
1492 3285 1772 3341 uberibus
1803 3285 2070 3342 consola-

421 3369 602 3450 tionis
631 3370 781 3440 ejus,
796 3369 854 3425 id
877 3373 969 3424 est.
994 3371 1177 3426 duum
1209 3371 1751 3441 Testamentorum;
1785 3380 1842 3430 et
1880 3373 2070 3448 pleni-

421 3457 626 3529 tudine
637 3455 894 3532 Spiritus
909 3456 1093 3512 sancti
1119 3456 1459 3528 repleamini
1481 3458 1540 3514 in
1562 3459 1739 3526 eis,ut
1760 3462 2074 3533 mulgcatis

419 3551 480 3604 et
524 3544 748 3617 deliciis
809 3545 1089 3614 afﬂuatis,
1124 3545 1234 3600 hoc
1281 3551 1372 3602 est
1419 3550 1485 3602 ut
1516 3548 1836 3602 assumatis
1867 3567 2071 3606 eorum

419 3635 750 3718 simplicem
782 3635 983 3705 ﬁdem,
1013 3640 1070 3693 et
1098 3635 1452 3709 perfectione
1484 3652 1685 3692 eorum
1735 3637 2070 3695 abundetis.

419 3725 492 3791 Et
516 3725 626 3782 hoc
655 3725 728 3789 ab
761 3723 1102 3784 omnimoda
1129 3723 1316 3796 gloria
1343 3725 1494 3796 ejus,
1525 3724 1584 3780 id
1633 3730 1724 3781 est
1770 3743 1805 3781 a
1829 3726 2076 3786 scientia

419 3812 744 3894 divinitatis
763 3818 820 3871 et
849 3813 1234 3875 humanitatis
1265 3812 1503 3870 Christi.
1539 3815 1755 3870 Sancta
1782 3814 1937 3870 enim
1965 3817 2074 3871 Ec-

421 3901 623 3980 clesia,
646 3901 780 3962 licet
811 3919 930 3968 una
959 3903 1272 3971 sit,tamen
1301 3901 1478 3958 habet
1522 3901 1583 3957 in
1632 3919 1693 3958 se
1725 3902 1826 3974 qui
1857 3902 2076 3959 habent

421 3989 534 4062 lac,
547 3989 606 4046 id
639 3994 730 4048 est
747 3989 1076 4064 simplicem
1107 3990 1282 4047 fidem
1305 3994 1362 4046 et
1389 3989 1750 4047 intellectum
1773 4008 1786 4057 ;
1812 3995 1870 4046 et
1898 3991 2076 4048 habet

425 4077 528 4161 ι]μὶ
555 4077 861 4155 abundant
889 4077 1110 4135 divitiis
1135 4076 1564 4151 spiritualibus,
1597 4082 1655 4134 et
1683 4078 1928 4134 scientia
1965 4079 2074 4134 hu-

425 4165 728 4229 manitatis
758 4169 937 4237 atque
967 4165 1308 4234 divinitatis,
1333 4183 1401 4222 ex
1429 4167 1647 4238 quibus
1676 4167 1954 4224 omnibus
1977 4185 2073 4224 su-

426 4255 603 4310 munt
625 4252 912 4317 doctores,
927 4254 1080 4324 quod
1115 4253 1524 4326 unusquisque
1539 4253 1715 4311 habet
1734 4254 2075 4313 delectando

425 4339 488 4398 in
518 4337 656 4399 illis.

452 4401 459 4420 '
496 4450 526 4479 ι(
561 4408 710 4494 Quia
749 4425 845 4486 hic
892 4426 1036 4484 dicit
1079 4427 1366 4484 Dominus
1398 4445 1411 4485 :
1446 4429 1590 4487 Ecce
1621 4446 1726 4501 ego
1772 4431 2074 4488 declinaho

2181 3285 2436 3358 lapidem
2469 3285 2528 3339 in
2562 3285 2753 3340 medio
2785 3284 3062 3352 nostri,id
3085 3289 3175 3342 est
3205 3286 3385 3341 ﬁdem
3415 3301 3578 3342 suam
3607 3283 3660 3340 in
3685 3299 3796 3339 cor-

2183 3374 2360 3430 dibus
2382 3372 2618 3440 nostris,
2638 3372 2737 3445 qui
2757 3390 2930 3430 verus
2950 3373 3100 3446 lapis
3123 3377 3232 3440 est,
3257 3374 3525 3430 abscisus
3545 3373 3613 3428 de
3633 3376 3800 3427 monte

2183 3463 2309 3518 sine
2332 3462 2624 3516 manibus.
2641 3486 2666 3510 «
2693 3461 2859 3517 Sicut
2873 3478 3011 3535 ergo
3035 3467 3222 3518 mater
3243 3461 3545 3520 blanditur
3561 3461 3670 3518 tilio
3688 3475 3802 3527 suo,

2181 3549 2263 3605 ita
2290 3567 2396 3620 ego
2425 3548 2773 3606 consolabor
2808 3567 2912 3608 vos
2959 3550 3018 3606 in
3062 3551 3337 3622 prasenti
3389 3549 3810 3617 Ecclesiaman.

2183 3643 2245 3703 ιι)
2279 3653 2292 3690 :
2331 3659 2357 3684 ››
2381 3639 2554 3705 juxta
2603 3639 2759 3708 quod
2803 3638 2968 3695 vobis
3018 3639 3264 3710 promisi
3297 3656 3311 3694 :
3349 3663 3378 3690 ‹‹
3405 3641 3544 3696 Ecce
3579 3654 3678 3710 ego
3707 3637 3813 3710 (in-

2182 3724 2410 3797 quiens)
2441 3724 2742 3782 vobiscum
2775 3743 2949 3782 suum
2979 3727 3187 3798 (Matth.
3218 3728 3434 3797 xxvm):
3472 3731 3574 3780 net
3601 3726 3657 3780 in
3689 3725 3816 3780 Hie-

2184 3813 2438 3870 rusalem
2472 3814 2688 3870 cmlesti
2721 3814 3168 3872 consolabimini
3201 3833 3334 3872 mea
3363 3813 3674 3888 praesentia.

2254 3926 2282 3954 ‹‹
2306 3902 2612 3970 Videbitis,
2630 3908 2687 3959 et
2709 3904 2991 3976 gaudebit
3009 3921 3110 3960 cor
3127 3907 3474 3970 vestrum,et
3493 3919 3621 3958 ossa
3633 3905 3820 3958 vestra

2183 3991 2350 4064 quasi
2385 3991 2566 4047 herba
2611 3991 3045 4065 germinahunt.
3076 4015 3104 4043 n
3139 3993 3256 4050 Hoc
3303 3990 3610 4064 dupliciter
3635 3992 3814 4063 potest

2183 4080 2454 4153 intelligi.
2485 4080 2790 4142 Videbitis,
2811 4099 2844 4136 o
2873 4080 3121 4154 apostoli
3149 4086 3207 4136 et
3235 4081 3657 4156 praedicatores,
3671 4076 3808 4134 mul-

2183 4169 2498 4224 titudinem
2529 4169 2891 4225 credentium
2921 4169 3250 4226 venientem
3281 4169 3351 4224 ad
3378 4169 3576 4237 fidem,
3599 4172 3654 4224 et
3679 4183 3809 4240 gau-

2185 4258 2344 4313 debit
2361 4275 2460 4312 cor
2479 4261 2736 4313 vestrum
2761 4257 2832 4313 de
2853 4257 3042 4314 salute
3065 4273 3292 4327 eorum,
3313 4260 3373 4312 et
3387 4273 3528 4318 ossa
3542 4261 3736 4322 vestra,
3754 4252 3807 4308 id

2185 4351 2275 4401 est
2293 4345 2535 4402 virtutes
2555 4349 2755 4400 vestrae
2777 4347 3192 4418 germinabunt
3211 4344 3270 4402 in
3298 4344 3548 4402 aliorum
3561 4343 3806 4400 cordibus

2187 4434 2414 4490 fructus
2445 4435 2607 4490 bona:
2637 4434 2954 4491 voluntatis
2975 4439 3033 4491 et
3062 4434 3442 4508 operationis.
3477 4434 3641 4490 Recte
3665 4430 3800 4487 enim

424 4533 606 4598 super
645 4533 854 4608 canna
905 4515 963 4572 id
1019 4521 1121 4608 est
1168 4516 1479 4608 infundam
1534 4535 1713 4589 super
1758 4519 2074 4608 Ecclesiam
2106 4544 2154 4608 υ
2185 4521 3288 4596 perossaintelligunturvirtutes,quia
3309 4522 3463 4579 sicut
3484 4535 3800 4608 corpuscon-

425 4630 458 4676 (ς
488 4604 660 4678 quasi
705 4605 945 4664 [luvium
995 4604 1177 4676 pacis,
1207 4609 1267 4661 et
1313 4605 1484 4678 quasi
1532 4610 1848 4662 torrentem
1896 4607 2074 4664 inun-

424 4695 724 4761 dantem,»
755 4693 1108 4753 subauditur
1133 4693 1464 4766 infundam,
1487 4719 1514 4745 ‹‹
1549 4695 1791 4767 gloriam
1811 4697 2074 4770 gentium

423 4781 870 4862 quemsugetis.
893 4803 920 4831 »
953 4780 1066 4840 Iste
1097 4787 1186 4838 est
1208 4781 1417 4838 fluvius
1440 4783 1600 4855 pacis
1621 4801 1796 4855 quem
1818 4785 2078 4842 infundit

427 4887 607 4953 super
634 4869 978 4942 Ecclesium,
1001 4872 1072 4926 de
1102 4887 1217 4943 quo
1235 4871 1452 4928 dicitur
1483 4889 1496 4926 :
1528 4896 1555 4922 «
1582 4872 1868 4929 Fluminis
1901 4875 2077 4948 impe-

426 4963 526 5019 tus
555 4957 810 5022 laetificat
844 4958 1137 5017 civitatem
1161 4957 1262 5015 Dei
1293 4959 1468 5023 (Psal.
1488 4964 1741 5030 LXXXVI);
1773 4985 1800 5012 »
1825 4985 1852 5012 ‹‹
1877 4964 1944 5019 Et
1967 4965 2074 5020 flu-

427 5047 592 5113 mina
605 5047 678 5108 de
705 5051 905 5106 ventre
935 5048 1063 5118 ejus
1095 5048 1280 5107 ﬂuent
1309 5063 1473 5119 aqua;
1505 5047 1642 5102 vivae
1672 5049 1855 5119 (Joan.
1887 5052 2008 5124 vn),
2043 5075 2072 5104 »

427 5127 583 5217 dona
620 5134 889 5209 videlicet
935 5135 1190 5210 Spiritus
1238 5135 1424 5192 sancti
1476 5153 1604 5208 qua:
1651 5137 1971 5209 accipimus
2019 5140 2079 5196 in

428 5223 721 5305 baptismo
760 5228 819 5280 et
859 5223 918 5278 in
969 5225 1410 5282 confirmatione
1459 5242 1672 5281 manus
1711 5225 1988 5300 episcopi,
2023 5233 2082 5284 et

431 5329 538 5386 per,
553 5313 1085 5390 quaapacilicamur
1107 5313 1220 5369 Deo
1243 5312 1515 5382 Patri,vel
1549 5313 1724 5370 etiam
1751 5315 2077 5373 doctrinam

429 5391 750 5473 Evangelii.
783 5401 978 5458 Gloria
1005 5406 1202 5456 autem
1231 5402 1496 5472 gentium
1545 5402 1716 5472 quasi
1764 5408 2078 5460 torrentem

433 5482 1030 5559 inundantemﬁdem
1065 5487 1296 5546 illarum
1321 5487 1575 5562 appellat
1590 5506 1765 5561 quam
1798 5491 2081 5564 gloriﬁca-

434 5571 516 5626 vit
559 5571 810 5644 Spiritus
857 5580 1096 5632 sanctus
1145 5577 1244 5649 qui
1277 5575 1572 5632 inundans
1603 5579 1818 5634 dicitur
1846 5585 2082 5653 propter

2183 4610 2340 4667 sistit
2368 4615 2427 4666 et
2451 4615 2817 4666 sustentatur
2857 4611 3113 4678 ossibus,
3145 4610 3227 4666 ita
3273 4609 3474 4680 anima
3519 4605 3792 4666 virtutibus

2185 4698 2660 4754 subsistit.Aliter
2683 4715 2696 4754 :
2720 4697 3066 4765 Videbitis,o
3091 4715 3298 4754 omnes
3316 4696 3793 4765 ﬁdeles,inetcrna

2187 4787 2545 4843 beatitudine
2575 4787 2757 4844 Deum
2809 4787 2982 4842 sicuti
3028 4790 3138 4856 est,
3164 4787 3337 4858 juxta
3385 4785 3529 4842 illud
3561 4802 3576 4840 :
3605 4807 3627 4834 α
3657 4777 3793 4837 Beati

2187 4877 2403 4932 mundo
2423 4875 2912 4947 corde,quoniam
2936 4874 3060 4948 ipse
3091 4876 3274 4934 Deum
3311 4876 3592 4932 videbunt
3617 4868 3794 4940 (Matth.

2182 4967 2270 5035 v);
2306 4987 2332 5013 ››
2363 4969 2418 5018 et
2448 4988 2474 5013 ‹‹
2495 4963 2783 5019 Gaudebit
2813 4981 2913 5018 cor
2949 4968 3208 5019 vestrum
3233 4963 3359 5019 sine
3384 4961 3661 5034 tine,quia
3677 4973 3794 5032 gau-

2183 5053 2347 5110 dium
2377 5056 2638 5107 vestrum
2678 5067 2850 5107 nemo
2893 5051 3058 5108 tollet
3077 5051 3296 5108 avobis
3327 5052 3506 5124 (Jeau.
3531 5053 3659 5118 xw).
3691 5069 3715 5094 ››
3742 5045 3797 5100 Et

2188 5139 2529 5198 adveniente
2575 5139 2669 5194 die
2689 5139 2923 5212 judicii,
2957 5157 3094 5196 ossa
3111 5145 3324 5207 vestra,
3356 5139 3417 5198 id
3459 5144 3546 5196 est
3588 5148 3802 5207 corpora

2187 5232 2397 5293 vestra,
2414 5231 2646 5300 recepta
2671 5227 3132 5296 immortalitate,
3146 5229 3582 5303 germinahunt,
3596 5226 3703 5280 sive
3725 5238 3801 5276 re-

2189 5320 2450 5387 surgent.
2467 5316 2630 5371 Sicut
2652 5333 2786 5388 ergo
2809 5315 3002 5372 herbae
3025 5334 3152 5389 qua:
3175 5317 3404 5374 siccatas
3425 5317 3806 5378 fuerant,tem-

2189 5421 2325 5477 pore
2345 5404 2496 5460 veris
2535 5404 2887 5476 germinant.
2914 5411 3144 5478 recepta
3171 5405 3484 5474 viriditate,
3515 5405 3594 5462 ita
3620 5414 3834 5471 corpus-

2189 5493 2246 5548 in
2281 5491 2594 5563 diejudicii
2620 5498 2848 5567 recepto
2869 5491 3061 5564 vigore
3089 5492 3429 5550 viridescet:
3457 5497 3520 5548 ut
3538 5491 3683 5567 sicut
3699 5504 3822 5545 cor-

2191 5598 2327 5654 pore
2351 5585 2403 5636 ct
2427 5580 2621 5636 anima
2645 5565 2760 5636 Deo
2785 5582 3109 5638 servierunt
3131 5582 3187 5637 in
3211 5582 3480 5654 praesenti
3503 5565 3726 5646 saeculo,
3749 5577 3828 5648 ita
