4106 6190
354 407 506 470 1085

771 406 1184 469 HAYMONIS
1215 406 1761 469 HALBERSTAT.
1797 401 2008 465 EPISC

2118 401 2244 462 tPP.
2276 403 2479 466 PARS
2509 405 2559 466 Ι.
2594 439 2672 451 —-
2701 406 3111 469 COMMENT.
3142 409 3340 473 BIBL.

3607 417 3763 480 4086

354 538 726 613 componitur
755 539 1085 612 neomenia,
1107 539 1166 596 id
1197 543 1287 596 est
1315 539 1617 595 exordium
1641 556 1798 595 novae
1829 537 2002 593 lunae.
2034 534 2088 602 Α
2118 535 2189 591 de
2219 536 2435 609 quibus
2465 538 2714 596 dicitur:
2752 562 2780 591 «
2813 539 2992 598 Filios
3022 542 3194 614 genui
3246 547 3304 598 et
3344 545 3608 615 exaltavi,
3655 549 3767 622 ipsi

354 631 423 685 Et
451 648 484 685 a
515 647 705 694 mene,
738 646 865 700 quae
896 628 1115 683 dicitur
1147 628 1304 693 luna,
1337 633 1577 684 vocatur
1597 627 1817 684 mensis
1848 627 2002 699 apud

354 717 486 773 illos
516 716 616 789 qui
646 715 882 772 initium
917 715 1310 772 Kalendarum
1346 733 1460 770 non
1483 715 1654 786 juxta
1691 713 1830 770 solis
1874 731 2002 768 cur-

355 825 485 862 sum
509 812 564 861 et
586 806 815 862 diversa
833 806 1126 860 mensium
1163 805 1479 877 spatia,scd
1505 805 1675 874 juxta
1694 803 2002 859 circuitum

353 895 507 950 luna:
537 893 829 967 incipiunt
858 897 915 950 et
945 893 1267 949 terminant
1317 910 1330 948 :
1388 897 1454 948 ut
1498 893 1718 948 Ilebrzei
1762 892 2001 948 faciunt.

355 985 460 1039 Per
489 1000 751 1038 mensem
783 998 920 1055 ergo
949 982 1073 1037 vult
1105 981 1351 1053 intelligi
1404 980 1626 1036 lunam.
1662 982 1731 1036 Et
1760 981 1881 1036 haec
1919 983 2008 1036 est

354 1073 516 1139 luna,
553 1073 608 1127 id
641 1076 730 1127 est
760 1075 965 1127 sancta
994 1070 1354 1138 Ecclesia,de
1385 1088 1500 1144 qua
1521 1071 1576 1124 in
1604 1070 1850 1141 psalmis
1874 1069 2008 1124 diri-

353 1166 451 1218 tur
483 1178 496 1216 ε
531 1185 559 1210 ‹‹
586 1160 962 1217 Permancbis
993 1177 1127 1215 cum
1155 1159 1274 1216 sole
1307 1164 1362 1216 et
1385 1165 1518 1215 ante
1548 1159 1750 1214 lunam
1803 1159 1861 1213 in
1907 1175 2004 1231 ge-

355 1250 685 1307 nerationes
733 1253 791 1305 ct
835 1249 1272 1322 generationem
1323 1249 1493 1322 (Psal.
1552 1249 1720 1320 LXXI).
1767 1270 1796 1298 »
1830 1249 1899 1303 Et
1946 1247 2004 1302 in

353 1338 614 1395 Canticis
645 1338 1006 1394 canticorum
1041 1355 1054 1392 :
1093 1360 1120 1388 «
1154 1339 1288 1404 Quae
1320 1342 1410 1393 est
1442 1337 1557 1392 ista
1585 1355 1712 1409 quae
1745 1335 2009 1392 ascendit

355 1428 509 1483 sicut
538 1443 746 1483 aurora
774 1426 1413 1498 consurgens,pulchra
1437 1430 1500 1481 ut
1529 1425 1690 1492 luna,
1723 1425 1908 1480 electa
1939 1429 2004 1480 ut

353 1515 438 1573 sol
472 1515 650 1584 (Cant.
684 1515 1004 1581 v1)?»Quod
1032 1531 1169 1587 ergo
1201 1515 1494 1582 dicit,Erit
1517 1513 1737 1570 mensis
1760 1531 1828 1569 ex
1849 1530 2008 1569 men-

354 1621 436 1671 se,
471 1603 588 1658 tale
636 1607 726 1658 est
773 1619 838 1658 ac
891 1604 940 1658 si
989 1603 1207 1658 diceret
1238 1619 1251 1658 :
1284 1603 1408 1658 Erit
1435 1603 1692 1659 Ecclesia
1721 1605 1917 1659 futura
1941 1620 2008 1659 ex

355 1692 623 1767 praesenti
655 1691 934 1760 Ecclesia,
969 1693 1107 1765 quia
1155 1708 1223 1747 ex
1274 1693 1544 1764 prtesenti
1590 1691 1848 1749 Ecclesia
1876 1709 2010 1748 con-

354 1785 677 1849 struentur,
711 1785 768 1837 et
797 1781 1190 1854 complebitur
1215 1780 1317 1837 illa
1345 1782 1616 1854 qumjam
1649 1785 1854 1855 regnat
1873 1798 2008 1836 cum

356 1870 606 1966 Christo,
637 1875 697 1925 et
727 1887 854 1942 qua:
889 1887 1024 1924 cum
1056 1869 1155 1925 illo
1185 1869 1378 1966 veniet
1409 1871 1478 1925 ad
1502 1869 2011 1966 judicium.A.iunt
2037 1901 2086 1966 Β

358 1959 606 2035 physici,
653 1962 710 2014 et
762 1975 1012 2031 quorum
1041 1976 1182 2014 cura
1211 1962 1300 2015 est
1329 1959 1399 2014 de
1428 1958 1762 2015 cmlestibus
1811 1959 2011 2032 dispu-

357 2055 502 2114 tare,
530 2049 732 2104 lunam
763 2065 880 2103 non
912 2047 1126 2104 habere
1157 2047 1459 2120 proprium
1490 2047 1710 2115 lumen,
1745 2049 1844 2105 sed
1868 2048 2008 2105 solis

359 2138 541 2194 radiis
572 2135 874 2192 illustrari.
907 2136 994 2191 Ab
1045 2154 1114 2192 ea
1160 2136 1317 2192 enim
1365 2153 1597 2210 semper
1638 2137 1796 2193 orbis
1847 2142 2010 2211 parte

363 2225 688 2297 completur
713 2229 769 2281 et
799 2225 1003 2296 fulget,
1039 2243 1073 2280 a
1102 2242 1219 2296 qua
1249 2225 1358 2281 soli
1406 2225 1652 2282 vicinior
1697 2231 1804 2282 est.
1852 2231 2008 2295 Qua-

360 2317 599 2387 propter
626 2313 882 2370 Ecclesia
912 2315 1057 2370 bene
1088 2318 1464 2386 comparatur
1493 2315 1666 2380 lunze,
1699 2315 1837 2388 quia
1860 2316 2012 2372 sicut

361 2401 505 2457 luna
535 2402 819 2474 quidquid
852 2401 1182 2474 splendoris
1233 2402 1409 2458 habet
1453 2421 1486 2458 a
1515 2403 1635 2458 sole
1667 2404 1898 2476 accipit,
1931 2405 2011 2460 ita

358 2491 618 2548 Ecclesia
646 2492 934 2564 quidquid
967 2491 1102 2547 boni
1134 2491 1366 2556 habet,a
1394 2491 1623 2546 Christo
1655 2493 1884 2564 accipit,
1911 2494 2009 2565 qui

357 2585 443 2636 est
474 2597 646 2635 verus
678 2579 864 2646 sol,de
895 2596 1010 2649 quo
1037 2579 1318 2652 propheta
1347 2579 1429 2634 ait
1462 2597 1474 2635 :
1510 2580 1882 2638 Timentibus
1916 2600 2014 2638 no-

360 2685 490 2724 men
525 2685 722 2723 meum
758 2666 976 2722 orietur
1006 2667 1091 2722 sol
1116 2668 1458 2739 justitiaaEt
1488 2669 1641 2724 sicut
1669 2668 1810 2725 luna
1856 2689 2012 2726 nunc

357 2758 566 2813 crescit
601 2756 662 2811 in
695 2755 937 2823 lumine,
970 2773 1126 2812 nunc
1159 2757 1460 2824 decrescit,
1484 2757 1565 2812 ita
1594 2763 1796 2814 sancta
1827 2759 2014 2816 Eccle-

360 2846 447 2900 sia
476 2863 631 2901 nunc
663 2845 720 2900 in
754 2862 894 2917 pace
940 2846 1167 2912 crescit,
1203 2862 1360 2901 nunc
1407 2846 1466 2900 in
1508 2847 2015 2920 persecutionibus

362 2933 664 2990 decrescit.
700 2934 982 3006 Quodque
1015 2935 1300 3006 sequitur,
1333 2938 1390 2991 et
1434 2935 1544 2991 erit
1595 2937 1905 2992 sabbatum
1947 2955 2016 2993 ex

364 3024 627 3090 sabbato,
663 3022 937 3077 similiter
966 3025 1036 3078 ad
1070 3023 1328 3096 requiem
1380 3024 1696 3080 electorum
1741 3027 2012 3098 pertinet.

360 3111 682 3167 Sabbatum
699 3110 853 3166 enim
871 3110 1286 3183 interpretatur
1301 3113 1549 3185 requies.
1583 3115 1704 3170 Erit
1725 3132 1859 3188 ergo
1883 3117 2015 3172 sab-

358 3201 560 3255 batum
604 3217 673 3256 ex
721 3201 986 3266 sabbato,
1041 3201 1097 3255 id
1150 3206 1239 3256 est
1282 3202 1382 3273 qui
1433 3202 1528 3258 hic
1574 3204 1922 3277 requieverit
1977 3223 2010 3260 a

2113 642 2246 680 vero
2278 633 2623 698 spreverunt
2669 647 2762 684 me
2806 631 2934 697 (13a.
2987 634 3047 698 ι),
3104 653 3130 678 ››
3177 632 3278 686 sed
3327 635 3607 691 cadavera
3639 655 3770 693 om-

2114 713 2279 769 nium
2315 717 2691 786 reproborum
2728 717 2826 790 qui
2861 718 3216 790 prevaricati
3270 725 3410 775 sunt
3454 721 3514 777 in
3564 729 3765 793 Deum,

2115 805 2395 859 mandata
2417 804 2562 878 legis
2581 806 2867 862 naturalis
2889 806 2977 862 vel
2999 808 3228 880 scriptae
3253 812 3766 884 transgredientes.

2114 891 2228 946 Nec
2248 893 2463 947 mirum
2483 895 2529 949 si
2551 894 2716 950 electi
2741 896 2868 967 jam
2894 896 3256 954 immortales
3275 898 3556 955 videbunt
3580 919 3774 974 repro-

2115 979 2220 1034 bos
2252 981 2578 1050 damnatos,
2615 1000 2747 1038 cum
2783 985 3076 1057 prophetae
3109 987 3302 1042 adhuc
3337 990 3615 1045 mortales
3648 991 3768 1047 haec

2115 1069 2313 1123 omnia
2347 1087 2448 1142 per
2479 1070 2925 1144 intelligentiam
2958 1073 3152 1130 videre
3184 1077 3525 1132 meruerint.
3561 1102 3589 1128 ‹‹
3624 1079 3770 1145 Quia

2113 1173 2248 1212 vero
2297 1175 2365 1212 ex
2396 1159 2516 1213 viro
2539 1165 2775 1232 sumpta
2795 1166 2884 1216 est
2906 1163 3355 1236 mulier,corpus
3377 1166 3480 1221 viri
3505 1171 3595 1223 est
3614 1169 3766 1236 (Gen.

2116 1248 2179 1313 ιι)
2215 1263 2226 1300 :
2265 1270 2291 1295 ››
2316 1247 2530 1303 idcirco
2563 1247 2620 1302 in
2655 1249 2890 1305 nomine
2912 1249 3167 1306 virorum
3193 1254 3772 1325 comprehenduntur

2115 1338 2174 1388 et
2205 1335 2498 1390 mulieres.
2533 1337 2825 1392 Cadavera
2873 1343 3069 1393 autem
3120 1340 3504 1411 appellantur,
3539 1345 3680 1416 quia
3710 1345 3769 1400 in

2115 1427 2390 1477 zetcrnam
2425 1424 2635 1479 cadent
2667 1426 3125 1481 damnationem.
3154 1426 3316 1482 Unde
3345 1433 3401 1483 et
3434 1430 3541 1502 ipsi
3565 1433 3774 1490 dzemo-

2117 1527 2221 1566 nes
2253 1511 2534 1567 cadavera
2564 1512 2674 1568 dici
2710 1518 2977 1585 possunt,
3025 1514 3123 1586 qui
3176 1515 3451 1573 similiter
3481 1519 3537 1573 in
3571 1537 3772 1592 poenas

2115 1598 2393 1671 gehennae
2423 1600 2823 1656 cadent.Unde
2853 1604 2910 1656 et
2939 1619 2972 1656 a
3002 1601 3250 1658 Domino
3283 1605 3657 1677 appellantur
3677 1608 3775 1665 ho-

2117 1688 2326 1744 mines.
2361 1711 2389 1738 «
2424 1688 2725 1754 Inimicus,
2757 1688 2968 1761 inquit,
3003 1689 3178 1745 homo
3223 1691 3344 1746 haec
3396 1693 3532 1748 fecit
3561 1696 3769 1767 (Matth.

2118 1778 2240 1850 xu).
2277 1800 2304 1826 »
2337 1799 2364 1826 «
2397 1777 2640 1834 Vermes
2687 1795 2888 1834 eorum
2943 1795 3057 1833 non
3110 1778 3456 1847 morientur,
3509 1787 3566 1838 et
3616 1783 3772 1856 ignis

2118 1885 2318 1923 eorum
2353 1884 2466 1922 non
2499 1866 2982 1940 exstinguetur,et
3012 1871 3185 1922 erunt
3215 1884 3402 1941 usque
3434 1871 3506 1925 ad
3539 1871 3775 1928 satieta-

2117 1961 2236 2012 tcm
2268 1955 2511 2012 visionis
2542 1955 2701 2011 omni
2731 1955 2912 2011 carni.
2951 1977 2977 2004 ››
3007 1955 3216 2011 Vernis
3265 1961 3323 2013 et
3372 1957 3525 2030 ignis
3557 1959 3614 2014 in
3662 1961 3772 2018 hoc

2117 2045 2242 2102 loco
2274 2049 2465 2118 potest
2493 2043 2737 2118 intelligi
2790 2044 3149 2102 conscientia
3199 2052 3592 2118 peccatorum,
3641 2067 3771 2123 qua;

2117 2138 2564 2206 torquetomnes
2583 2133 2638 2188 in
2659 2151 2725 2189 su
2733 2133 2966 2205 pplieiis
2978 2133 3536 2208 constitutos,quare
3558 2138 3614 2193 in
3636 2157 3775 2212 prte‘

2120 2223 2268 2279 senti
2303 2222 2512 2279 saeculo
2559 2223 2717 2279 vitiis
2764 2223 3100 2291 servientes,
3128 2225 3421 2281 caruerint
3464 2228 3616 2284 bono
3669 2246 3773 2302 pro

2120 2329 2234 2384 quo
2279 2316 2811 2368 remunerarentur.
2865 2311 3027 2367 Unde
3079 2312 3333 2383 quodam
3383 2313 3508 2369 loco
3558 2316 3777 2372 dicitur

2121 2401 2205 2455 sic
2240 2418 2251 2454 :
2286 2400 2469 2455 Tinea
2497 2400 2750 2455 comedit
2780 2399 3219 2466 vestimentum,
3253 2404 3311 2455 et
3338 2403 3555 2458 vermis
3586 2421 3773 2460 corro-

2121 2489 2209 2543 dit
2237 2488 2484 2561 lignum,
2518 2493 2574 2544 et
2628 2487 2782 2560 ignis
2825 2489 3063 2544 devorat
3116 2488 3276 2562 ligna
3311 2508 3322 2545 :
3358 2489 3443 2546 sic
3475 2509 3688 2548 mceror
3716 2498 3776 2550 et

2121 2577 2362 2633 tristitia
2391 2578 2682 2632 excruciat
2711 2594 2810 2632 cor
2833 2577 3084 2632 viri.lstc
3116 2577 3270 2651 ignis
3294 2596 3406 2634 non
3439 2581 3776 2656 eistingue-

2121 2670 2237 2732 tur,
2271 2670 2327 2720 et
2375 2665 2586 2720 vermis
2637 2682 2751 2720 non
2803 2666 3104 2732 morietur,
3139 2666 3278 2737 quia
3310 2666 3393 2722 illi
3426 2670 3776 2727 aeternaliter

2122 2755 2182 2809 in
2213 2753 2400 2826 pmnis
2432 2753 2772 2819 manebunt,
2809 2758 2866 2810 et
2895 2769 3127 2826 semper
3155 2754 3391 2826 propria
3419 2758 3776 2814 conscientia

2120 2843 2568 2914 torquebuntur.
2603 2843 2795 2898 Potest
2821 2847 2880 2898 et
2910 2843 2988 2897 ita
3020 2843 3287 2916 intelligi,
3321 2848 3386 2899 ut
3413 2846 3685 2902 credatur
3713 2848 3770 2902 in

2124 2932 2348 2987 inferno
2380 2930 2532 3003 ignis
2562 2948 2689 2986 esse
2720 2930 3063 2999 materialis,
3106 2935 3163 2987 et
3211 2933 3425 2988 vermis
3476 2934 3770 3004 similiter,

2123 3021 2222 3093 qui
2273 3021 2587 3075 comedunt
2616 3023 2673 3075 et
2703 3021 2981 3075 devorant
3031 3020 3263 3076 illorum
3313 3038 3554 3094 corpora
3587 3041 3600 3078 :
3640 3023 3776 3080 licet

2122 3109 2360 3180 quidam
2396 3108 2541 3165 falso
2573 3108 2827 3164 dixerint
2855 3125 3067 3180 corpus
3099 3125 3333 3164 aereum
3364 3127 3490 3166 esse
3517 3115 3651 3182 post
3679 3127 3777 3184 ge-

2123 3198 2377 3254 neralem
2412 3197 2920 3261 resurrectionem,
2950 3201 3008 3252 et
3036 3197 3095 3252 in
3129 3202 3333 3254 tenues
3363 3215 3536 3254 auras
3567 3200 3775 3257 dissol-

356 3305 532 3360 pravo
563 3305 752 3361 opere,
787 3287 906 3344 illic
935 3288 1258 3361 requiescet
1287 3271 1347 3345 in
1381 3294 1594 3347 aeterna
1625 3271 2004 3349 beatitudine.
2043 3271 2086 3337 (ί
2121 3288 2398 3344 vendum.
2435 3285 2652 3341 Idcirco
2683 3291 2877 3342 autem
2909 3286 3123 3342 vermis
3153 3303 3354 3342 eorum
3402 3305 3520 3344 non
3569 3289 3776 3345 morie-

363 3401 384 3427 α
420 3377 625 3432 Veniet
663 3377 856 3434 omnis
909 3395 1063 3445 caro,
1117 3382 1181 3434 ut
1227 3380 1428 3435 adoret
1455 3397 1650 3436 coram
1685 3381 1826 3438 facie
1858 3401 2006 3457 mea,

359 3465 504 3538 dicit
533 3466 838 3523 Dominus.
875 3489 902 3516 »
933 3468 1050 3523 Hoc
1081 3467 1411 3539 specialiter
1440 3474 1629 3541 potest
1674 3471 1900 3527 referrri
1936 3473 2007 3528 ad

359 3553 595 3619 electos,
624 3559 681 3610 et
713 3555 1060 3630 generaliter
1107 3557 1178 3611 ad
1227 3573 1399 3612 omne
1442 3573 1628 3630 genus
1658 3559 2006 3616 humanum.

365 3642 570 3697 Veniet
599 3643 830 3716 (inquit)
865 3645 1057 3701 omnis
1088 3663 1242 3714 caro,
1277 3644 1332 3700 id
1367 3651 1458 3702 cst
1486 3647 1679 3703 omnis
1709 3648 1928 3704 electus
1949 3649 2008 3704 in

358 3731 452 3785 dic
475 3731 707 3802 judicii,
743 3738 806 3789 ut
836 3735 1039 3790 adoret
1086 3751 1281 3790 coram
1333 3735 1478 3790 facie
1529 3754 1677 3803 mea,
1707 3737 1767 3792 id
1817 3742 1907 3792 est
1948 3737 2008 3792 in

355 3817 667 3889 praesentia
697 3839 829 3876 mea
858 3839 1090 3893 semper
1113 3839 1126 3876 :
1149 3822 1236 3876 vel
1268 3822 1327 3876 in
1359 3823 1487 3894 ipso
1509 3823 1755 3894 judicio,
1785 3829 1841 3880 et
1874 3825 2010 3894 boni

353 3910 411 3962 et
439 3905 580 3960 mali
637 3907 847 3962 timore
879 3892 1256 3964 inenarrabili
1309 3892 1620 3981 perterriti,
1684 3892 2013 3969 adorabunt

353 3993 777 4066 omnipotentis
807 3993 906 4049 Dei
939 3997 1282 4066 potentiam,
1317 4001 1640 4056 secundum
1674 4001 1818 4057 illud
1845 4003 2010 4058 :«Vi-

354 4082 516 4138 debit
545 4081 738 4138 omnis
769 4099 903 4138 caro
935 4081 1192 4140 salutare
1225 4085 1343 4153 Dei,
1379 4086 1436 4142 id
1480 4093 1570 4144 est
1611 4090 1806 4146 omnis
1836 4091 2010 4148 homo

353 4171 481 4244 (15a.
519 4173 628 4240 LX).
657 4193 685 4219 ››

2118 3381 2236 3444 tur,
2268 3381 2324 3432 et
2355 3375 2508 3448 ignis
2540 3393 2654 3431 non
2694 3375 3118 3448 exstinguetur,
3170 3375 3307 3448 quia
3353 3393 3488 3433 esca
3537 3376 3773 3434 illorum

2118 3470 2290 3522 erunt
2320 3482 2525 3521 omnes
2557 3464 2808 3538 reprobi,
2841 3468 2898 3519 et
2925 3481 2993 3518 ex
3023 3464 3167 3536 ipsis
3199 3465 3462 3536 reprobis
3506 3465 3616 3521 erit
3647 3484 3770 3522 ma-

2118 3555 2294 3610 teries
2329 3554 2480 3626 ignis
2513 3558 2569 3608 et
2599 3551 2831 3618 vermis,
2866 3551 2965 3623 qui
3014 3550 3218 3612 tandiu
3267 3552 3467 3607 vivunt
3504 3555 3765 3625 quandiu

2118 3645 2336 3699 habent
2367 3641 2668 3698 materiam
2701 3659 2816 3712 qua
2846 3645 3178 3711 pascantur.
3219 3641 3379 3707 Quod
3433 3646 3629 3696 autem
3689 3660 3774 3698 se-

2120 3732 2340 3803 quitur,
2391 3735 2563 3785 erunt
2609 3746 2812 3784 omnes
2857 3729 3086 3800 reprobi
3139 3746 3324 3802 usque
3372 3729 3444 3784 ad
3498 3730 3768 3787 satiatem

2119 3821 2361 3877 visionis
2390 3819 2548 3876 omni
2584 3818 2766 3884 carni,
2800 3818 2856 3873 id
2891 3821 2980 3872 est
3009 3819 3166 3873 omni
3216 3817 3416 3885 electo,
3463 3819 3774 3892 tripliciter

2121 3909 2364 3982 intelligi
2415 3912 2604 3980 potest
2635 3926 2648 3962 :
2679 3907 2765 3962 vel
2807 3907 2945 3979 quia
2996 3907 3055 3962 in
3105 3907 3212 3963 hoc
3263 3907 3578 3963 satiabitur
3627 3909 3774 3966 visio

2120 3999 2434 4054 electorum
2466 3997 2622 4069 quod
2655 3996 2907 4052 viderint
2935 4013 3034 4051 eos
3066 4013 3099 4051 a
3129 4013 3190 4050 se
3211 3995 3376 4066 justo
3403 3996 3630 4068 judicio
3671 3997 3771 4054 Dei

2119 4091 2442 4160 separatos,
2476 4090 2533 4140 et
2564 4084 2886 4158 potentiam
2935 4083 3215 4140 amissam
3246 4101 3426 4156 quam
3458 4088 3771 4142 tenuerant

2120 4192 2299 4247 super
2347 4175 2715 4240 innocentes;
2766 4173 2853 4229 vel
2903 4173 3042 4245 quia
3086 4172 3168 4228 ita
3213 4174 3660 4231 damnabuntur
3706 4179 3774 4231 ut

430 4281 452 4308 α
487 4260 556 4314 Et
585 4259 958 4332 egredientur
1003 4265 1062 4315 et
1107 4259 1390 4318 videbunt
1435 4265 1719 4321 cadavera
1749 4267 2009 4324 virorum
2112 4263 2261 4336 justi
2295 4262 2550 4334 amplius
2582 4261 2898 4330 nolint,nec
2927 4266 3241 4334 exposcent
3271 4262 3528 4335 amplius
3557 4263 3775 4320 vindic-

355 4347 456 4420 qui
486 4348 846 4420 praevaricati
879 4353 1019 4404 sunt
1048 4348 1107 4405 in
1143 4366 1254 4407 me.
1290 4373 1318 4400 »
1353 4351 1440 4406 Illi
1486 4353 1583 4425 qui
1616 4355 2007 4426 egredientur.

357 4435 523 4492 electi
545 4437 918 4494 solummodo
941 4437 2011 4516 intelliguntur.Egredientur(inquit)

357 4523 519 4579 electi
554 4543 669 4580 non
699 4524 848 4592 loco,
881 4527 980 4582 sed
1013 4525 1362 4600 intelligent,
1414 4527 1502 4584 vel
1551 4528 1772 4585 visione
1821 4533 2010 4586 mani-

357 4611 524 4676 festa,
557 4616 622 4666 ut
653 4613 709 4668 in
743 4613 947 4670 laudes
981 4615 1079 4670 Dei
1115 4614 1302 4688 magis
1335 4617 1826 4674 accendantur.Et
1845 4620 2000 4675 vide-

356 4699 506 4753 bunt
535 4702 815 4759 cadavera
837 4703 1093 4760 virorum
1126 4721 1242 4761 non
1273 4703 1645 4762 solummodo
1674 4707 2011 4765 Judzeorum

2120 4358 2262 4418 tam,
2313 4351 2468 4408 sicut
2514 4351 2686 4407 modo
2739 4350 2984 4415 faciunt,
3029 4352 3335 4408 dicentes:
3371 4375 3398 4401 «
3435 4352 3772 4426 Usquequo,

2119 4441 2386 4506 Domine,
2420 4457 2534 4495 non
2567 4440 2829 4495 vindicas
2869 4439 3217 4511 sanguinem
3269 4443 3537 4495 nostrum
3589 4443 3771 4514 (Apoc.

2118 4529 2242 4600 v1)?
2274 4553 2296 4580 ι
2331 4528 2433 4584 Vel
2463 4528 2521 4583 in
2556 4527 2664 4582 hoc
2709 4526 2821 4581 erit
2868 4525 3103 4580 illorum
3153 4526 3415 4593 satietas,
3467 4528 3606 4599 quia
3654 4546 3769 4586 non

2035 4642 2081 4705 Β
2121 4618 2462 4693 gaudebunt
2489 4617 2560 4670 de
2592 4615 2971 4687 reproborum
3003 4613 3400 4683 damnatione,
3427 4617 3530 4672 sed
3561 4617 3634 4672 de
3663 4634 3772 4674 sua

2123 4705 2488 4764 liberatione.
2518 4705 2720 4760 Amen.
